2210 3970
726 245 959 284 Annus
1019 245 1066 282 υ.
1127 246 1171 281 c.
1235 225 1363 284 708.
1852 236 1955 289 765

135 378 331 442 βιβλίον
355 376 710 424 Ἀντικάτων
739 375 1101 441 ἐπιγέγραπται.
1165 379 1258 422 Καὶ
1284 374 1591 430 σπουδαστάς
1620 375 1725 434 ἔχει
1754 377 1848 423 τῶν
1871 381 1954 427 λό-

137 477 231 524 γων
266 459 488 523 ἑκάτερος
533 457 620 504 διὰ
651 459 872 521 Καίσαρα
900 461 982 503 καὶ
1016 457 1223 503 Κάτωνα
1249 457 1474 509 πολλούς.
1507 453 1624 501 eonf.
1651 472 1689 500 c.
1713 459 1755 501 3.
1779 459 1826 501 2.
1890 458 1958 503 ld.

136 539 222 585 cic.
254 554 290 585 c.
310 541 383 584 39.
417 542 458 584 2.
493 541 583 583 Ἐκ
617 537 670 585 δέ
706 542 884 586 τούτου
925 536 1134 584 διετέλει
1168 537 1322 597 τιμῶν
1354 538 1437 582 καὶ
1478 536 1955 597 φιλοφρονούμενος,

137 618 260 666 ὥστε
309 621 390 665 καὶ
430 618 670 681 γράψαντι
713 620 854 682 λόγον
886 616 1123 682 ἐγκώμιον
1170 617 1397 667 Κάτωνος
1431 612 1736 677 ἀντιγράφων
1786 617 1874 661 τόν
1901 631 1954 662 τε

133 700 276 763 λόγον
309 698 464 745 αὐτοῦ
495 701 576 745 καὶ
613 698 699 744 τὸν
733 696 841 758 βίον
876 697 939 750 ὡς
971 696 1187 758 μάλιστα
1219 694 1283 757 τῷ
1315 692 1609 756 Περικλέους
1639 691 1843 740 έοικότα
1869 698 1953 741 καὶ

133 776 439 840 Θηραμένους
471 775 704 824 ἐπαινεῖν.
785 780 838 823 ‘O
862 775 949 838 μέν
983 770 1069 823 οὖν
1099 772 1372 836 Κικέρωνος
1400 773 1544 835 λόγος
1575 772 1806 829 Κάτων,
1841 773 1868 819 o‘
1899 772 1955 821 δέ

133 860 382 920 Καίσαρος
415 857 771 903 Ἀντικάτων
803 854 1167 919 έπιγέγραπται.
1233 852 1413 912 Appian.
1447 854 1492 895 B.
1511 853 1554 896 C.
1575 863 1623 896 11.
1652 867 1689 896 c.
1708 854 1781 897 99.
1814 853 1956 900 Κικέ-

134 952 281 1000 ρωνος
304 933 359 983 δέ
383 935 676 994 ποιήσαντος
699 932 938 998 ἐγκώμιον
964 932 1013 987 ἐς
1032 931 1207 989 αὐτὸν,
1243 933 1323 976 καὶ
1344 927 1697 993 ἐπιγράψαντος
1722 933 1952 991 Κάτων,

134 1014 399 1080 ἀντέγραψε
447 1017 734 1079 κατηγορίαν
782 1013 809 1060 ὁ
851 1018 1045 1076 Καῖσαρ
1063 1048 1073 1067 ,
1144 1013 1224 1057 καὶ
1269 1007 1535 1072 ἐπέγραψεν
1578 1012 1955 1060 Ἀντικάτων.

130 1094 209 1140 nio
235 1106 364 1141 nm.
397 1109 432 1139 c.
461 1097 538 1139 13.
575 1097 615 1138 4.
647 1091 789 1141 Οὕτω
828 1092 878 1151 (o'
901 1094 1118 1151 Καῖσαρ)
1154 1088 1306 1137 αὐτὸν
1347 1088 1458 1148 (τὸν
1482 1090 1712 1149 Κάτωνα)
1754 1089 1954 1139 ἐτεθαυ-

129 1175 274 1236 μάκει
303 1173 425 1222 ὥστε
453 1178 540 1221 τοῦ
567 1172 845 1236 Κικέρωνος
873 1170 1112 1237 ἐγκώμιον
1137 1170 1258 1231 μετά
1293 1171 1449 1213 ταῦτα
1476 1168 1592 1228 [post
1621 1179 1804 1216 mortem
1832 1174 1958 1218 Cato·

131 1253 243 1314 nis]‚
277 1254 433 1302 αὐτοῦ
465 1259 736 1318 γράψαντος
764 1252 1093 1316 ἀγανακτῆσαι
1122 1248 1209 1311 μὲν
1235 1247 1406 1311 μηδὲν,
1443 1252 1616 1311 καίπερ
1649 1251 1730 1295 καὶ
1764 1247 1955 1297 ἐκείνου

133 1331 182 1379 οἱ
223 1333 728 1395 προσπολεμῆσαντος,
765 1331 961 1393 βιβλίον
993 1331 1046 1378 δέ
1081 1349 1128 1377 τι
1162 1332 1341 1394 γράψαι
1378 1329 1406 1376 ὃ
1440 1332 1521 1375 καὶ
1554 1331 1653 1373 'Ar
1668 1332 1956 1376 testatiora

131 1412 376 1459 exaltaver.
439 1414 615 1456 Sueton.
645 1417 755 1472 Aug.
783 1427 820 1455 c.
841 1414 912 1455 85.
945 1410 1091 1455 Multa
1117 1410 1235 1453 varii
1258 1409 1435 1470 generis
1455 1424 1594 1470 prosa
1619 1409 1817 1452 oratione
1842 1426 1957 1454 com-

119 1491 311 1553 posuit,
354 1506 410 1536 ex
441 1489 603 1552 quibus
634 1488 847 1534 nonnulla
878 1489 927 1533 in
959 1496 1083 1533 coetu
1106 1486 1449 1546 familiarium,
1494 1484 1617 1529 velut
1648 1484 1696 1529 in
1732 1484 1958 1531 auditorio

127 1569 360 1614 recitavit:
393 1570 513 1615 sicut
537 1568 770 1628 Rescripta
796 1567 939 1610 Bruto
969 1565 1021 1611 cle
1052 1567 1225 1611 Catone.
1289 1562 1373 1609 Csr.
1404 1561 1517 1608 Frid.
1549 1561 1812 1620 Schneider,
1849 1566 1956 1611 Con·

128 1643 301 1688 iectura
327 1642 380 1688 de
411 1645 613 1689 Mlum’i
629 1646 766 1688 Bruti
798 1646 855 1688 M.
885 1644 1040 1688 Porcio
1078 1646 1249 1687 Catone.
1281 1642 1356 1687 in:
1390 1638 1637 1686 Zeitschrist
1669 1639 1740 1685 fiir
1773 1641 1844 1687 die
1877 1643 1954 1689 Al·

126 1718 638 1767 terthumswissensehaft
678 1724 810 1766 1842.
840 1738 881 1783 p.
901 1723 986 1765 891
1015 1736 1105 1782 sqq.

206 1806 292 1884 (¹⁰)
335 1806 590 1863 Absoluto
645 1809 832 1864 Catone
875 1809 1060 1863 Cicero
1114 1807 1295 1861 statim
1361 1806 1627 1862 Oratorem
1671 1825 1957 1882 aggressus

125 1914 241 1974 est,
296 1909 349 1964 in
396 1926 502 1982 quo
544 1909 767 1983 perlecti
808 1910 1035 1966 oratoris
1080 1908 1370 1980 imaginem
1410 1911 1705 1982 proposuit.
1782 1913 1953 1984 Qnem

122 2007 322 2064 librum
358 2010 576 2083 scripsit
600 2010 675 2065 -ad
708 2011 775 2066 M.
799 2012 1062 2075 Brutum,
1103 2010 1196 2082 qui
1234 2009 1304 2083 (v.
1328 2008 1395 2063 ad
1414 2026 1463 2064 a.
1490 2014 1618 2070 707.
1658 2012 1765 2086 15.)
1803 2030 1951 2086 prae-

125 2107 298 2166 fectus
337 2117 453 2166 erat
492 2111 691 2167 Galliae
723 2112 1038 2185 Cisalpinae.
1083 2129 1156 2167 1x.
1202 2128 1247 2165 o.
1273 2115 1342 2165 27
1375 2128 1453 2183 sq.

188 2203 273 2248 cic..
300 2205 419 2248 Orat.
444 2219 479 2248 c.
499 2205 540 2248 2.
577 2207 617 2247 7.
651 2205 792 2265 Atque
824 2219 901 2265 ego
929 2204 977 2247 in
1007 2218 1176 2247 summo
1203 2209 1375 2247 oratore
1406 2201 1614 2264 fingendo
1647 2202 1781 2248 talem
1806 2204 1955 2265 infor·

122 2281 278 2338 mabo,
310 2280 461 2343 qualis
475 2280 682 2340 fortasse
714 2296 836 2325 nemo
859 2280 979 2340 suit.
1041 2283 1135 2325 Non
1167 2281 1281 2325 enim
1308 2295 1501 2342 quaero,
1533 2281 1636 2341 quis
1654 2280 1840 2339 suerit,
1873 2282 1956 2328 sed

121 2359 236 2423 quid
262 2361 326 2405 sit
353 2357 494 2415 illud,
528 2375 613 2420 quo
636 2358 756 2403 nihil
772 2360 923 2421 possit
950 2374 1045 2404 esse
1061 2360 1375 2420 praestantius
1406 2385 1490 2403 —.
1555 2374 1592 2403 c.
1610 2360 1683 2404 29.
1714 2362 1815 2405 101.
1850 2360 1951 2423 Ego

120 2438 236 2483 enim
253 2469 266 2491 ‚
302 2435 414 2499 quid
437 2435 676 2482 desiderem
692 2470 706 2493 ‚
738 2453 847 2494 non,
883 2435 996 2498 quid
1013 2436 1197 2482 viderim
1216 2470 1228 2492 ‚
1262 2435 1466 2498 disputa,
1500 2435 1712 2497 redeoque
1738 2436 1802 2481 ad
1822 2436 1950 2483 illam

117 2514 326 2562 Platonis
357 2542 415 2549 —
449 2516 516 2560 rei
537 2514 738 2575 formam
771 2523 814 2561 et
850 2517 1063 2578 speciem.
1107 2531 1238 2576 quam
1272 2515 1360 2559 etsi
1402 2530 1487 2559 uon
1519 2516 1766 2572 cernimus,
1800 2525 1946 2563 tamen

117 2595 264 2640 animo
297 2601 441 2640 tenere
467 2610 719 2657 possumus.
782 2595 877 2638 Non
903 2595 1019 2638 enim
1043 2594 1317 2655 eloquentem
1343 2610 1505 2655 quaero
1536 2612 1675 2656 neque
1701 2596 1945 2657 quidquam

117 2672 306 2718 mortale
337 2680 380 2718 et
411 2672 654 2730 caducum,
698 2671 779 2717 sed
807 2672 928 2717 illud
954 2673 1125 2733 ipsum,
1159 2673 1289 2717 cuius
1320 2674 1400 2733 qui
1430 2673 1494 2718 sit
1525 2690 1729 2735 compos,
1762 2675 1825 2719 sit
1857 2675 1945 2720 elo·

116 2766 284 2812 quens‚·
314 2751 434 2813 quod
461 2751 581 2796 nihil
609 2760 677 2797 est
708 2751 866 2809 aliud,
899 2753 991 2796 nisi
1025 2751 1275 2812 eloquentia
1311 2751 1439 2808 ipsa,
1487 2769 1621 2813 quam
1655 2752 1823 2810 nullis,
1854 2755 1949 2799 nisi

117 2829 279 2873 mentis
310 2828 452 2873 oculis
483 2828 629 2874 videre
651 2846 909 2891 possumus.
973 2829 1163 2888 Quintil.
1195 2841 1223 2873 1.
1253 2844 1287 2873 c.
1308 2832 1378 2873 10.
1413 2832 1454 2873 4.
1506 2831 1561 2873 M.
1594 2830 1741 2875 Cicero
1778 2833 1947 2894 scripto

117 2904 180 2950 ad
209 2906 400 2950 Brutum
434 2905 546 2950 libro
569 2907 861 2968 frequentius
889 2914 1106 2958 testatur,
1138 2921 1223 2949 uon
1251 2922 1350 2949 eum
1376 2922 1405 2949 a
1431 2906 1557 2950 nobis
1589 2908 1775 2954 institui
1799 2919 1947 2956 orato·

115 3001 237 3041 rem,
270 2987 350 3048 qui
380 2986 473 3040 sit,
506 2993 587 3030 aut
604 2983 783 3043 suerit:
817 2982 897 3027 sed
926 2983 1162 3043 imaginem
1202 2982 1440 3042 quamdam
1461 2987 1710 3046 concepisse
1741 3003 1822 3031 nos
1847 2989 1946 3033 ani·

117 3080 187 3108 mo
200 3063 400 3126 perfecti
426 3063 579 3118 illius,
613 3079 670 3106 ea·
695 3061 824 3106 nulla
845 3069 976 3122 parte
1008 3063 1238 3107 cessantis.
1304 3061 1366 3106 ld.
1388 3075 1447 3107 lx.
1465 3078 1500 3106 c.
1522 3066 1562 3106 3.
1582 3066 1655 3106 90.
1689 3067 1747 3108 Μ.
1769 3065 1948 3111 Tullius

28 3188 30 3190 ,
118 3143 288 3188 mtcltas
314 3144 362 3188 iu
403 3142 534 3187 tertio
571 3140 623 3185 de
665 3141 848 3184 Oratore
882 3139 992 3183 libro
1019 3141 1176 3199 posuit
1206 3139 1451 3198 (verborum
1476 3140 1713 3200 figuras),
1753 3159 1867 3203 quas
1895 3145 1946 3189 in

125 3223 335 3278 Oratore,
359 3228 521 3282 postea
553 3219 719 3280 scripto
736 3248 749 3269 ‚
785 3217 1050 3263 transeundo
1077 3216 1251 3261 videtur
1276 3218 1372 3278 ipse
1404 3217 1648 3262 damnasse.

195 3307 280 3384 (¹1)
324 3307 403 3363 Ad
438 3305 683 3362 eumdem
722 3305 864 3360 hune
899 3322 1100 3360 annum
1136 3303 1444 3359 referendae
1477 3304 1730 3360 videntur
1770 3307 1943 3363 Parti-

57 3479 62 3482 ῃ
119 3409 278 3464 tiones
308 3407 594 3467 oratoriae,-
636 3423 740 3478 quo
774 3423 1016 3462 sermone
1051 3407 1114 3460 M.
1140 3406 1307 3461 filium
1340 3422 1520 3470 sec-um
1553 3406 1939 3481 colloquentem

120 3510 348 3566 induxit.
393 3528 460 3566 ix.
505 3528 549 3564 e.
577 3512 662 3562 26.
707 3512 792 3565 78.
