2150 3990
256 215 357 264 160
857 228 1063 266 ctcnno
1111 228 1179 265 nn
1221 227 1356 265 ver
1396 228 1498 265 sm

247 359 443 414 studiis
481 359 834 415 humanitatis
873 378 934 415 ac
975 361 1278 416 litterarum
1318 360 1495 433 paullo
1534 358 1678 429 loqui
1714 357 1972 423 liberiuS,
2012 367 2066 414 et

248 460 583 529 ineiusmodi
616 478 870 532 persona,
909 478 1074 533 quae,
1109 458 1326 533 propter
1363 461 1535 514 otium
1567 475 1630 514 36
1651 458 1892 514 studium
1913 490 1929 523 ⁵
1967 460 2065 512 mi-

246 560 389 614 nime
422 560 478 612 in
520 560 734 615 iudiciis
767 562 1125 633 periculisque
1164 568 1393 616 tractata
1433 566 1577 623 erat,
1617 560 1698 613 uti
1735 576 1900 631 prope
1932 575 2065 612 novo

244 658 476 731 quodam
522 666 577 714 et
622 660 880 715 inusitato
931 678 1123 731 genere
1163 661 1392 715 dicendi.
1471 659 1623 727 Quod
1656 675 1822 730 quum
1861 658 1995 712 mihi
2037 675 2067 712 a

246 759 515 831 iudicibus
549 761 716 814 tribui
755 761 1080 832 concedique
1118 761 1404 825 sentirem,
1442 759 1674 832 perfeci,
1716 765 1777 814 ut
1814 759 1877 813 A.
1910 759 2069 813 Lici·

245 861 419 916 nium
453 860 754 915 Archiam
787 876 894 913 non
932 859 1088 914 modo
1127 877 1232 914 non
1266 860 1687 930 segregandum,
1726 876 1894 932 quum
1927 864 2068 913 esset

244 962 412 1024 civiS,
453 977 484 1015 a
516 977 740 1014 numero
777 960 1010 1024 civium,
1049 977 1237 1015 verum
1273 961 1472 1025 etiam,
1521 962 1568 1015 si
1606 978 1712 1015 non
1740 967 1910 1024 esset,
1949 959 2064 1030 qui-

242 1061 323 1114 vis
361 1066 576 1131 putaret
621 1059 994 1116 asciscendum
1047 1059 1228 1115 fuisse.
1308 1059 1507 1116 Caussa
1528 1067 1544 1099 ¹
1605 1066 1720 1115 erat
1765 1059 2064 1122 eiusmodi,

241 1177 377 1233 quae
442 1161 699 1218 beneficio
755 1161 925 1232 legiS,
1003 1162 1325 1224 auctoritate
1389 1162 1703 1235 municipii,
1761 1160 2065 1217 testimonio

240 1260 484 1327 Luculli,
524 1261 721 1318 tabulis
752 1261 957 1317 Metelli⁴
987 1261 1440 1335 comprobaretur.

314 1463 402 1518 vl.
486 1469 570 1519 15.
613 1464 745 1520 Vide
765 1471 804 1529 ²,
843 1481 980 1539 quae
1018 1465 1128 1519 sint
1159 1471 1342 1536 postea
1373 1470 1677 1519 consecuta.
1757 1460 1951 1517 Consul
1984 1467 2065 1514 est

240 1563 522 1634 impositus
561 1565 608 1618 is
647 1564 798 1619 nobis
818 1606 834 1628 ,
875 1580 1036 1635 quem
1073 1580 1230 1619 nemo
1247 1605 1265 1629 ,
1303 1569 1518 1639 praeter
1555 1579 1653 1616 nos
1689 1560 2026 1633 philosophos
2047 1602 2062 1625 ,

239 1663 477 1733 aspicere
498 1664 614 1717 sine
634 1663 910 1734 suspiratu
940 1670 1136 1734 posset.
1215 1662 1488 1730 Quantum
1508 1661 1612 1717 hoc
1630 1661 1857 1718 vulnus!
1898 1661 2064 1717 Facto

237 1762 702 1817 senatusconsulto
741 1762 806 1817 de
845 1762 1054 1817 ambitu
1073 1799 1101 1828 ,;
1129 1761 1195 1817 de
1224 1762 1444 1820 iudiciis
1463 1801 1482 1827 ,
1520 1761 1669 1816 nulla
1703 1761 1792 1816 lex
1829 1760 2063 1833 perlata,

236 1863 542 1933 exagitatus
581 1868 800 1917 senatus
819 1903 836 1927 ,
877 1861 1337 1934 alienati‘equites
1382 1862 1626 1917 Romani.
1707 1861 1795 1916 Sic
1834 1860 1923 1916 ille
1973 1877 2063 1915 an·

238 1977 342 2020 nus
376 1961 482 2017 duo
516 1961 856 2030 firmamenta
893 1962 1247 2034 reipublicae,
1284 1979 1381 2035 per
1411 1979 1499 2018 me
1539 1950 1710 2016 unum
1737 1962 2030 2016 constituta
2051 2003 2065 2026 ,

239 2062 467 2116 evertit:
522 2079 647 2116 nam
680 2069 734 2117 et
755 2068 991 2117 senatus
1030 2062 1408 2117 auctoritatem
1456 2061 1685 2126 abiecit,
1725 2067 1779 2115 et
1817 2061 2066 2115 ordinum

238 2162 579 2216 concordiam
601 2163 882 2218 disiunxit.
966 2167 1051 2217 14.
1094 2162 1342 2218 Vidimus
1362 2168 1384 2202 ³
1410 2163 1580 2234 igitur
1608 2163 1676 2217 M.
1698 2162 1944 2216 Pisonem
1965 2199 1979 2226 ,
2014 2163 2068 2216 in

240 2262 343 2316 ista
364 2261 635 2317 aedilitate
655 2262 923 2334 quondam
940 2261 1327 2318 offensiuncula
1346 2269 1588 2335 accepta,
1603 2279 1840 2317 summos
1855 2279 1885 2317 a
1905 2278 2066 2335 popu-

237 2361 288 2415 lo
309 2361 546 2425 Romano
566 2363 793 2418 honores
814 2363 1083 2435 adeptum.
1115 2363 1310 2418 Consul
1326 2369 1352 2401 >⁴
1373 2370 1554 2418 autem
1574 2381 1737 2435 parvo
1757 2364 1935 2418 animo
1965 2362 2069 2417 suit

240 2467 292 2533 et
311 2479 511 2534 pravo,
552 2469 766 2517 tantum
801 2463 1077 2518 cavillator
1109 2480 1304 2534 genere
1338 2464 1427 2518 illo
1460 2482 1699 2530 moroso,
1739 2465 1880 2537 quod
1901 2465 2064 2519 etiam

240 2561 354 2616 sine
376 2562 660 2621 dicacitate
682 2562 914 2624 ridetur;
954 2562 1088 2618 facie
1110 2565 1282 2634 magis
1298 2607 1312 2628 ‚
1351 2581 1514 2636 quam
1537 2564 1744 2619 facetiis
1771 2564 2033 2618 ridiculus
2057 2583 2067 2621 ;

240 2661 375 2715 nihil
414 2679 577 2733 agens
598 2679 723 2726 cum
743 2661 1051 2733 republica;
1092 2664 1369 2719 seiunctus
1389 2664 1456 2719 ab
1475 2665 1856 2736 optimatibus:
1898 2680 1929 2717 a
1961 2680 2066 2734 quo

240 2760 385 2824 nihilx
415 2778 593 2832 speres
633 2762 757 2815 honi
790 2761 1150 2833 reipublicae,
1188 2764 1317 2835 quia
1356 2781 1460 2818 non
1500 2764 1643 2828 vult,
1681 2764 1815 2817 nihil
1856 2770 2064 2818 metuas

241 2860 398 2924 mali,
438 2861 566 2932 quia
598 2878 703 2915 non
737 2861 914 2916 audet.
994 2862 1127 2917 Eius
1176 2869 1358 2918 autem
1403 2863 1603 2934 collega
1641 2870 1694 2918 et
1733 2865 1789 2917 in
1824 2880 1910 2918 me
1947 2881 2064 2936 per—

240 2960 566 3021 honorificus
600 2969 654 3016 et
693 2964 929 3034 partium
951 2963 1222 3018 studiosus
1251 2982 1313 3019 ac
1335 2964 1580 3020 defensor
1599 2966 1876 3019 bonarum.
1936 2965 2066 3018 Mes-

242 3061 413 3116 salla⁵
471 3063 617 3117 enim
669 3063 854 3121 consul
900 3065 1177 3135 egregiuS,
1230 3063 1419 3131 fortis,
1478 3073 1767 3129 constans,
1803 3065 2030 3135 diligens
2052 3108 2066 3129 ,
2126 3088 2131 3092 ·

241 3162 412 3215 nostri
472 3161 717 3217 laudator
737 3205 751 3227 ,
804 3169 1036 3227 amator,
1095 3164 1350 3220 imitator.
1444 3166 1536 3220 Ille
1587 3165 1721 3220 alter
1772 3181 1878 3218 uno
1937 3165 2067 3217 vitio

305 3426 342 3482 ¹)
376 3422 485 3467 lbid.
521 3438 554 3466 c.
591 3426 662 3468 12.
698 3427 811 3481 353³.
846 3449 905 3457 —
938 3427 976 3483 2)
1011 3423 1062 3469 ad
1092 3428 1180 3470 Att.
1218 3429 1245 3468 Ι.
1275 3428 1346 3469 18.
1381 3428 1465 3484 53.
1498 3452 1556 3460 —
1590 3427 1628 3482 ⁵)
1662 3439 1735 3484 pro
1755 3423 1921 3469 Plancio
1942 3427 2066 3469 c.21.

243 3505 357 3560 §51.
393 3527 450 3535 -
482 3502 523 3560 4)
559 3500 610 3545 ad
641 3506 732 3546 Λα.
771 3505 798 3545 1.
836 3505 905 3547 13.
936 3504 1020 3559 55⁰.
1054 3530 1107 3537 -
1145 3506 1185 3562 ⁵)
1218 3503 1270 3548 ad
1299 3506 1390 3547 Att.
1426 3506 1457 3548 1.
1489 3505 1559 3548 14.
1595 3505 1676 3561 §a
