2150 3990
167 235 273 289 242
747 251 954 287 menno
1002 249 1070 286 DE
1124 248 1262 285 V1TA
1316 247 1421 283 SUA

163 389 231 435 to
263 380 425 436 orbe
459 388 820 438 terrarum>
848 384 1159 438 daretur.
1228 382 1376 451 Ego¹
1413 395 1500 433 me
1527 384 1708 433 autem
1741 377 1987 450 Pompeio

163 483 330 553 legari
383 484 458 537 ita
508 501 628 538 sum
679 502 904 556 passus,
957 491 1017 538 ut
1070 482 1216 537 nulla
1255 499 1311 535 re
1353 479 1678 552 impedirer,
1730 480 1891 550 quin,
1946 481 1989 533 si

164 583 383 647 vellem,
436 583 569 638 mihi
621 591 760 638 esset
813 585 1085 654 integrum
1108 626 1121 647 ,
1174 589 1297 646 aut,
1350 582 1395 634 si
1442 580 1659 634 comitia
1709 588 1993 633 censorum

168 684 399 754 proximi
438 683 681 738 consules
715 684 1000 748 haherent,
1041 689 1249 754 petere,
1283 689 1377 736 aut
1408 681 1642 735 votivam
1674 679 1994 750 legationem

167 784 440 854 suscipere
497 799 658 853 prope
715 783 956 836 omnium
1017 781 1263 835 fanorum
1293 823 1308 846 ,
1361 782 1624 836 lucorum.
1717 779 1805 834 Sic
1851 780 1995 833 enim

169 889 382 936 nostrae
428 883 663 935 rationes
696 881 1055 952 postulabant.
1153 879 1257 934 Sed
1297 880 1440 934 volui
1473 897 1648 935 meam
1681 879 1998 951 potestatem

167 998 283 1035 esse
321 981 406 1034 ve}
437 980 687 1051 petendi,
739 980 823 1034 vel
863 981 1082 1034 ineunte
1121 985 1326 1033 aestate
1366 979 1624 1041 exeundi;
1666 985 1749 1043 et,
1794 979 1999 1033 interea

169 1096 256 1133 me
300 1096 415 1133 esse
449 1079 504 1133 in
545 1078 714 1133 oculis
750 1080 977 1144 civium,
1017 1079 1082 1134 de
1121 1096 1207 1134 me
1252 1080 1452 1151 optime
1493 1079 1842 1142 meritorum,
1894 1093 1999 1131 non

169 1180 404 1235 alienum
439 1180 640 1251 putavi.

249 1382 336 1437 Vl.
422 1385 506 1436 12.
548 1382 746 1437 Secuta
779 1387 902 1436 est2
943 1398 1154 1436 summa
1193 1380 1464 1435 contentio
1503 1380 1568 1435 de
1606 1379 1762 1433 domo
1800 1384 2000 1432 nostra.

173 1483 285 1537 Non
308 1489 329 1520 ³
375 1499 462 1537 me
513 1482 775 1536 honorum
831 1482 1089 1553 direpti0,
1142 1498 1246 1535 non
1292 1487 1561 1535 tectorum
1611 1480 1846 1542 excisio,
1899 1494 2004 1531 non

168 1582 513 1654 depopulatio
550 1582 924 1654 praediorum,
964 1596 1069 1634 non
1103 1580 1300 1652 praeda
1332 1578 1616 1634 consulum
1637 1595 1702 1632 ex
1735 1578 1871 1632 meis
1904 1576 2005 1630 for-

172 1684 322 1736 tunis
361 1682 731 1737 crudelissime
763 1687 921 1754 capta
952 1687 1322 1753 permoverat:
1361 1712 1437 1720 —·
1476 1679 1680 1735 caduca
1711 1690 1923 1750 semper
1954 1683 2009 1731 et

174 1783 392 1837 mobilia
443 1782 574 1837 haec
619 1799 734 1837 esse
787 1782 945 1847 duxi,
998 1799 1104 1836 non
1142 1782 1364 1836 virtutis
1414 1787 1576 1852 atque
1627 1779 1865 1850 ingenii,
1916 1776 2009 1832 sed

176 1883 426 1940 fortunae
473 1890 527 1938 et
577 1890 883 1955 temporum
923 1899 1178 1945 munera;
1229 1899 1461 1954 quorum
1496 1898 1597 1952 ego
1635 1897 1742 1934 non
1780 1886 1894 1934 tam
1935 1877 2007 1932 sa·

173 1985 434 2039 cultatem
475 2001 732 2056 umquam
772 1990 826 2038 et
865 1985 1073 2055 copiam
1113 1983 1463 2056 expetendam
1502 1981 1720 2055 putavi,
1759 1997 1923 2052 quam
1956 1986 2011 2033 et

172 2086 233 2137 in
263 2084 463 2138 utendo
493 2085 758 2138 rationem
786 2090 842 2138 et
875 2085 931 2138 in
972 2083 1202 2138 c'arendo
1235 2084 1575 2155 patientiam:
1617 2114 1693 2122 —
1727 2080 1821 2135 sed
1854 2079 2011 2134 domo

172 2201 274 2255 ,per
312 2183 487 2264 scelus
519 2190 732 2256 erepta,
771 2200 868 2255 per
905 2183 1249 2238 latrocinium
1289 2189 1581 2256 occupata,
1611 2199 1708 2255 per
1737 2181 2012 2252 religionis

179 2287 289 2340 vim
329 2285 643 2340 sceleratius
676 2285 840 2339 etiam
881 2284 1191 2350 aedificata,
1231 2302 1394 2357 quam
1433 2301 1648 2349 eversa,
1681 2299 1866 2338 carere
1897 2282 2013 2336 sine

181 2386 420 2440 maxima
477 2386 774 2455 ignominia
822 2385 1177 2456 reipublicae,
1235 2402 1355 2440 meo
1404 2385 1663 2440 dedecore
1714 2401 1777 2438 ac
1836 2382 2014 2437 dolore

181 2503 288 2541 non
321 2491 582 2556 poteram.
661 2485 742 2538 An
764 2488 785 2522 4
818 2502 915 2555 ego
942 2492 1150 2540 tantam
1178 2493 1272 2541 aut
1305 2488 1474 2542 animi
1498 2486 1756 2541 duritiem
1790 2484 2014 2546 habere,

183 2593 278 2642 aut
314 2586 595 2640 oculorum
629 2585 1020 2657 impudentiam
1055 2588 1284 2657 possim,
1324 2593 1414 2652 ut,
1455 2588 1611 2642 cuius
1651 2586 1800 2641 urbis
1822 2566 2013 2639 *serva-

183 2695 357 2742 torem
400 2702 489 2742 me
541 2703 658 2741 csse
702 2692 925 2741 senatus
964 2688 1205 2741 omnium
1244 2703 1470 2742 assensu
1520 2688 1679 2742 toties
1707 2685 1981 2740 iudicarit
2001 2727 2016 2750 ,

178 2791 240 2842 in
280 2805 344 2842 ea-
375 2788 573 2859 possim
615 2788 816 2842 intueri
857 2787 1075 2842 domum
1116 2805 1292 2842 meam
1332 2803 1573 2843 eversam
1595 2826 1610 2851 ‚
1662 2802 1768 2840 non
1809 2785 1875 2840 ab
1914 2786 2012 2839 ini-

186 2890 328 2943 mico
360 2905 507 2954 mee,
545 2888 640 2943 sed
673 2888 738 2942 ab
765 2888 919 2943 hoste
947 2890 1251 2952 communi,
1291 2894 1344 2942 et
1378 2887 1444 2941 ab
1471 2887 1662 2942 eodem·
1684 2891 2015 2941 exstructam

187 2996 242 3044 et
292 2991 521 3062 positam
552 2990 632 3043 vin
683 2989 852 3045 oculis
903 2990 1169 3054 civitatiS,
1223 3007 1289 3043 ne
1332 3005 1596 3061 umquam
1639 2988 2016 3059 conquiescere

188 3091 356 3162 possit
395 3089 555 3145 fletus
605 3088 900 3144 bonorum?
986 3094 1069 3144 13.
1114 3089 1201 3162 Sp.
1238 3090 1448 3156 Maelii,
1500 3105 1729 3160 regnum
1767 3093 2015 3159 appeten-

191 3192 291 3255 tis,
331 3191 521 3245 domus
567 3198 648 3245 est
689 3190 1038 3263 complanata.
1119 3190 1327 3262 Ecquid
1367 3189 1554 3245 aliud?
1607 3205 1839 3260 aequum
1880 3189 2014 3242 acci-

258 3460 295 3516 ¹)
323 3456 379 3502 ad
422 3461 515 3502 Att.
551 3461 620 3503 lv.
663 3461 705 3502 2.
740 3459 764 3516 ᾗ
798 3462 839 3502 6.
881 3485 939 3492 —-
979 3460 1018 3517 2)
1059 3457 1163 3503 lbid.
1199 3461 1283 3518 §2
1319 3487 1376 3493 -—
1410 3460 1450 3518 5)
1484 3474 1559 3522 pro
1594 3459 1730 3503 Domo
1765 3472 1844 3503 sua
1890 3472 1925 3503 c.
1945 3459 2015 3501 58.

197 3535 343 3591 §ue
378 3562 435 3569 -
467 3536 508 3593 4)
541 3534 650 3579 Ibid.
683 3550 717 3579 ο.
738 3539 811 3581 38.
843 3539 992 3594 §ioh
