2210 3970
232 237 336 290 276
831 252 1039 290 emano
1087 252 1155 288 nn
1205 249 1342 287 viu
1389 249 1494 287 suA

226 402 360 457 quos
391 387 677 457 praecipue
709 385 963 452 colerem,
1002 393 1056 440 et
1095 384 1290 456 quibus
1324 398 1523 446 essem,
1562 381 1705 435 sicut
1735 395 1885 443 sum,
1924 382 2056 436 ami-

226 486 496 540 cissimus
575 489 664 540 65.
706 485 1063 554 Quamobrem
1105 502 1135 540 a
1175 492 1228 539 te
1268 490 1417 556 peto,
1469 481 1552 536 vel
1592 481 1771 553 potius
1808 479 2058 534 omnibus

224 593 278 641 te
311 586 560 658 precibus
597 604 689 641 oro
727 594 780 642 et
819 588 1087 651 obtestor,
1141 592 1202 641 ut
1242 586 1297 639 in
1339 585 1449 639 tuis
1487 582 1741 644 maximis
1779 581 1927 636 curis
1964 579 2056 634 ali·

226 686 358 759 quid
402 687 682 759 impertias
721 689 978 759 temporis
1024 686 1152 741 huic
1201 700 1414 758 quoque
1459 682 1802 755 cogitationi,
1853 686 1919 735 ut
1967 686 2061 734 tuo

227 785 483 843 beneficio
522 785 692 840 bonus
731 786 840 850 vir,
893 793 1118 857 gratus,
1158 787 1281 857 pius
1320 784 1550 856 denique
1588 798 1705 838 esse
1743 781 1799 835 in
1839 778 2062 835 maximi
2102 801 2106 806 ·

227 887 473 943 beneficii
515 887 774 942 memoria
813 887 1027 958 possim.
1122 885 1269 953 Quae
1307 886 1353 939 si
1400 891 1614 940 tantum
1653 882 1720 937 ad
1760 899 1847 937 me
1885 882 2063 953 ipsum

229 989 591 1061 pertinerent,
642 1003 913 1059 sperarem
946 1002 1033 1040 me
1072 1002 1103 1039 a
1139 992 1195 1039 te
1233 991 1414 1039 tamen
1447 986 1900 1056 impetraturum:
1942 979 2065 1043 sed,

230 1086 293 1142 ut
325 1087 586 1152 arbitror,
626 1092 680 1142 et
713 1086 780 1143 ad
820 1093 971 1141 tuam
1007 1085 1165 1140 fidem
1200 1091 1255 1140 et
1284 1084 1351 1139 ad
1383 1082 1774 1156 rempublicam
1808 1081 2066 1154 pertinet,

234 1204 323 1242 me
355 1203 384 1242 e
415 1187 602 1262 paucis
635 1193 689 1241 et
728 1186 796 1241 ad
829 1187 1116 1258 utriusque
1154 1191 1397 1240 vestrum
1431 1179 1487 1239 et
1517 1182 1585 1238 ad
1616 1183 1819 1238 civium
1851 1196 2065 1236 concor·

229 1288 376 1344 diam
421 1303 517 1360 per
560 1293 614 1342 te
652 1304 815 1359 quam
864 1285 1484 1342 accommodatissimum
1522 1281 1846 1339 conservari.
1925 1281 2067 1352 Ego,

229 1405 399 1461 quum
443 1395 602 1443 antea
639 1388 738 1443 tibi
778 1387 844 1443 de
882 1387 1107 1442 Lentulo
1147 1386 1350 1459 gratias
1388 1385 1648 1457 egissem,
1695 1399 1865 1455 quum
1898 1382 1948 1436 ei
1986 1398 2066 1436 sa-

233 1490 371 1556 luti,
410 1491 504 1563 qui
543 1489 678 1545 mihi
717 1489 923 1554 fuerat,
963 1487 1188 1553 fuisseS,
1226 1495 1409 1542 tamen
1430 1528 1446 1551 ,
1484 1485 1641 1541 lectis
1677 1484 1797 1540 eius
1834 1481 2033 1536 litteris
2052 1523 2067 1547 ‚

236 1606 372 1661 quas
404 1589 471 1646 ad
497 1607 584 1645 me
610 1590 919 1662 gratissimo
939 1590 1119 1644 animo
1145 1588 1212 1643 de
1239 1595 1335 1643 tua
1361 1586 1684 1642 liberalitate
1707 1583 2071 1656 beneficioque

239 1690 420 1756 misit,
453 1690 697 1746 eamdem
723 1706 812 1745 me
831 1687 1062 1744 salutem
1084 1694 1190 1743 ate
1209 1687 1482 1760 accepisse
1505 1685 1722 1759 putavi,
1761 1700 1925 1758 quam
1956 1683 2073 1746 ille3

238 1792 295 1847 in
337 1806 497 1863 quem
542 1791 589 1845 si
629 1806 717 1846 me
755 1789 1014 1862 intelligis
1051 1805 1169 1844 esse
1206 1794 1423 1860 gratum
1445 1828 1461 1852 ,
1512 1802 1673 1852 cura,
1713 1785 1960 1852 obsecro,
2007 1792 2070 1841 ut

236 1892 398 1948 etiam
431 1891 489 1946 in
521 1890 834 1964 Pompeium
867 1906 984 1946 esse
1015 1889 1274 1963 possim.’'

314 2093 500 2149 XXVI.
581 2096 669 2148 66.
712 2093 860 2147 Hanc
882 2097 899 2130 ¹
947 2107 1123 2147 meam
1162 2090 1446 2163 epistolam
1486 2105 1654 2162 quum
1703 2088 2072 2161 pervulgatam

242 2210 360 2249 esse
397 2192 672 2258 audirem,
713 2209 819 2250 non
856 2191 960 2247 tuli
1004 2191 1242 2248 moleste.
1334 2190 1476 2259 Quin
1521 2191 1686 2246 etiam
1731 2190 1845 2262 ipse
1889 2188 2077 2245 multis

242 2294 496 2351 dederam
528 2292 952 2349 describendam.
1032 2292 1109 2347 Ea
1142 2292 1287 2347 enim
1319 2297 1374 2346 et
1411 2289 1721 2346 acciderant
1752 2290 1860 2345 iam
1893 2296 1948 2346 et
1980 2290 2078 2346 im-

248 2393 578 2467 pendebant,
619 2400 681 2449 ut
713 2399 973 2449 testatum
994 2409 1112 2448 esse
1130 2391 1348 2457 vellem,
1374 2391 1441 2447 de
1460 2407 1592 2464 pace
1610 2391 1742 2464 quid
1774 2392 2080 2447 sensissem.

248 2495 427 2564 Quum
459 2500 643 2549 autem
674 2494 743 2548 ad
781 2509 900 2548 eam
940 2474 1216 2558 hortarer,
1255 2508 1381 2548 eum
1420 2492 1739 2565 praesertim
1778 2491 2047 2547 hominem
2064 2533 2079 2555 ,

248 2608 356 2651 non
394 2594 614 2650 videbar
643 2593 752 2658 ullo
783 2593 941 2648 modo
977 2592 1190 2648 facilius
1222 2599 1500 2658 moturuS,
1539 2609 1702 2664 quam
1735 2592 1781 2646 si
1814 2591 1898 2657 id,
1937 2592 2079 2665 quod

252 2713 378 2753 eum
417 2695 662 2750 hortarer
680 2736 696 2758 ,
735 2694 1021 2748 convenire
1053 2693 1170 2748 eius
1203 2693 1497 2766 sapientiae
1535 2692 1788 2748 dicerem.
1869 2692 2002 2750 Eam
2035 2693 2084 2747 si

252 2795 695 2853 admirabilem
731 2793 872 2858 dixi,
924 2809 1094 2865 quum
1126 2810 1252 2848 eum
1291 2793 1359 2849 ad
1399 2792 1628 2848 salutem
1660 2792 1867 2866 patriae
1904 2791 2079 2848 horta-

252 2898 379 2961 bar,
419 2912 524 2950 non
563 2911 686 2950 sum
717 2894 952 2958 verituS,
992 2910 1060 2948 ne
1091 2893 1303 2950 viderer
1341 2893 1640 2957 assentari;
1678 2893 1768 2952 cui
1801 2892 1896 2947 tali
1936 2893 1992 2947 in
2024 2908 2084 2947 re

257 2997 503 3053 lubenter
530 3012 617 3050 me
650 2993 718 3048 ad
745 2992 906 3066 pedes
931 2993 1262 3050 abiecissem.
1325 2995 1441 3063 Qua
1473 3001 1654 3050 autem
1683 2999 1801 3050 erat
1837 2992 2086 3066 aliquid

257 3097 590 3169 impertias
636 3095 963 3166 temporiS,
1010 3111 1115 3148 non
1153 3101 1270 3150 erat
1308 3094 1374 3151 de
1412 3111 1572 3168 pace,
1611 3093 1704 3150 sed
1743 3094 1809 3149 de
1845 3109 1934 3149 me
1972 3093 2086 3165 ipso

261 3199 399 3253 etde
420 3215 537 3252 meo
558 3197 730 3252 officio
750 3203 812 3251 ut
839 3195 1041 3268 aliquid
1068 3198 1346 3268 cogitaret.
1425 3196 1559 3252 Nam
1593 3195 1733 3268 quod
1762 3194 2087 3250 testificabar

259 3318 343 3354 me
381 3308 642 3370 expertem
679 3298 802 3351 belli
826 3298 991 3370 secisse
1011 3341 1025 3363 ‚
1066 3300 1166 3353 etsi
1198 3298 1251 3354 id
1280 3315 1339 3354 re
1366 3303 1705 3371 perspectum
1734 3303 1877 3361 erat,
1904 3303 2084 3352 tamen

263 3448 474 3468 μ--ῡ

329 3531 367 3588 ι)
398 3528 450 3574 ad
475 3532 566 3573 Att.
599 3531 712 3574 vm.
746 3529 787 3573 a.
822 3529 905 3583 §L
