2158 4030
275 197 343 247 46
854 207 1062 246 emeno
1108 208 1179 245 na
1228 208 1364 247 vrrA
1411 209 1514 249 suA

273 337 558 404 accedere,
616 305 789 394 cuius·
816 338 992 411 aliquo
1043 339 1175 395 hene
1219 349 1501 414 praecepto
1546 339 1882 396 duceremur.
1967 348 2089 399 106.
2155 363 2158 370 ’

270 441 523 495 Primus¹
577 438 737 504 liber,
790 441 1026 511 exposito
1078 457 1271 511 genere
1327 441 1490 494 huius
1541 439 1675 493 artis
1717 446 1771 494 et
1821 439 1994 496 officio
2038 451 2091 499 et

271 539 378 595 fine
414 547 468 596 et
498 541 725 596 materia
762 547 815 595 et
852 541 1130 612 partibus,
1170 557 1366 612 genera
1405 541 1888 596 controversiarum
1922 549 1975 596 et
2013 545 2091 598 in·
2154 536 2158 628 ,³

268 642 544 696 ventiones
581 648 635 696 et
673 642 1079 695 constitutiones
1125 646 1178 695 et
1218 639 1568 694 iudicationes
1612 641 1953 707 continebat,
2005 643 2091 699 de·
2155 648 2158 683 ῑ

270 740 394 796 inde
437 746 615 813 partes
665 741 921 795 orationis
973 746 1027 794 et
1077 741 1133 794 in
1179 756 1268 794 eas
1314 755 1498 793 omnes
1554 740 1733 794 omnia
1788 750 2090 815 praecepta.

269 841 445 908 Quare
489 857 657 912 quum
690 840 746 894 in
786 856 846 893 eo
884 839 1077 894 ceteris
1115 838 1180 894 de
1221 838 1381 893 rebus
1420 837 1729 895 distinctius
1767 839 1975 903 dietum
2013 860 2091 898 es·
2152 851 2158 935 Ῑ

268 947 378 1005 set,
418 940 655 1012 disperse
698 945 879 1014 autem
912 937 976 992 de
1015 937 1419 993 confirmatione
1456 944 1511 993 et
1549 937 1615 994 de
1652 939 2091 1012 reprehensione,

268 1040 324 1093 in
370 1038 536 1093 altero
586 1044 760 1093 certos
810 1036 1162 1092 confirmandi
1215 1044 1268 1092 et
1312 1036 1734 1109 reprehendendi
1780 1040 1838 1093 in
1882 1041 2093 1112 singula
2148 1039 2150 1066 ;

265 1153 580 1192 caussarum
620 1153 816 1209 genera
854 1137 996 1191 locos
1027 1136 1315 1192 tradendos
1343 1131 1775 1193 arbitrabamur.
1827 1139 1905 1194 Et
1936 1142 2090 1212 quia,

265 1256 370 1311 quo
421 1245 576 1311 pacto
625 1239 847 1294 tractari
905 1239 1214 1293 conveniret
1266 1239 1757 1310 argumentationes
1777 1280 1792 1304 ,
1850 1241 1907 1295 in
1959 1240 2094 1306 libro

264 1339 438 1411 primo
489 1355 595 1393 non
648 1338 992 1409 indiligenter
1036 1339 1339 1410 expositum
1383 1345 1500 1404 est,
1553 1340 1609 1394 in
1661 1339 1829 1401 altero
1879 1347 2092 1397 tantum

265 1441 382 1512 ipsa
425 1440 643 1494 inventa
681 1455 844 1493 unam
890 1455 1158 1511 quamque
1190 1440 1246 1497 in
1285 1456 1400 1494 rem
1440 1440 1681 1512 exposita
1718 1447 1847 1495 sunt
1891 1441 2091 1514 simpli·
2139 1456 2158 1516 J,

264 1542 401 1595 citer
433 1540 548 1594 sine
574 1538 683 1593 ulla
715 1539 1087 1609 exornatione,
1128 1545 1190 1593 ut
1228 1556 1294 1595 ex
1333 1539 1432 1594 hoc
1473 1540 1690 1597 inventa
1722 1541 1866 1614 ipsa,
1906 1557 1972 1596 ex
2005 1558 2090 1596 su·
2138 1551 2158 1701 Vl

264 1642 473 1714 periore
510 1646 692 1695 autem
724 1639 974 1712 expolitio
1013 1640 1354 1694 inventorum
1386 1645 1676 1713 peteretur.

339 1840 574 1897 XXXIV.
657 1845 780 1896 107.
821 1840 1044 1896 Interim
1064 1845 1086 1878 ²
1125 1840 1182 1896 L.
1219 1840 1393 1906 Sulla,
1433 1841 1667 1896 maximo
1707 1847 1762 1896 et
1800 1839 2092 1898 fortissimo

261 1943 539 2007 exercitU,
591 1941 955 1997 Mithridatem
976 1983 991 2007 ‚
1043 1941 1179 1998 hello
1231 1942 1505 1996 invectum
1551 1947 1719 1997 totam
1766 1943 1823 1997 in
1875 1945 2057 1999 Asiam
2078 1987 2093 2009 ‚

262 2060 388 2097 oum
414 2059 545 2115 paee
577 2042 809 2096 dimisit:
852 2057 1176 2113 quamquam
1196 2047 1217 2078 ³
1256 2040 1593 2096 Mithridates
1631 2058 1787 2097 omne
1826 2043 2094 2116 reliquum

261 2149 475 2215 tempus
520 2158 625 2196 non
665 2141 733 2196 ad
765 2142 1084 2197 oblivionem
1127 2141 1326 2198 veteris
1369 2140 1530 2206 belli,
1583 2142 1676 2196 sed
1714 2142 1782 2198 ad
1822 2161 2093 2217 compara·
2136 2195 2137 2198 ,

261 2244 463 2298 tionem
496 2241 619 2296 novi
658 2241 902 2296 contulit.
984 2240 1087 2297 Sed
1107 2246 1130 2279 4
1171 2240 1236 2295 ab
1276 2257 1337 2296 eo
1367 2239 1504 2296 bello
1544 2240 1747 2298 Sullam
1785 2244 1841 2299 in
1882 2245 2092 2302 Italiam
2132 2234 2137 2313 J

259 2342 563 2415 respublica
605 2341 921 2404 revocabat;
979 2341 1069 2396 cui
1087 2348 1110 2379 ⁵
1162 2340 1465 2413 respublica
1514 2347 1683 2396 totam
1729 2360 1787 2398 se
1832 2344 2090 2412 tradidit,
2134 2354 2138 2410 Q

260 2443 593 2517 temporibus
631 2448 815 2498 coacta
866 2448 920 2497 et
956 2441 1114 2497 malis
1159 2441 1482 2497 domesticis
1562 2442 1661 2497 Hic
1682 2449 1733 2509 ⁶,
1786 2445 1879 2516 qui
1916 2447 2093 2518 potuit

261 2544 501 2610 efficere,
571 2544 638 2600 ab
702 2544 970 2615 interrege
1028 2549 1091 2597 ut
1148 2542 1381 2598 dictator
1446 2542 1719 2599 diceretur
1741 2586 1756 2610 ,
1784 2526 1793 2539 f
1824 2552 2038 2602 tantum
2070 2554 2094 2585 ⁷
2147 2592 2158 2628 ζ

264 2646 469 2720 potuit,
510 2651 572 2700 ut
598 2661 754 2699 nemo
781 2643 870 2698 illo
904 2643 1072 2698 invito
1105 2660 1203 2698 nee
1235 2643 1373 2698 bona
1406 2661 1504 2699 nee
1528 2645 1760 2716 patriam
1799 2662 1897 2700 nec
1923 2647 2090 2702 vitam
2124 2638 2158 2718 ,ἑὲ

262 2746 497 2803 retinere
527 2752 737 2818 posset:
778 2750 991 2800 tantum
1031 2744 1198 2799 animi
1237 2742 1426 2799 habuit
1458 2743 1526 2798 ad
1565 2744 1844 2799 audaciam
1865 2787 1880 2810 ,
1900 2753 1982 2802 -ut
2013 2746 2090 2802 di-
2127 2714 2158 2799 ΪΪ

262 2863 384 2902 cere
427 2848 484 2900 in
523 2847 776 2901 concione
816 2862 920 2900 non
960 2844 1265 2909 dubitaret,
1305 2843 1442 2898 bona
1480 2845 1680 2899 civium
1727 2846 2089 2902 Romanorum
2125 2794 2158 2921 {q

2127 2931 2158 3150 i

2135 2743 2154 2766 ‘A

2147 2924 2151 2932 ›

261 2964 430 3021 quum
481 2945 768 3011 venderet,
820 2962 876 3000 se
914 2944 1165 3018 praedam
1211 2961 1365 2999 suam
1402 2944 1664 3001 vendere:
1717 2947 1810 3018 qui
1831 2953 1851 2986 ⁸
1909 2949 2087 3004 omnia
2128 2963 2131 2970 ¹

263 3050 382 3104 sine
424 3048 533 3104 ulla
584 3047 874 3119 religione,
931 3046 1127 3118 quibus
1176 3046 1381 3109 voluit,
1438 3051 1520 3100 est
1571 3046 1889 3117 dilargitus;
1947 3049 2040 3119 qui
2068 3055 2090 3086 ⁹
2123 3026 2153 3090 ᾗ

2139 3240 2149 3274 ³.

327 3285 366 3342 ¹)
397 3282 508 3329 lhid.
527 3299 563 3328 c.
582 3287 624 3328 3.
657 3285 774 3340 §11.
807 3308 865 3316 —-
897 3285 934 3341 2)
966 3297 1041 3343 pro
1071 3283 1246 3325 Murena
1277 3295 1313 3324 c.
1335 3284 1404 3324 15.
1433 3281 1550 3336 §32
1582 3305 1641 3313 --
1673 3280 1713 3337 5)
1746 3295 1820 3341 pro
1853 3279 1880 3325 l.
1913 3281 2085 3327 Manilia
2131 3283 2158 3326 ⁶²}

264 3376 303 3406 c.
323 3364 362 3405 4.
390 3362 414 3419 §
433 3363 475 3404 9.
494 3387 552 3394 -—-
574 3360 742 3419 4)1bid.
760 3376 796 3405 c.
813 3365 855 3405 3.
880 3363 904 3419 §
924 3363 964 3411 8.
989 3386 1048 3393 --
1074 3360 1115 3418 ⁵)
1130 3358 1177 3402 in
1197 3362 1374 3403 Verrem
1391 3355 1487 3401 Act.
1510 3360 1566 3402 II.
1587 3359 1631 3400 L.
1648 3360 1726 3402 III.
1745 3373 1781 3403 c.
1801 3363 1873 3403 35.
1891 3361 1915 3416 §
1937 3362 2005 3405 81.
2025 3385 2083 3394 -—
2132 3371 2147 3423 ᾖ.

262 3441 308 3499 6)
338 3439 391 3483 ad
424 3441 516 3484 Att.
550 3441 624 3484 IX.
652 3442 725 3485 15.
758 3441 782 3496 §
809 3441 852 3482 2.
882 3462 945 3473 -
974 3438 1015 3496 7)
1046 3436 1093 3481 in
1119 3439 1297 3482 Verrem
1327 3436 1421 3479 Act.
1453 3437 1514 3479 11.
1545 3437 1685 3480 LIII.
1716 3451 1751 3480 c.
1771 3440 1842 3483 35.
1872 3438 1895 3496 §
1921 3439 1992 3482 81.
2025 3463 2083 3473 --

266 3517 306 3575 8)
338 3515 390 3560 de
415 3515 446 3561 l.
472 3516 649 3575 Agraria
682 3520 738 3561 ΙΙ.
765 3532 802 3562 c.
819 3519 892 3562 29.
924 3517 1039 3576 §81.
1073 3542 1130 3550 —-
1162 3516 1201 3573 9)
1234 3528 1308 3576 pro
1333 3511 1498 3575 Ligario
1523 3527 1559 3557 e.
1578 3515 1618 3558 4.
1652 3513 1767 3571 §12-
