2210 3970
1595 194 1623 211 f

232 222 338 273 516
848 237 1057 274 niceno
1098 237 1166 273 ni:
1212 235 1345 273 vira
1387 235 1486 272 sui.

237 369 462 425 Parthos
507 370 572 423 ab
632 370 720 422 illo
771 369 919 425 aditu
966 369 1323 442 Cappadociae
1375 369 1529 438 longe
1580 365 1792 431 abesse,
1848 368 2061 426 Ciliciae

232 471 407 540 magis
446 471 744 525 imminere.
831 472 1099 542 Cognovi¹
1145 471 1288 524 onim
1331 468 1627 523 multorum
1666 467 1862 521 litteris
1900 473 2060 539 atque

233 571 474 636 nuntiiS,
513 588 735 643 magnas
769 572 1089 627 Parthorum
1121 572 1300 643 copias
1339 576 1395 624 et
1426 568 1662 624 Arabum
1701 566 1768 622 ad
1806 567 2060 639 oppidum

234 671 570 727 Antiochiam
605 675 923 737 accessisse,
964 688 1329 744 magnumque
1367 687 1553 726 eorum
1593 669 1931 742 equitatum,
1969 669 2062 739 qui

234 773 289 825 in
334 770 576 827 Ciliciam
627 773 939 834 transisset,
991 770 1058 825 ab
1102 772 1346 843 equitum
1394 786 1639 825 meorum
1684 769 1883 823 turmis
1927 773 1984 822 et
2033 784 2064 822 a

234 870 451 927 cohorte
489 872 756 942 praetoria
777 912 792 934 ,
844 886 981 941 quae
1020 877 1138 925 erat
1175 870 1508 942 Epiphaniae
1545 869 1800 942 praesidii
1839 885 2029 924 caussa
2051 910 2065 932 ,

233 970 508 1025 occidione
540 970 796 1024 occisum.
859 969 1035 1036 Quare
1063 971 1249 1040 quum‘
1264 967 1504 1023 viderem
1525 984 1557 1022 a
1576 967 1906 1039 Cappadocia
1934 968 2061 1022 Par·

233 1070 451 1124 thorum
503 1070 683 1143 copias
734 1086 949 1124 aversas
988 1086 1094 1123 non
1138 1068 1295 1140 longe
1335 1085 1367 1123 a
1412 1067 1610 1122 finibus
1659 1084 1776 1123 esse
1820 1067 2066 1131 Ciliciae,

233 1169 514 1226 confestim
534 1177 556 1209 ²
603 1172 709 1226 iter
746 1172 804 1226 in
836 1170 1084 1229 ¹Ciliciam
1123 1169 1226 1224 feci
1265 1186 1362 1242 per
1400 1169 1568 1224 Tauri
1604 1167 1758 1243 pylas
1777 1211 1793 1234 ,
1844 1174 1898 1224 et
1938 1167 2064 1222 Tar-

233 1287 354 1327 sum
392 1272 516 1327 veni
555 1289 602 1328 a.
627 1271 679 1327 d.
701 1290 776 1327 111.
811 1271 943 1327 Non.
980 1270 1193 1327 Octobr.
1276 1274 1364 1325 55.
1407 1269 1616 1324 Tarso³
1654 1269 1819 1324 Nonis
1853 1267 2064 1324 Octobr.

233 1373 500 1429 Amanum
539 1388 730 1428 versus
756 1370 1029 1445 profectus
1061 1387 1200 1426 sum.
1270 1369 1545 1425 ‘Postridie
1577 1370 1695 1424 eius
1734 1369 1866 1434 diei,
1898 1385 2065 1442 quum

232 1479 412 1528 castra
442 1472 750 1527 habuissem
771 1473 827 1526 in
860 1489 989 1543 agro
1010 1469 1432 1543 Mopsuhestiae,
1472 1486 1635 1542 quam
1655 1475 1678 1508 ⁴
1715 1470 1866 1542 potui
1899 1469 2066 1524 maxi·

233 1573 338 1627 mis
389 1572 677 1628 itineribus
721 1571 789 1626 ad
826 1573 1098 1626 Amanum
1135 1571 1436 1625 exercitum
1475 1568 1637 1634 duxi,
1676 1570 1812 1641 qui⁵
1852 1569 2066 1643 Syriam

232 1690 264 1727 a
309 1671 495 1726 Cilicia
527 1671 637 1740 ima
675 1687 942 1743 aquarum
980 1669 1212 1725 divortio
1242 1669 1466 1732 dividit;
1503 1670 1599 1743 qui
1631 1685 1787 1725 mons
1824 1675 1940 1725 erat
1979 1667 2068 1723 ho-

235 1772 404 1828 stium
448 1771 640 1846 plenus
677 1771 1150 1843 sempiternorum.
1228 1771 1343 1840 Quo
1363 1777 1388 1810 θ
1432 1777 1497 1826 ut
1537 1771 1698 1835 veni,
1756 1769 1965 1825 hostem
2003 1768 2070 1824 ab

233 1871 520 1929 Antiochia
574 1873 860 1927 recessisse
883 1914 899 1936 ,
955 1870 1207 1927 Bibulum
1265 1870 1582 1927 Antiochiae
1637 1888 1755 1926 esse
1811 1871 2069 1942 cognovi:

232 1973 651 2045 Deiotarumque
677 1971 990 2038 confestim,
1030 1973 1139 2028 iam
1171 1972 1240 2028 ad
1266 1989 1354 2028 me
1378 1972 1683 2027 venientem
1717 1987 1842 2026 cum
1874 1986 2071 2042 magno

234 2081 290 2129 et
316 2074 472 2128 firmo
498 2073 746 2145 equitatu
777 2080 832 2128 et
869 2072 1145 2145 peditatu,
1184 2079 1239 2128 et
1276 2089 1403 2128 cum
1441 2071 1694 2128 omnibus
1732 2071 1847 2125 suis
1878 2071 2075 2143 copiis,

233 2175 519 2231 certiorem
565 2173 667 2230 feci
688 2216 703 2239 ,
756 2191 863 2230 non
914 2174 1087 2230 videri
1131 2191 1249 2230 esse
1294 2189 1573 2239 caussam,
1630 2189 1732 2228 eur
1779 2171 1989 2227 abesset
2039 2189 2070 2226 a

234 2294 400 2350 regno
420 2319 440 2342 ,
486 2293 682 2349 meque
719 2275 787 2330 ad
819 2292 974 2341 eum,
1013 2276 1063 2331 si
1101 2274 1233 2348 quid
1271 2275 1397 2331 novi
1433 2273 1573 2332 forte
1610 2272 1925 2339 accidisset,
1964 2278 2068 2328 sta·

234 2380 336 2434 tim
374 2379 585 2435 litteras
623 2379 951 2451 nuntiosque
996 2378 1295 2433 missurum
1341 2394 1476 2432 esse.
1557 2379 1648 2432 56.
1688 2376 1974 2448 Quumque
2011 2389 2074 2428 eo

234 2478 416 2534 animo
453 2478 751 2542 venissem,
791 2483 854 2532 ut
886 2477 1104 2549 utrique
1136 2478 1445 2549 provinciae
1465 2519 1480 2540 ‚
1519 2478 1566 2532 si
1606 2477 1685 2532 ita
1714 2482 1931 2548 tempus
1969 2473 2070 2529 fer·

235 2585 320 2638 ret
339 2619 354 2643 ,
393 2577 763 2639 subvenirem;
803 2583 922 2632 tum
961 2575 1045 2641 id,
1084 2576 1227 2649 quod
1266 2577 1376 2631 iam
1414 2583 1540 2632 ante
1578 2583 1876 2632 statueram
1915 2574 2068 2630 vehe-

235 2684 446 2735 menter
482 2679 743 2733 interesse
788 2676 1072 2749 utriusque
1110 2677 1446 2749 provinciae,
1486 2693 1679 2750 pacare
1711 2677 1981 2732 Amanum
2013 2681 2067 2731 et

235 2785 556 2852 perpetuum
607 2777 815 2832 hostem
873 2794 939 2834 ex
990 2794 1052 2832 eo
1108 2783 1291 2833 monte
1341 2777 1527 2834 tollere
1546 2820 1563 2843 ,
1621 2793 1781 2849 agere
1837 2777 2066 2849 perrexi.

237 2881 522 2952 Quumque
554 2895 641 2934 me
692 2876 967 2933 discedere
1006 2877 1073 2932 ab
1123 2893 1186 2933 eo
1225 2884 1407 2935 monte
1451 2876 1791 2933 simulassem
1842 2883 1897 2932 et
1936 2875 2070 2931 alias

238 2987 416 3053 partes
467 2978 685 3034 Ciliciae
734 2983 944 3050 petere,
1003 2976 1352 3052 abessemque
1397 2977 1463 3034 ab
1508 2979 1713 3034 Amano
1759 2978 1864 3032 iter
1907 2978 2069 3033 unius

238 3082 343 3138 diei
395 3088 448 3137 et
488 3087 664 3137 eastra
704 3077 846 3152 apud
884 3077 1240 3152 Epiphaniam
1299 3079 1574 3143 fecissem;
1631 3096 1678 3134 a.
1721 3078 1771 3133 d.
1814 3084 2067 3150 quartum

300 3301 337 3357 ¹)
370 3300 503 3361 Epist.
535 3299 590 3344 ad
625 3303 675 3344 M.
694 3302 898 3344 Catonem
927 3297 1003 3356 (ad
1031 3301 1151 3342 Fam.
1182 3299 1270 3342 XV.
1308 3301 1348 3342 4.
1382 3299 1491 3356 §70
1539 3322 1597 3330 —
1637 3298 1678 3354 ²)
1708 3294 1762 3340 ad
1796 3301 1889 3340 Att.
1918 3296 1964 3340 V.
1992 3297 2063 3338 20.

238 3380 321 3436 §2
355 3406 412 3412 —-
445 3380 486 3438 5)
521 3378 650 3440 Epist.
677 3375 727 3422 ad
761 3380 868 3439 App.
894 3374 1131 3421 Pulchrum
1157 3374 1231 3433 (ad
1257 3378 1375 3420 Fam.
1409 3377 1491 3420 111.
1519 3376 1560 3420 8.
1594 3374 1734 3431 §¹0.)
1768 3399 1827 3405 -—-
1859 3373 1900 3430 4)
1933 3369 2065 3432 Epist.

238 3455 291 3501 ad
331 3459 384 3501 M.
409 3459 612 3502 Catonem
661 3455 735 3512 (ad
772 3458 892 3499 Fam.
932 3457 1020 3500 XV.
1065 3457 1105 3499 4.
1137 3455 1162 3510 ᾗ
1189 3455 1253 3513 7.)
1293 3480 1350 3486 -
1391 3456 1432 3513 ⁵)
1465 3452 1519 3499 ad
1561 3455 1654 3497 Att.
1690 3452 1737 3495 V.
1773 3453 1847 3494 20.
1881 3450 1974 3507 §3.
2007 3473 2066 3482 —-

237 3536 277 3592 6)
311 3534 441 3596 Epist.
477 3534 529 3580 ad
562 3538 612 3580 Μ.
632 3536 833 3579 Catonem
867 3532 942 3591 (ad
967 3535 1085 3579 Fam.
1122 3533 1209 3578 XV.
1245 3534 1285 3575 4.
1315 3532 1425 3589 §7.)
