2210 3970
718 261 721 265 .
772 242 781 266 η
815 233 1027 271 annus
1074 234 1122 271 υ.
1169 236 1215 271 c.
1273 221 1399 272 654.
1914 227 2021 280 527

192 361 563 422 πεισθήσεσθαι
605 363 671 426 τῷ
702 363 863 426 νόμῳ·
900 363 944 423 ἢ
962 363 1045 411 τὸν
1071 363 1164 410 οὐκ
1190 362 1442 425 ὀμόσαντα
1470 365 1592 425 μήτε
1621 365 1903 426 βουλεύειν,
1937 371 2024 417 καὶ

193 441 367 501 &plen
394 443 460 504 τῷ
491 442 626 503 δήμῳ
659 443 878 489 τάλαντα
906 444 1126 491 εἴκοσιν·
1167 441 1515 499 ὑπονοοῦντες,
1555 443 1715 499 οὕτως
1755 446 1931 500 ἄλλους
1969 466 2023 495 τε

193 522 286 570 τῶν
307 522 720 585 δυσχεραινόντων
745 521 1069 581 ἀμυνεῖσθαι,
1090 525 1174 568 καὶ
1198 522 1450 571 Μέτελλον
1471 522 1562 571 ὑπὸ
1591 527 1898 587 φρονήματος
1928 527 2021 574 οὐκ

189 599 464 648 ἐνδώσοντα
491 600 611 662 πρὸς
643 599 730 647 τὸν
759 601 924 662 ὅρκον.
986 600 1163 646 Orosius
1194 613 1239 646 v.
1269 617 1309 646 c.
1327 606 1400 646 1⁷.
1448 604 1621 647 Marius
1653 612 1831 650 sextum
1867 607 2023 652 consul

191 686 235 724 et
264 678 453 724 Glaucia
474 686 662 740 praetor
692 686 737 723 et
767 680 1044 724 Saturninus
1068 678 1277 725 tribanus
1301 678 1451 740 plebis
1478 682 1846 742 conspiraverunt
1871 684 2023 729 Metel-

189 755 283 801 lum
313 753 595 807 Numidicum
626 756 675 801 in
705 756 917 801 exsilium
945 772 1208 818 quacunque
1235 757 1285 802 vi
1309 773 1452 819 agere.
1515 758 1603 803 Die
1633 758 1778 816 dieta,
1810 778 1839 804 a
1860 776 2023 822 suppo—

186 832 296 879 sitis
319 834 531 880 eiusdem
557 834 786 894 factionis
815 833 1041 879 iudicibus
1063 851 1150 895 per
1180 834 1326 880 scelus
1355 836 1563 882 innocens
1600 837 1808 884 Metellus
1840 838 2022 885 damna·

185 905 262 959 tiu
276 943 291 971 ,
321 912 372 960 in
398 913 613 960 exsilium
634 928 743 958 cum
765 912 907 957 totius
937 910 1064 957 urbis
1094 911 1243 957 dolore
1272 911 1496 959 discessit.

262 1036 324 1118 (²)
351 1041 531 1107 Idem
555 1022 909 1109 Sat'urninuS,
948 1042 1122 1098 oeciso
1152 1039 1208 1097 C.
1241 1041 1522 1106 Memmio,
1571 1041 1856 1099 candidato
1895 1060 2017 1099 eon-

182 1141 430 1207 sulatuS,
479 1149 639 1233 quem
671 1143 908 1228 maxime
952 1141 1322 1198 adversarium
1366 1141 1672 1197 actionibus
1710 1144 1825 1198 suis
1865 1146 2019 1200 time·

182 1242 304 1308 hat,
356 1244 642 1333 oppressus
681 1242 849 1298 armis
884 1257 1008 1296 eum
1056 1241 1125 1295 C.-
1151 1240 1375 1296 Servilio
1409 1241 1633 1297 Glaucia
1669 1251 1918 1316 praetore
1964 1252 2018 1301 et

180 1336 301 1403 aliis
334 1327 578 1420 eiusdem
617 1341 816 1399 suroris
849 1341 1007 1396 sociis
1040 1340 1357 1396 interfectus
1385 1348 1466 1397 est
1505 1341 1637 1417 (Liv.
1669 1343 1765 1415 Ep.
1791 1345 1904 1417 69)
1942 1364 2015 1400 111.

180 1463 227 1501 e
238 1449 341 1515 25.
362 1448 461 1500 81.
541 1443 618 1499 In
630 1442 825 1516 quibus
859 1458 1027 1514 quum
1065 1447 1119 1497 et
1153 1441 1213 1509 Q.
1250 1434 1516 1498 Labienus
1543 1440 1764 1509 ruisset,
1804 1453 2016 1517 postea,

176 1546 450 1625 Cicerone
465 1543 681 1600 oonsule
725 1543 801 1619 (v.
835 1541 902 1598 ad
934 1558 982 1597 a.
1017 1544 1146 1598 691.
1189 1541 1302 1615 7.),
1358 1542 1419 1596 Τ.
1459 1541 1726 1599 Labienus
1766 1546 2018 1602 tribunus

174 1624 342 1739 plebis
368 1640 422 1703 G.
444 1641 663 1723 Rabirio
694 1642 1075 1719 perduellionis
1107 1643 1313 1699 crimen
1349 1642 1610 1710 intendit,
1650 1645 1792 1719 quod
1828 1647 2014 1704 Satur·

176 1745 363 1832 ninum
389 1744 779 1812 interfecisset
821 1762 896 1800 111.
938 1762 986 1800 e.
1013 1748 1064 1800 8.
1105 1746 1175 1798 22
1197 1761 1313 1818 sqq.

222 1825 322 1898 ,Gie-
345 1862 422 1910 pro
443 1844 619 1902 Rabirio
649 1860 686 1897 e.
704 1847 855 1893 ’1.20,
919 1844 998 1890 Fit
1030 1852 1216 1891 senatus
1245 1844 1525 1902 consultum,
1566 1852 1621 1891 ut
1655 1848 1704 1896 0.
1728 1848 1928 1906 Marius,
1963 1850 2014 1895 L.

180 1924 421 1982 Valerius,
451 1923 687 1981 eonsules,
725 1922 984 1970 adhiberent
1015 1923 1218 1968 tribunos
1247 1922 1397 1985 plebis
1427 1931 1472 1968 et
1496 1932 1758 1987 praetores,
1801 1943 1914 1989 quos
1944 1928 2011 1973 eis

172 2002 435 2061 videretur„
452 2018 715 2065 operamque
745 2001 931 2060 darent,
962 2010 1015 2048 ut
1040 2002 1277 2065 imperium
1302 2001 1465 2064 populi
1495 2004 1684 2051 Romani
1709 2007 2013 2067 maiestasque

173 2088 548 2143 conservaretur-,g
580 2079 809 2141 'Adhibffl‘
846 2094 993 2125 omncs
1035 2078 1239 2125 tribunos
1269 2078 1421 2141 plebis
1461 2088 1643 2141 praeter
1690 2085 2010 2141 Saturninum,

167 2145 400 2220 praetores
413 2165 598 2221 praeter
624 2155 885 2219 Glauciam:
909 2158 1001 2218 *qui
1025 2156 1340 2218 rempublicam
1363 2156 1534 2201 salvam
1558 2174 1654 2203 esse
1669 2159 1853 2218 vellent,
1885 2178 2012 2207 arma

171 2253 327 2299 capere
349 2244 394 2282 et
415 2252 463 2282 se
491 2236 622 2296 sequi
651 2235 815 2282 iubent.
878 2237 1046 2302 Parent
1071 2252 1231 2282 onmes.
1296 2237 1374 2281 Ea·
1401 2237 1587 2282 aedibus
1602 2238 1746 2282 sacris
1763 2254 2008 2284 armamen-

171 2316 393 2377 tariisque
410 2315 611 2378 publicis
642 2330 767 2359 arma
780 2313 951 2375 populo
977 2315 1172 2359 Romano
1188 2348 1203 2371 ,
1241 2316 1284 2361 G.
1302 2317 1447 2360 Mario
1478 2315 1658 2361 consule
1682 2315 2004 2373 distribuente,

170 2393 349 2440 dantur.
366 2409 441 2437 3-
474 2395 623 2454 Quum
639 2437 641 2439 .
656 2393 939 2439 ,Saturninus
959 2437 963 2442 ,
984 2391 1256 2453 Capitolium
1287 2400 1453 2439 teneret
1490 2402 1695 2439 armatus
1711 2426 1726 2450 ,
1765 2403 1882 2439 esset
1912 2412 2003 2439 una

173 2471 473 2532 GGlaucia,
516 2473 560 2516 G.
587 2470 836 2530 Saufeius,
887 2471 1023 2516 etiam
1063 2470 1144 2515 ille
1179 2487 1235 2515 ea·
1277 2469 1558 2533 compedibus
1596 2479 1735 2532 atque
1776 2472 2003 2534 ergastulo

171 2549 432 2605 Gracchus,-
460 2577 521 2585 —
552 2549 602 2595 in
615 2549 727 2609 soro
757 2557 907 2594 autem
942 2549 985 2593 G.
1002 2547 1177 2592 Marius
1209 2555 1253 2592 et
1284 2550 1334 2593 L.
1363 2549 1570 2595 Valerius
1602 2547 1815 2606 Flaccus,
1847 2566 2003 2595 consu·

169 2619 269 2684 les,
282 2633 412 2690 post
450 2634 637 2674 cunctus
676 2635 883 2684 senatus,
923 2654 984 2661 -
1023 2642 1163 2687 quum
1205 2634 1410 2687 equester
1445 2627 1551 2672 ordo
1582 2654 1644 2662 —
1676 2645 1814 2689 quum
1855 2645 2004 2674 omnes

165 2708 374 2753 oninium
370 2692 589 2752 ordiinum
619 2707 841 2763 homines,
884 2705 967 2766 qui
996 2704 1046 2748 in
1076 2703 1225 2748 salute
1255 2704 1528 2764 reipublicae
1553 2705 1748 2751 salutem
1778 2722 1909 2753 suam
1936 2724 2006 2753 re

157 2787 360 2849 positam
392 2802 487 2835 esse
517 2786 879 2843 arbitrabantur,
909 2800 1038 2847 arma
1069 2782 1292 2848 cepissent
1321 2782 1692 2830 cet.1d.Brut.
1725 2801 1762 2831 e.
1790 2790 1863 2832 62.
1896 2789 2001 2832 224.

165 2868 312 2927 Longe
346 2873 497 2926 autem
530 2871 801 2927 μοστ-παίω
835 2863 1031 2908 homines
1062 2860 1419 2922 improbissimus
1455 2862 1498 2905 0.
1524 2862 1746 2907 Servilius
1785 2864 1999 2920 Glaucia,

164 2943 245 2988 sed
269 2951 512 3005 peracutus
553 2950 596 2988 et
627 2941 822 2987 callidus
853 2957 952 2986 cum
976 2940 1231 3002 primisque
1262 2937 1498 2983 ridiculus.
1571 2941 1623 2984 Is
1651 2957 1708 2985 es:
1735 2943 1924 2986 summis
1955 2949 2000 2986 et

160 3022 376 3080 fortunae
405 3029 452 3067 et
482 3022 602 3067 vitae
631 3020 837 3066 sordibus
862 3020 911 3064 in
927 3024 1149 3080 praetura
1167 3015 1328 3060 consul
1344 3014 1510 3072 factus
1535 3025 1677 3073 esset,
1709 3018 1754 3062 si
1781 3012 1999 3064 rationem

163 3102 262 3146 eius
293 3100 446 3145 haberi
469 3100 600 3144 licere
623 3098 871 3144 iudicatum
896 3105 1027 3143 esset.
1089 3097 1200 3141 Nam
1227 3104 1272 3140 et
1286 3094 1462 3156 plebem
1484 3095 1659 3140 tenebat
1682 3103 1726 3140 et
1751 3105 2000 3156 equestrem

163 3176 360 3222 ordinem
392 3177 606 3238 beneficio
636 3176 753 3238 legis
782 3176 1081 3222 devinxerat.
1118 3178 1169 3219 Is
1194 3182 1378 3235 praetor
1409 3172 1556 3217 eodem
1589 3173 1687 3230 die,
1719 3191 1807 3235 quo
1838 3176 1998 3220 Satur·

161 3256 298 3300 ninus
327 3255 536 3300 tribunus
566 3255 747 3316 plebis,
780 3255 924 3299 Mario
954 3261 1001 3299 et
1030 3254 1189 3299 Flacco
1221 3252 1509 3307 consulibus,
1540 3251 1723 3312 publice
1759 3260 1829 3297 est
1856 3254 1996 3298 inter-

152 3331 325 3391 fectus.
387 3333 540 3379 Florus
560 3344 629 3377 111.
661 3348 698 3377 c.
716 3336 788 3378 16.
807 3337 864 3377 3.
921 3333 1072 3393 Igitur
1090 3339 1199 3394 post
1230 3330 1402 3375 Metelli
1422 3329 1592 3391 fugam
1614 3331 1735 3376 omni
1758 3331 1995 3376 nobilitate

154 3411 390 3471 perculsa,
423 3428 559 3472 quum
581 3412 672 3455 iam
695 3411 880 3454 tert-ium
899 3426 1066 3455 annum
1087 3410 1409 3465 dominaretur,
1441 3423 1491 3452 eo
1514 3409 1717 3454 vesaniae
1727 3425 1996 3471 progressus

163 3497 260 3547 est,
305 3497 359 3536 ut
394 3489 650 3536 consularia
693 3504 866 3550 qaoque
900 3489 1086 3534 comitia
1123 3505 1235 3547 nova
1273 3487 1404 3534 caede
1441 3487 1654 3533 turbaret.
1735 3489 1909 3550 Quippe
1940 3497 1992 3533 ut

9 1352 41 1854 .v.«!2-„÷i‘fflstaff,=2-22‘—³m-<
15 1331 19 1334 ·
16 1310 19 1317 -
