2210 3970
482 208 536 265 L.
562 210 671 265 vn,
715 227 759 264 ο.
784 209 941 265 xxv.
984 208 1022 280 g
1047 209 1119 261 eo
1158 235 1232 246 -
1272 205 1484 278 xxvn.
1528 206 1567 279 g
1596 211 1679 260 72.
1880 211 1985 263 523

171 378 290 421 meo
328 369 576 436 sumptus
616 362 789 417 factus
824 367 942 424 est,
997 357 1225 434 (nullum
1264 373 1433 429 quum
1474 356 1624 422 dico,
1662 372 1767 414 non
1806 356 1995 429 loquor

171 463 546 541 ὑπερβολικῶς)
588 463 796 527 nulluS,
849 463 1098 534 inquam,
1151 471 1219 513 ne
1249 459 1531 513 teruncius
1567 456 1804 530 quidem.
1883 457 1996 513 Hac

171 568 349 620 autem
389 579 476 628 re,
530 562 840 617 incredibile
878 568 988 626 est,
1039 565 1302 632 quantum
1355 559 1604 613 civitates
1653 558 1995 613 emerserint.

172 669 258 719 71.
312 663 550 719 Accessit
601 663 785 718 altera.
882 662 1018 718 Mira
1060 656 1221 717 erant:
1273 661 1330 715 in
1383 658 1696 714 civitatibus
1755 659 1997 731 ipsorum

169 763 313 820 furta
344 763 670 820 Graecorum
685 804 700 828 ‚
740 778 877 835 quae
909 762 1263 834 magistratus
1295 759 1383 815 sui
1410 758 1665 814 fecerant.
1745 756 1996 825 Quaesivi

169 863 281 937 ipse
313 862 379 919 de
418 864 515 929 iis,
555 864 647 936 qui
688 864 844 919 annis
883 863 1067 918 decem
1105 861 1367 935 proximis
1405 859 1791 931 magistratum
1822 874 1997 930 gesse·

165 969 306 1019 rant.
366 965 561 1037 Aperte
594 963 914 1019 fatebantur.
975 962 1190 1035 Itaque,
1229 962 1346 1017 sine
1378 960 1487 1016 ulla
1516 959 1843 1032 ignominia,
1880 960 1998 1016 suis

166 1062 408 1119 humeris
439 1064 694 1138 pecunias
731 1061 941 1137 populis
972 1061 1292 1118 retulerunt.
1370 1059 1559 1133 Populi
1597 1065 1810 1124 autem,
1849 1057 1998 1116 nullo

165 1142 401 1235 gemitu,
433 1164 762 1237 publicaniS,
803 1162 1000 1236 quihus
1032 1162 1131 1218 hoc
1165 1163 1280 1235 ipso
1318 1161 1491 1216 lustro
1524 1159 1662 1215 nihil
1694 1158 1995 1225 solverant,

163 1264 346 1320 etiam·
373 1264 664 1336 superioris
709 1263 869 1317 lustri
916 1262 1284 1317 reddiderunt.
1374 1261 1563 1332 Itaque
1600 1259 1902 1332 publicanis
1937 1260 1997 1314 in

164 1361 337 1419 oculis
374 1360 594 1418 fuimus.
673 1360 1000 1416 Iam-cetera
1039 1356 1343 1416 iurisdictio
1380 1376 1481 1414 nec
1519 1357 1779 1431 impedita
1811 1364 1867 1413 et
1891 1358 1995 1414 cle·

162 1474 315 1519 mens
358 1456 485 1518 cum
524 1460 827 1517 admirabili
861 1459 1136 1516 facilitate.
1216 1458 1411 1516 Aditus
1449 1466 1631 1515 autem
1665 1458 1733 1515 ad
1771 1475 1859 1514 me
1897 1461 1996 1516 mi·

162 1564 307 1620 nime
355 1562 735 1640 provincialem
786 1560 922 1617 nihil
978 1577 1075 1634 per
1124 1560 1538 1618 cubicularium.
1629 1562 1771 1617 Ante
1818 1559 1995 1616 lucem

159 1661 555 1722 inambulabam
595 1662 773 1730 domi,
825 1669 889 1719 ut
933 1662 1061 1718 olim
1106 1661 1443 1718 candidatus.
1540 1661 1707 1718 Grata
1758 1660 1893 1718 haec
1936 1670 1992 1717 et

159 1776 384 1838 magna,
420 1764 662 1839 mihique
700 1781 806 1820 non
838 1763 1100 1821 laboriosa
1132 1780 1199 1820 ex
1232 1763 1323 1819 illa
1354 1770 1536 1820 vetere
1568 1764 1781 1820 militia.

171 1988 174 1989 ⁷
235 1965 453 2024 xxvss.
536 1970 622 2023 72.
665 1967 741 2022 Ac
762 1973 780 2005 ¹
815 1965 950 2021 mihi
983 1966 1202 2038 quidem
1234 1965 1451 2021 videtur
1482 1982 1588 2021 non
1628 1982 1758 2021 sane
1797 1981 1992 2037 magna

162 2067 393 2137 varietas
444 2084 560 2123 esse
599 2068 936 2140 negotiorum
976 2066 1033 2121 in
1072 2065 1501 2122 administranda
1539 2067 1846 2138 provincia,
1896 2065 1993 2122 sed

163 2185 224 2224 ea
256 2174 374 2224 vtota
405 2167 782 2223 'iurisdictione
820 2163 1054 2222 maxime
1098 2166 1375 2221 sustineri.
1473 2167 1538 2221 ln
1584 2183 1691 2238 qua
1733 2166 1994 2222 scientiae

162 2268 479 2342 praesertim
523 2266 867 2340 provincialis
903 2265 1042 2322 ratio
1081 2268 1197 2339 ipsa
1237 2265 1485 2338 expedita
1530 2273 1640 2321 est:
1689 2266 1992 2322 constantia

160 2375 244 2425 est
275 2367 572 2425 adhibenda
603 2375 657 2423 et
685 2368 951 2439 gravitaS,
985 2383 1124 2439 quae
1157 2368 1376 2422 resistat
1409 2383 1515 2421 non
1547 2366 1722 2422 solum
1749 2367 1990 2438 gratiae,

160 2485 349 2526 verum
381 2469 544 2525 etiam
576 2469 886 2541 suspicioni.
966 2467 1320 2539 Adiungenda
1350 2467 1515 2522 etiam
1554 2473 1638 2521 est
1670 2465 1901 2523 facilitas
1934 2469 1988 2522 in

159 2569 451 2636 audiendo,
489 2570 682 2625 lenitas
704 2558 771 2624 'in
804 2568 1166 2633 decernendo,
1208 2569 1264 2623 in
1297 2566 1679 2623 satisfaciendo
1710 2585 1773 2623 ac
1806 2568 1987 2642 dispu-

157 2659 320 2726 tando
355 2670 651 2743 diligentia.
750 2670 846 2725 His
883 2669 1044 2725 rebus
1095 2684 1270 2741 nuper
1322 2669 1383 2725 0.
1420 2666 1676 2724 Octavius
1714 2669 1987 2725 iucundis·

157 2773 327 2827 simus
359 2771 489 2826 fuit:
523 2770 665 2844 apud
697 2787 856 2843 quem
890 2770 1100 2843 primus
1132 2770 1290 2825 lictor
1321 2770 1555 2842 quievit,
1595 2771 1768 2824 tacuit
1800 2786 1986 2827 accen·

159 2888 280 2936 suS,
325 2871 533 2942 quoties
584 2871 810 2942 quisque
861 2870 1064 2936 voluit,
1114 2869 1290 2934 dixit,
1343 2875 1396 2924 et
1448 2886 1609 2940 quam
1663 2869 1833 2924 voluit
1870 2870 1982 2925 diu.

158 2971 366 3040 Quibus
398 2969 488 3026 ille
525 2969 684 3025 rebus
717 2969 941 3026 fortasse
979 2970 1144 3026 nimis
1182 2971 1319 3026 lenis
1357 2969 1635 3024 videretur
1654 3011 1669 3034 ,
1709 2969 1816 3024 nisi
1852 2969 1985 3026 haec

158 3072 350 3128 lenitas
383 3072 529 3127 illam
569 3073 909 3128 severitatem
942 3079 1201 3130 tueretur.
1285 3071 1628 3144 Cogebantur
1653 3070 1859 3126 Sullani
1893 3072 1980 3128 ho·

159 3175 360 3239 mineS‚
394 3191 531 3246 quae
563 3191 657 3246 per
690 3175 799 3229 vim
833 3181 887 3229 et
918 3182 1124 3231 metum
1158 3175 1519 3238 abstulerant,
1559 3173 1801 3229 reddere.
1879 3174 1982 3241 Qui

160 3276 215 3328 in
256 3274 662 3345 magistratibus
703 3276 958 3333 iniuriose
998 3275 1373 3339 decreverant,
1415 3274 1597 3330 eodem
1639 3275 1770 3345 ipsis
1809 3275 1980 3347 priva·

220 3506 255 3562 ¹)
289 3503 340 3548 ad
366 3507 415 3564 Ω.
445 3502 620 3550 fratrem
658 3509 687 3549 l.
722 3507 760 3547 1.
794 3517 827 3546 c.
848 3505 887 3548 7.
921 3506 1036 3562 §2st

1595 3579 1649 3625 21
1673 3586 1691 3608 ³*
