2150 3990
377 202 432 260 L.
457 203 544 260 1v.
588 200 841 260 cxxix.
883 199 1015 272 §73
1057 228 1130 240 —-
1171 216 1216 255 c.
1242 198 1424 254 XXXI.
1470 199 1508 273 ς
1538 206 1620 255 77.
1858 205 1954 256 291

149 369 298 412 serae
336 351 627 409 discidium
638 376 653 417 3
691 350 983 407 liberorum
1019 351 1422 409 carissimorum
1451 348 1823 413 solitudinem,
1864 351 1967 407 lra-

149 456 250 510 tris
276 452 513 510 absentis
542 451 900 508 amantissimi
936 456 1099 523 atque
1135 450 1323 523 optimi
1362 466 1580 515 casum,
1617 448 1826 505 subitas
1851 448 1967 505 sun-

145 553 456 610 datissimae
497 550 728 607 familiae
772 550 989 607 ruinas:
1041 548 1134 605 sed
1174 548 1260 604 his
1291 550 1539 607 omnibus
1589 549 1751 607 rebus
1799 551 1969 606 vitam

147 654 428 727 anteposui
479 668 722 709 meorum
785 652 1018 715 civium;
1085 667 1308 724 remque
1363 651 1634 725 publicam
1691 649 1974 707 concidere

147 771 277 813 meo
305 753 468 810 unius
505 752 748 809 discessu
766 796 783 819 ‚
821 769 983 827 quam
1021 752 1266 808 omnium
1311 753 1537 808 interitu
1573 750 1818 810 occidere
1859 767 1972 808 ma-

149 854 247 911 lui.
342 853 595 910 Servavi»
663 855 834 926 igitur
902 852 1291 928 rempublicam
1352 851 1595 909 discessu
1644 867 1799 908 meo:
1856 868 1973 908 cac·

145 953 271 1011 dem
309 971 341 1011 a
378 954 587 1011 civibus
620 954 915 1029 liberisque
945 970 1161 1021 eorum,
1199 955 1535 1020 vastitatem,
1569 953 1816 1010 incendia
1836 995 1865 1019 ‚-
1890 970 1975 1011 ra·

146 1055 302 1127 pinas
320 1084 354 1122 ,v
375 1069 495 1111 meo
520 1054 710 1111 'dolore
737 1054 996 1130 luctuque
1031 1053 1249 1129 depuli:
1288 1061 1344 1112 et
1382 1070 1524 1111 unus
1562 1053 1647 1110 bis
1682 1054 1974 1129 rempubli-

147 1170 277 1211 cam
307 1155 516 1212 servavi
536 1197 553 1221 ‚
603 1155 776 1213 semel
800 1155 969 1227 gloria
990 1196 1005 1221 ,
1045 1156 1244 1213 iterum
1282 1170 1544 1211 aerumna
1581 1170 1718 1213 mea.
1795 1154 1980 1228 Neque

148 1256 295 1326 enim
333 1255 391 1311 in
423 1253 526 1310 hoc
562 1269 655 1309 me
687 1254 960 1309 bominem
997 1271 1116 1310 esse
1154 1255 1426 1309 infitiabor
1464 1270 1751 1326 umquam,
1791 1261 1855 1309 ut
1891 1269 1981 1311 me

147 1354 352 1429 optimo
379 1351 576 1418 tratre,
614 1352 913 1408 carissimis
949 1350 1164 1416 liberis,
1204 1351 1519 1408 fidelissima
1553 1353 1783 1423 coniuge
1801 1392 1818 1417 ,
1856 1368 1977 1407 con·

149 1460 340 1529 spectu
377 1451 669 1518 bonorum,
726 1452 930 1526 patria,
978 1450 1079 1508 hoc
1123 1450 1341 1509 honoris
1384 1451 1587 1525 gradu,
1645 1453 1764 1507 sine
1799 1450 1982 1509 dolore

149 1555 390 1613 caruisse
413 1552 629 1627 gion-ier.
691 1555 798 1610 76.
838 1552 1006 1610 Μίὴὶ1
1037 1559 1220 1610 autem
1241 1553 1574 1628 temporibus
1606 1552 1715 1609 illis
1744 1553 1980 1611 multum

150 1657 207 1714 in
228 1655 433 1713 mimo
470 1653 672 1712 Marius
721 1636 1073 1721 versabatur,
1130 1653 1473 1721 recordanti,
1528 1670 1693 1728 quam
1734 1653 1824 1711 ille
1861 1672 1980 1728 gra·

150 1772 273 1814 vem
303 1770 472 1814 suum
510 1771 697 1813 casum
737 1757 943 1830 ‘magno
975 1757 1157 1813 animo
1176 1798 1191 1823 ,
1229 1773 1393 1831 quam
1433 1758 1702 1813 constanti
1748 1756 1981 1815 tulisset.

151 1857 499 1915 memineram
519 1863 544 1901 ⁸
571 1856 820 1915 divinum
859 1857 1013 1914 illum
1045 1859 1224 1915 virum
1245 1899 1260 1924 ‚
1299 1865 1463 1931 atque
1495 1874 1561 1913 ex
1596 1855 1813 1924 iisdem,
1863 1860 1982 1932 qui·

152 1956 256 2015 bus
290 1973 426 2024 nos,
461 1956 735 2016 radicibus
764 1963 955 2014 natum
987 1957 1055 2014 ad
1087 1957 1317 2014 salutem
1350 1957 1515 2014 huius
1545 1958 1799 2031 imperii,
1836 1974 1984 2015 sum-

155 2075 245 2115 ma
283 2065 560 2116 senectute
579 2100 596 2126 ,
634 2075 804 2133 quum
837 2061 948 2115 vim
986 2076 1150 2132 prope
1189 2061 1455 2115 iustorum
1489 2076 1766 2116 armorum
1805 2058 1983 2134 prosu-

115 2138 117 2146 Α
156 2159 322 2231 gisset
342 2199 358 2224 ,
405 2159 580 2231 primo
623 2158 791 2224 senile
842 2175 1038 2231 corpus
1093 2157 1379 2231 paludibus
1429 2158 1728 2215 occultasse
1777 2158 1983 2216 demer-

157 2274 313 2315 sum:
373 2257 567 2315 deinde
613 2257 680 2315 ad
732 2258 1042 2314 infimorum
1095 2274 1158 2314 ac
1203 2259 1645 2314 tenuissimorum
1703 2258 1983 2317 bominum

157 2359 449 2415 Minturnis
484 2357 911 2414 misericordiam
938 2356 1277 2430 confugisse:
1318 2358 1442 2415 inde
1463 2360 1677 2431 navigio
1696 2376 1956 2433 perparvo
1974 2405 1988 2426 ,

157 2474 329 2535 quum
359 2474 544 2514 omnes
580 2464 771 2531 portus
808 2463 1088 2530 terrasque
1119 2457 1329 2531 lugeret
1344 2499 1358 2523 ,
1399 2459 1456 2514 in
1493 2475 1615 2515 oras
1647 2459 1860 2517 Africae
1897 2462 1987 2517 de·

157 2557 487 2616 sertissimas
517 2558 841 2631 pervenisse.
920 2559 1095 2631 Atque
1128 2557 1217 2614 ille
1249 2559 1417 2614 vitam
1456 2575 1642 2626 suam,
1689 2563 1745 2616 ni
1780 2561 1987 2617 inultus

157 2663 335 2725 esset,
372 2657 442 2715 ad
481 2658 899 2715 incertissimam
931 2676 1081 2733 spem
1131 2667 1186 2716 ct
1225 2660 1291 2716 ad
1331 2660 1657 2734 reipublicae
1695 2662 1867 2719 satum
1906 2680 1987 2719 re·

162 2760 413 2817 servavit.

236 2958 426 3016 XXXI.
507 2961 595 3014 77.
636 2957 782 3014 Hac*¹
804 2965 958 3015 tanta.
972 2959 1373 3032 perturbatione
1393 2960 1655 3025 civitatiS,
1689 2977 1756 3015 ne
1776 2968 1986 3017 noctem

162 3059 383 3135 quidem
434 3059 680 3117 consules
719 3061 863 3116 inter
911 3078 1093 3117 meum
1129 3078 1318 3118 casum
1371 3069 1425 3117 et
1477 3060 1799 3134 reipublicae
1837 3079 1988 3136 prae·

164 3162 288 3218 dam
323 3164 580 3221 interesse
619 3164 763 3235 passi
797 3151 956 3218 sunt:
998 3164 1181 3221 statim
1203 3207 1217 3229 ,
1258 3180 1343 3219 me
1383 3162 1627 3235 perculso
1648 3207 1661 3228 ‚
1701 3163 1769 3220 ad
1807 3180 1987 3220 meum

229 3420 269 3476 ι)
301 3431 377 3479 pro
414 3417 555 3463 Sextio
593 3431 628 3461 c.
670 3418 741 3460 22.
787 3418 811 3474 §
848 3420 918 3464 49.
968 3444 1025 3451 ——
1076 3421 1115 3475 ³)
1148 3418 1200 3463 de
1233 3418 1418 3463 Divinat.
1454 3423 1508 3464 ΙΙ.
1555 3436 1590 3464 c.
1626 3424 1697 3467 67.
1732 3422 1757 3479 ᾗ
1796 3424 1894 3464 140.
1929 3445 1985 3452 -

169 3495 207 3554 ⁵)
240 3509 315 3555 pro
346 3494 488 3542 Sextio
526 3511 560 3540 c.
597 3496 667 3541 22.
703 3495 820 3554 §50.
853 3522 909 3531 --
944 3498 985 3556 ⁴)
1017 3494 1126 3541 lbid.
1161 3512 1196 3542 c.
1232 3499 1302 3541 24.
1339 3499 1361 3555 §
1395 3500 1466 3541 54.
