2150 3990
215 231 318 282 212
784 240 994 283 cicnno
1042 244 1111 282 nn
1159 241 1298 283 νιΤΑ
1351 243 1455 282 sua

214 376 485 432 meliorem
538 393 684 449 spem
720 377 995 433 inclinatio
1035 379 1147 432 visa
1197 384 1295 433 est.
1377 382 1464 433 57.
1506 376 1752 432 Decrevit
1809 384 2028 434 senatus

215 475 463 548 frequens
503 476 567 530 de
607 493 724 531 meo
765 477 942 531 reditu
982 476 1234 531 Kalendis
1274 478 1422 542 lun.‚
1462 476 1810 532 dissentiente
1847 478 2030 543 nullo,

213 575 475 631 referente
497 577 552 630 L.
575 577 797 641 Ninni0‚
828 578 982 631 cuius
1005 578 1061 631 in
1082 594 1200 632 niea
1227 594 1417 632 caussa
1450 594 1746 649 numquam
1774 577 1905 632 fides
1925 580 2028 632 vir-

213 683 405 749 tusque
427 678 766 732 contremuit.
804 677 1114 733 Intercessit
1136 676 1316 730 Aelius
1332 717 1346 739 ‚
1367 677 1534 747 Ligur
1553 677 1679 742 iste,
1703 678 1882 732 nescio
1902 678 1995 748 qui
2018 720 2031 741 ‚

214 777 637 832 additamentum
658 777 1001 830 inimicorum
1022 792 1282 830 meorum.
1306 776 1410 830 Res
1429 783 1545 831 erat
1565 783 1618 832 et
1639 794 1829 832 caussa
1849 783 2032 832 nostra

215 894 275 930 eo
303 879 408 932 iam
430 877 562 940 loci,
601 882 662 929 ut
684 875 889 945 erigere
917 875 1127 940 oculoS,
1167 881 1220 929 et
1241 875 1419 929 vivere
1445 875 1735 931 videretur.
1777 876 2033 948 Quisquis

213 963 356 1041 erat,
414 978 507 1047 qui
554 976 789 1046 aliquam
829 981 1037 1046 partem
1078 977 1137 1036 in
1181 991 1301 1029 meo
1351 974 1504 1030 luctu
1541 977 1758 1031 sceleris
1795 977 2034 1032 Clodiani

213 1077 515 1146 attigisset,
555 1091 892 1146 quocumque
924 1082 1173 1140 venerat,
1212 1074 1355 1146 quod
1377 1075 1639 1131 iudicium
1660 1092 1892 1148 cumque
1909 1077 2032 1132 sub·

214 1178 378 1240 ierat,
443 1174 816 1229 damnabatur.
908 1174 1287 1230 Inveniebatur
1337 1192 1495 1230 nemo
1514 1217 1530 1241 ‚
1587 1177 1682 1247 qui
1739 1193 1797 1231 se
1846 1175 2036 1243 suffiae.

210 1277 360 1348 gium
401 1275 468 1330 de
504 1293 590 1331 me
630 1274 817 1330 tulisse
859 1275 1225 1330 confiteretur.
1303 1279 1393 1330 58.
1433 1276 1745 1332 Decesserat
1795 1293 1860 1333 ex
1911 1277 2036 1332 Asia

210 1376 378 1432 frater
410 1393 564 1431 meus
595 1393 790 1447 magno
821 1376 1096 1448 squalore,
1135 1375 1228 1430 sed
1261 1375 1432 1431 multo
1463 1377 1626 1431 etiam
1659 1378 1861 1433 maiore
1894 1395 2034 1434 mae-

211 1496 348 1534 rore.
429 1478 565 1532 Huic
617 1477 684 1532 ad
732 1477 927 1532 Urbem
978 1477 1214 1532 venienti
1272 1483 1384 1531 tota
1430 1476 1641 1532 obviam
1680 1478 1872 1532 civitas
1909 1494 2034 1534 cum

211 1580 448 1634 lacrimis
494 1580 806 1650 gemituque
843 1583 1208 1649 processerat:
1267 1576 1585 1648 loquebatur
1627 1576 1850 1632 liberius
1886 1594 2036 1634 sena-

211 1688 326 1734 tus:
368 1679 759 1734 concurrebant
797 1679 1005 1749 equites
1037 1677 1299 1732 Romani:
1339 1677 1462 1732 Piso
1495 1676 1618 1742 ille,
1657 1694 1823 1749 gener
1853 1695 2036 1744 meuS,

210 1781 297 1834 cui
340 1779 577 1835 fructum
624 1780 841 1853 pietatis
879 1796 1009 1834 suae
1055 1794 1228 1851 neque
1284 1794 1351 1833 ex
1401 1794 1488 1832 me
1546 1794 1719 1851 neque
1763 1795 1796 1834 a
1845 1780 2039 1853 populo

211 1881 449 1935 Romano
488 1879 627 1935 ferre
664 1879 855 1944 licuit,
908 1895 939 1934 a
985 1879 1284 1951 propinquo
1313 1893 1413 1932 suo
1455 1894 1701 1933 socerum
1749 1894 1908 1934 suum
1944 1879 2034 1935 fla·

209 1980 446 2051 gitabat:
500 1980 680 2055 omnia
737 1984 958 2034 senatus
1008 1977 1313 2042 reficiebat,
1381 1977 1485 2033 nisi
1536 1977 1602 2035 de
1659 1994 1746 2034 me
1796 1980 2034 2052 primum

208 2079 456 2136 consules
489 2078 819 2135 retulissent.

286 2281 396 2338 XV.
478 2284 566 2336 39.
608 2281 782 2353 Atque
804 2286 822 2319 ¹
877 2278 1016 2334 hanc
1055 2295 1170 2335 rem
1215 2295 1314 2353 par
1365 2278 1498 2336 illud
1549 2281 1760 2347 simile,
1817 2281 1939 2337 Piso
1982 2289 2037 2338 et

211 2383 468 2439 Gabinius
487 2425 504 2448 ‚
555 2381 707 2437 vidit.
787 2380 1042 2435 Homines
1088 2379 1270 2452 legum
1315 2380 1748 2455 iudiciorumque
1796 2389 2035 2440 metuen-

184 2491 293 2539 tes
312 2526 327 2548 ,
379 2498 548 2554 quum
588 2481 1057 2553 frequentissimus
1102 2487 1322 2536 senatus
1359 2479 1450 2537 eos
1469 2524 1485 2547 ,
1542 2490 1605 2538 ut
1644 2482 1710 2539 de
1747 2500 1834 2539 me
1872 2482 2034 2539 refer-

209 2590 360 2648 rent,
401 2580 638 2653 quotidie
679 2579 975 2651 flagitaret,
1023 2596 1128 2634 non
1167 2597 1225 2635 se
1257 2597 1374 2635 rem
1415 2581 1717 2654 improbare
1757 2583 2035 2648 dicebant,

210 2684 303 2740 sed
341 2683 457 2754 lege
484 2680 652 2737 Clodii
683 2679 950 2753 impediri.
1030 2680 1161 2736 Erat
1194 2680 1294 2736 hoc
1328 2696 1535 2737 verum.
1614 2683 1748 2738 Nam
1783 2683 2035 2756 impedie-

208 2785 408 2839 bantur
427 2825 442 2848 ‚
480 2798 672 2837 verum
708 2798 771 2836 ea
802 2780 918 2853 lege
938 2823 954 2846 ‚
993 2797 1156 2853 quam
1194 2780 1336 2836 idem
1371 2783 1473 2837 iste
1504 2782 1570 2838 de
1595 2782 1901 2839 Macedonia
1940 2784 2036 2858 Sy-

211 2886 398 2956 riaque
424 2882 640 2938 tulerat.
684 2881 788 2937 Sed
806 2887 828 2919 ²
861 2882 977 2946 isti,
1018 2883 1112 2953 qui
1132 2881 1300 2938 Clodii
1320 2881 1466 2954 leges
1485 2883 1814 2951 timuerunt,
1854 2901 2034 2956 quem·
2118 2918 2122 2923 »

211 2984 500 3041 admodum
532 2989 738 3038 ceteras
759 2981 1146 3037 observarunt?
1228 2983 1458 3038 Senatus
1486 2984 1734 3056 quidem,
1773 2986 1930 3045 cuius
1955 2992 2036 3041 est

211 3087 591 3159 gravissimum
631 3083 892 3138 iudicium
932 3082 998 3138 de
1038 3084 1155 3138 iure
1202 3083 1382 3155 legum
1403 3127 1418 3149 ,
1476 3086 1919 3157 quotiescumque
1969 3085 2035 3140 de

211 3205 297 3242 me
337 3186 613 3242 consultus
657 3191 767 3250 est,
826 3185 984 3239 toties
1029 3202 1146 3240 eam
1186 3184 1389 3241 nullam
1433 3202 1548 3240 esse
1588 3184 1862 3240 iudicavit.
1943 3191 2032 3243 40.

214 3288 391 3355 Quum
413 3294 434 3326 ³
466 3287 595 3342 haec
617 3304 722 3341 non
744 3292 958 3358 possent
991 3286 1098 3341 iam
1128 3286 1334 3342 diutius
1367 3287 1634 3342 sustinere
1654 3331 1670 3353 ,
1710 3288 1882 3343 initur
1913 3304 2035 3343 con·-

270 3452 309 3508 ¹)
342 3464 416 3509 pro
445 3450 576 3493 Domo
607 3463 684 3493 sua
710 3463 744 3493 c.
772 3449 844 3495 26.
883 3449 997 3505 §7st
1033 3474 1089 3481 -·
1125 3446 1287 3506 ²)1bid.
1322 3465 1359 3494 c.
1390 3451 1461 3494 27.
1497 3450 1610 3506 §71.
1646 3476 1702 3484 —
1737 3450 1777 3509 ³)
1795 3465 1869 3511 pro
1894 3448 2037 3493 Sextio

208 3545 243 3574 c.
274 3531 343 3572 32.
380 3530 404 3583 ς
439 3517 509 3571 69.
