2150 3990
515 233 568 286 L.
597 233 681 288 Vl.
724 230 924 286 exul.
968 231 1006 303 §
1034 234 1103 284 50
1143 259 1214 268 —
1255 246 1300 281 c.
1326 228 1460 284 xw.
1504 231 1544 302 g
1570 234 1655 284 52.
1892 234 1990 284 251

168 391 221 440 et
259 386 531 458 corporis,
583 381 894 440 conceditur
931 386 1260 454 temporumz
1318 386 1582 451 quantum
1620 379 1711 434 alii
1750 379 1998 435 tribuunt

170 485 503 559 tempestivis
534 485 821 549 conviviiS,
860 487 1125 556 quantum
1156 479 1387 552 denique
1419 479 1592 546 aleae,
1631 486 1897 552 quantum
1918 482 1995 552 pi-

170 586 282 651 lae,
320 590 533 642 tantum
566 585 700 640 mihi
733 590 943 656 egomet
974 583 1043 640 ad
1074 581 1204 638 haec
1231 580 1412 637 studia
1444 580 1725 636 recolenda
1756 597 1994 654 sumpse-

109 741 121 746 ,
171 686 274 741 ro?
352 689 442 741 31.
495 685 670 758 Atque
721 684 821 739 hoc
860 684 991 740 adeo
1035 682 1170 739 mihi
1208 680 1610 737 concedendum
1661 687 1743 736 est
1788 683 1963 753 magis
1986 724 1999 746 ‚

170 783 313 858 quod
350 801 416 841 ex
453 784 539 840 his
571 785 767 840 studiis
805 785 937 841 haec
974 800 1186 858 quoque
1211 783 1409 842 crescit
1445 782 1616 838 oratio
1647 789 1702 838 et
1740 781 1999 848 facultas,

170 900 308 958 quae
328 926 343 951 ,
383 891 818 959 quantacumque
850 892 934 943 est
971 887 1029 942 in
1065 902 1153 941 me
1174 925 1189 950 ,
1239 898 1540 957 numquam
1577 884 1879 939 amicorum
1910 901 1997 958 pe·

170 984 358 1042 riculis
385 985 572 1043 defuit.
653 987 800 1055 Quae
838 988 886 1043 si
914 987 1003 1042 cui
1031 986 1199 1042 levior
1229 986 1472 1049 videtur,
1512 984 1605 1040 illa
1635 982 1854 1057 quidem
1888 1002 1999 1040 cer-

173 1093 254 1153 te,
293 1103 430 1161 quae
462 1103 676 1145 summa
707 1093 865 1153 sunt,
904 1104 968 1143 ex
1000 1104 1104 1160 quo
1136 1086 1282 1142 fonte
1308 1086 1586 1151 hauriam,
1625 1086 1814 1141 sentio.
1868 1086 2002 1141 Nam

174 1189 279 1243 nisi
323 1186 619 1243 multorum
652 1188 952 1260 praeceptis
984 1187 1281 1259 multisque
1311 1186 1508 1242 litteris
1548 1185 1683 1240 mihi
1727 1185 1793 1240 ab
1830 1184 2002 1240 adole·

170 1287 376 1342 scentia
407 1287 723 1350 suasissem,
762 1286 898 1340 nihil
937 1302 1053 1340 esse
1093 1286 1149 1339 in
1183 1286 1295 1339 vita
1333 1300 1530 1355 magno
1568 1301 1727 1355 opere
1752 1290 2002 1355 expeten-

168 1386 329 1451 dum,
367 1385 473 1440 nisi
506 1384 720 1440 laudem
751 1391 807 1439 et
844 1384 1207 1446 honestatem:
1248 1386 1305 1438 in
1332 1400 1395 1439 ea
1421 1390 1603 1439 autem
1637 1384 2003 1455 persequenda

166 1498 354 1542 omnes
384 1484 662 1541 cruciatus
694 1484 966 1557 corporiS,
1003 1483 1187 1539 omnia
1213 1482 1454 1556 pericula
1490 1484 1685 1538 mortis
1716 1489 1879 1555 atque
1917 1501 2005 1539 ex·

166 1584 277 1643 silii
307 1586 461 1661 parvi
493 1601 610 1642 esse
642 1583 922 1647 ducenda:
961 1600 1259 1657 numquam
1292 1601 1381 1640 me
1411 1601 1509 1658 pro
1546 1583 1721 1640 salute
1753 1585 2005 1657 reipubli-

166 1701 262 1742 cae
310 1685 370 1742 in
405 1691 486 1742 tot
517 1701 581 1742 ac
618 1691 799 1742 tantas
837 1685 1215 1741 dimicationes
1263 1691 1427 1758 atque
1466 1686 1524 1741 in
1563 1684 1661 1740 hos
1699 1685 2002 1758 profligato-

169 1800 294 1843 rum
330 1785 611 1843 hominum
648 1786 992 1859 quotidianos
1029 1786 1267 1859 impetus
1305 1785 1640 1841 obiecissem.
1720 1785 1825 1841 Sed
1863 1786 2005 1859 pleni

164 1892 519 1944 'sunt'omnes
542 1887 704 1953 libri,
742 1887 932 1961 plenae
963 1888 1292 1961 sapientium
1325 1903 1510 1952 voceS,
1551 1886 1708 1960 plena
1738 1886 2002 1960 exemplo·

167 2003 292 2044 rum
323 1993 590 2051 vetustam
629 2004 767 2061 quae
806 1988 1046 2044 iacerent
1079 1988 1135 2044 in
1169 1987 1408 2043 tenebris
1448 1988 1628 2043 omnia
1649 2029 1664 2052 ,
1717 1988 1823 2042 nisi
1862 1988 2004 2045 litte·

168 2103 356 2145 rarum
404 2088 590 2145 lumen
647 2088 943 2146 accederet.
1036 2089 1209 2157 Quam
1259 2088 1460 2143 multas
1507 2088 1661 2144 nohis
1711 2089 2004 2160 imagines,

170 2204 277 2244 non
320 2189 496 2246 solum
547 2190 617 2246 ad
654 2189 977 2247 intuendum
997 2231 1013 2255 ,
1063 2205 1255 2245 verum
1300 2190 1469 2244 etiam
1519 2188 1588 2243 ad
1639 2189 1964 2245 imitandum
1987 2234 2001 2255 ,

169 2288 588 2347 fortissimorum
645 2292 888 2347 virorum
939 2307 1219 2364 expressas
1275 2290 1566 2363 scriptores
1617 2297 1673 2346 et
1724 2292 1913 2347 Graeci
1951 2299 2006 2347 et

167 2390 345 2448 Latini
377 2391 739 2466 reliquerunti
781 2408 916 2464 quas
947 2408 1045 2463 ego
1077 2390 1215 2447 mihi
1246 2407 1461 2463 semper
1493 2392 1549 2446 in
1575 2390 2002 2448 administranda

167 2491 442 2566 republica
472 2506 772 2567 proponens
791 2534 808 2558 ,
847 2491 1092 2547 animum
1125 2498 1179 2546 et
1224 2500 1463 2546 mentem
1495 2507 1671 2547 meam
1706 2493 1822 2566 ipsa
1862 2494 2002 2565 cogi-

166 2593 368 2650 tatione
400 2592 681 2650 hominum
713 2592 1091 2649 excellentium
1131 2590 1549 2647 conformaham.

244 2793 382 2849 XIV.
464 2797 551 2850 52.
607 2794 945 2867 Quamquam
968 2801 986 2834 ¹
1047 2795 1218 2850 nostri
1270 2811 1430 2850 casus
1475 2793 1596 2866 plus
1645 2793 1864 2849 honoris
1914 2795 2003 2850 ha-

170 2895 440 2960 buerunt,
479 2911 643 2968 quam
674 2895 906 2959 laboris;
943 2911 1118 2969 neque
1150 2882 1365 2952 tantum
1397 2895 1702 2959 molestiae,
1740 2902 2005 2967 quantum

172 2995 405 3067 gloriae:
444 2995 811 3068 maioremque
861 2996 1126 3053 laetitiam
1164 3014 1231 3052 ex
1269 2995 1535 3052 desiderio
1586 2994 1848 3050 bonorum
1887 3012 2004 3068 per·

169 3097 411 3170 cepimus
431 3139 446 3162 ,
498 3113 661 3168 quam
701 3113 767 3151 ex
806 3096 1012 3153 laetitia
1060 3098 1427 3171 improborum
1474 3095 1728 3150 dolorem.
1808 3096 1913 3151 Sed
1958 3099 2005 3152 si

171 3197 328 3252 aliter
366 3197 680 3263 accidisset,
720 3200 813 3270 qui
854 3216 1062 3272 possem
1095 3200 1292 3273 queri?
1335 3215 1502 3271 quum
1549 3198 1683 3253 mihi
1723 3198 1857 3254 nihil
1906 3200 2002 3255 im-

172 3298 415 3368 proviSO,
477 3315 573 3352 nec
636 3300 855 3369 gravius
914 3318 1074 3372 quam
1136 3300 1581 3373 exspectavissem
1606 3343 1618 3364 ,
1693 3318 1786 3372 pro
1840 3303 2004 3356 tantis

236 3529 273 3584 ¹)
306 3525 356 3571 de
389 3526 571 3587 Republ.
611 3530 640 3571 1.
677 3544 710 3571 ‹·.
733 3529 770 3571 4.
809 3530 897 3583 §7.
