2150 3990
238 204 342 254 224
815 214 1027 254 menno
1075 215 1144 253 on
1192 214 1327 256 v1'rA
1374 212 1481 255 su».

234 350 343 422 ptis
378 345 702 422 reipublicae
745 365 935 406 caussa
956 392 970 417 ,
1028 365 1166 422 quae
1202 349 1374 405 salute
1426 354 1607 404 nostra
1646 347 2049 418 continebatur,

235 465 419 505 omnes
452 449 507 504 P.
530 448 697 506 Clodii
737 455 960 506 conatus
998 448 1312 524 furoresque
1344 449 1676 523 compressit.

313 649 499 707 XXVI.
578 653 668 705 65.
709 651 821 706 Iam
844 658 860 689 ¹
897 657 1198 706 ceterorum
1236 650 1411 706 officia
1449 648 1734 721 studiaque
1772 650 2054 705 recordor:

236 766 398 822 quam
444 751 679 824 cupidus.
717 753 823 806 mei
874 752 928 806 C.
970 750 1218 806 Cestilius
1237 791 1252 814 ,
1292 767 1454 822 quam
1492 750 1766 806 studiosus
1805 755 2058 814 senatuS,

236 866 399 922 quam
432 867 538 904 non
571 851 754 904 varius
794 848 957 905 fuerit
989 850 1047 904 in
1098 864 1306 905 caussa.
1385 848 1526 916 Quid
1563 850 1630 905 M.
1670 849 1925 922 Cispius?
1968 850 2059 903 cui

234 966 334 1021 ego
379 951 518 1022 ipsi,
556 950 768 1022 parenti
821 949 1084 1022 fratrique
1134 949 1253 1005 eius
1290 949 1464 1004 sentio
1502 956 1768 1021 quantum
1804 949 2058 1005 debeam:

235 1051 358 1121 qui,
416 1067 585 1122 quum
630 1066 663 1106 a
694 1066 781 1106 me
806 1050 1055 1105 voluntas
1100 1065 1287 1105 eorum
1332 1050 1390 1105 in
1434 1049 1644 1122 privato
1682 1049 1884 1105 iudicio
1921 1056 2062 1105 esset

234 1147 462 1214 offensa,
520 1148 722 1222 publici
765 1150 872 1208 mei
910 1148 1155 1205 beneficii
1199 1150 1460 1205 memoria
1504 1150 1772 1222 privatam
1821 1148 2063 1205 offensio-

228 1265 360 1308 nem
406 1248 866 1305 oblitteraverunt.
944 1249 1060 1305 Iam
1111 1249 1171 1304 T.
1205 1248 1406 1305 Fadius
1424 1291 1441 1316 ‚
1491 1251 1586 1322 qui
1627 1249 1765 1306 mihi
1786 1324 1790 1328 ¹
1813 1256 2065 1323 quaestor

237 1348 340 1404 fuit
360 1391 396 1414 ,,
425 1348 514 1404 Μ’.
550 1348 768 1404 Curtius
787 1391 804 1414 ,
851 1349 1009 1404 cuius
1059 1366 1157 1421 ego
1202 1350 1346 1422 patri
1385 1356 1638 1422 quaestor
1681 1350 1798 1416 fui,
1849 1350 2031 1406 studio
2050 1391 2064 1415 ‚

236 1466 420 1505 amore
439 1492 454 1515 ‚
493 1450 674 1505 animo
693 1490 709 1515 ,
762 1448 890 1504 huic
927 1449 1314 1505 necessitudini
1358 1467 1465 1506 non
1503 1450 1808 1506 defuerunt.
1899 1450 2066 1506 Multa

238 1550 304 1606 de
336 1567 422 1610 me
441 1550 496 1604 C.
518 1549 767 1615 Messius,
807 1556 861 1604 et
890 1549 1162 1604 amicitiae
1192 1555 1248 1604 et
1278 1547 1606 1621 reipublicae
1635 1565 1823 1605 caussa
1844 1591 1860 1616 ,
1900 1549 2065 1608 dixit:

236 1650 410 1721 legem
450 1648 731 1722 speciatim
770 1648 926 1703 initio
965 1648 1030 1704 de
1068 1647 1241 1704 salute
1272 1664 1394 1705 mea
1427 1649 1808 1723 promulgavit.
1879 1651 1940 1720 Q.
1969 1651 2068 1708 Fa-

238 1749 471 1814 briciuS,
511 1749 594 1814 si,
633 1763 770 1820 quae
808 1746 874 1804 de
904 1763 992 1804 me
1030 1764 1189 1820 agere
1226 1755 1451 1805 conatus
1483 1756 1566 1806 est
1583 1791 1600 1816 ,
1640 1767 1703 1806 ea
1740 1757 1928 1807 contra
1954 1753 2067 1811 vim

238 1856 294 1904 et
332 1849 536 1905 ferrum
567 1848 824 1922 perficere
860 1850 1151 1923 potuisset,
1189 1867 1374 1907 mense
1407 1851 1658 1907 Ianuario
1684 1859 1931 1910 nostrum
1963 1860 2070 1910 sta·

241 1957 360 2006 tum
391 1940 888 2023 recuperassemus:
929 1967 1089 2023 quem
1122 1951 1190 2007 ad
1221 1951 1451 2008 salutem
1482 1968 1659 2009 meam
1690 1953 1937 2010 voluntas
1970 1955 2070 2011 im·

242 2050 409 2122 pulit,
448 2051 529 2105 vis
559 2051 881 2117 retardavit,
915 2053 1210 2108 auctoritas
1236 2059 1456 2109 senatus
1475 2054 1763 2110 revocavit.
1841 2057 1931 2110 66.
1954 2055 2067 2113 Iam

243 2168 368 2206 vero
405 2158 679 2224 praetores
718 2169 823 2225 quo
868 2153 1049 2208 animo
1097 2153 1155 2210 in
1192 2169 1280 2211 me
1318 2152 1550 2219 fuerint,
1607 2153 1733 2210 inde
1771 2155 2071 2212 existimari

243 2253 454 2324 potuit,
494 2252 637 2325 quod
667 2252 725 2308 L.
766 2252 1029 2310 Caecilius
1057 2255 1313 2327 privatim
1345 2271 1433 2311 me
1471 2255 1587 2311 suis
1617 2255 1866 2312 omnihus
1904 2258 2072 2330 copiis
2148 2239 2150 2242 ’

241 2354 516 2410 studuerit
567 2360 900 2419 sustentare,
958 2354 1170 2428 publice
1218 2355 1576 2429 promulgarit
1620 2356 1687 2413 de
1730 2374 1851 2413 mea
1899 2357 2073 2414 salute

243 2471 371 2510 cum
410 2453 628 2525 collegis
670 2470 839 2526 paene
876 2454 1160 2520 omnihus,
1209 2456 1570 2530 direptoribus
1608 2464 1792 2514 autem
1828 2475 2073 2515 meorum

242 2555 508 2611 bonorum
540 2555 596 2608 in
631 2554 716 2608 ius
755 2553 986 2610 adeundi
1014 2561 1333 2628 potestatem
1366 2574 1473 2614 non
1504 2557 1709 2615 fecerit.
1787 2559 1856 2615 M.
1890 2565 2072 2614 autem

243 2655 483 2715 Calidius
523 2656 708 2711 statim
749 2654 1063 2727 designatus
1101 2658 1367 2714 sententia
1405 2674 1534 2724 sua,
1573 2674 1737 2731 quam
1775 2666 1916 2714 esset
1947 2676 2074 2717 cara

234 2754 350 2811 sibi
398 2771 519 2810 mea
570 2754 715 2810 salus
734 2797 751 2820 ‚
808 2755 1118 2815 declaravit.
1208 2755 1402 2814 Omnia
1459 2757 1634 2815 officia
1684 2758 1740 2814 G.
1788 2757 2072 2831 Septimii,

248 2855 311 2924 Q.
351 2854 583 2921 Valerii,
620 2855 678 2911 P.
719 2855 931 2922 Crassi,
972 2856 1092 2912 Sex.
1132 2857 1417 2927 Quintilii,
1463 2858 1518 2914 C.
1553 2858 1810 2924 Cornuti,
1861 2875 2073 2916 summa

248 2963 302 3012 et
336 2957 393 3012 in
431 2972 519 3011 me
538 2998 553 3021 ,
612 2962 666 3011 et
717 2957 773 3011 in
824 2957 1212 3031 rempublicam
1251 2961 1627 3017 constiterunt.
1707 2959 1855 3028 Quae
1903 2977 2072 3034 quum

247 3057 479 3113 libenter
516 3074 874 3114 commemoro
893 3102 909 3124 ,
947 3065 1066 3115 tum
1098 3077 1203 3120 non
1236 3061 1441 3119 invitus
1472 3059 1850 3128 nonnullorum
1891 3061 1946 3116 in
1986 3076 2074 3116 me

253 3157 454 3215 nefarie
483 3161 768 3216 commissa
802 3167 1090 3233 praetereo

250 3415 462 3428 ———-—-

310 3511 346 3565 ²)
376 3516 469 3568 post
497 3507 621 3552 redit.
656 3509 701 3553 in
735 3513 895 3557 Senatu
925 3527 959 3556 c.
995 3515 1036 3558 8.
1072 3514 1095 3570 ᾗ
1121 3515 1192 3558 21.
