2210 3970
369 250 425 307 L.
451 250 513 307 X.
557 247 886 306 c.XXXV11.
930 246 969 322 S
1003 252 1100 305 105
1140 279 1215 290 --
1255 265 1301 302 c.
1327 248 1615 305 xxxvnl.
1660 249 1849 324 8108.
1968 255 2074 309 507

232 399 448 460 multa?
528 399 617 456 Sic
652 398 788 456 mihi
823 398 1103 472 persuasi,
1142 398 1223 456 sic
1262 399 1470 465 sentio,
1510 416 1680 473 quum
1713 406 1866 457 tanta
1891 401 2075 459 celeri·

228 507 313 558 tas
346 500 652 558 animorum
681 500 793 566 sit,
824 506 977 556 tanta
1011 499 1272 556 memoria
1303 500 1722 573 praeteritorum
1745 499 2079 558 futurorum-

233 618 339 677 que
388 599 675 676 prudentia
696 641 712 665 ,
763 604 843 655 tot
890 606 1067 678 artes,
1117 606 1302 658 tentae
1353 601 1615 658 scientiae
1636 642 1650 666 ‚
1704 607 1786 657 tot
1824 602 2044 659 inventa
2067 644 2080 666 ,

232 719 339 760 non
371 718 527 778 posse
558 717 678 759 eam
718 707 1002 767 naturam,
1034 717 1173 776 quae
1206 718 1293 759 res
1324 718 1415 759 eas
1453 703 1727 759 contineat
1745 745 1760 768 ‚
1798 718 1916 760 esse
1936 718 2078 759 mor·

229 803 428 861 talemz
461 818 739 877 quumque
780 819 997 877 semper
1036 805 1277 877 agitetur
1307 804 1523 860 animus
1544 846 1559 868 ‚
1598 820 1698 860 nec
1749 803 2079 878 principium

229 909 412 963 motus
449 901 679 970 habeat,
708 903 836 977 quia
875 920 933 960 se
972 905 1085 978 ipse
1135 910 1375 967 moveat:
1413 920 1482 960 ne
1522 903 1684 960 finem
1722 902 1945 977 quidem
1983 902 2076 960 ha-

231 1004 478 1064 biturum
530 1019 648 1061 esse
700 1011 918 1071 motus,
957 1005 1087 1078 quia
1131 1021 1430 1079 numquam
1469 1022 1528 1063 se
1583 1006 1698 1079 ipse
1736 1006 1810 1062 sit
1859 1003 2078 1063 relictu-

229 1121 350 1171 rus;
387 1111 479 1172 et,
509 1122 682 1180 quum
714 1104 943 1179 simplex
972 1106 1140 1163 animi
1187 1114 1384 1164 natura
1421 1114 1605 1173 esset,
1646 1123 1819 1181 neque
1858 1105 2083 1164 haba-et

233 1207 293 1264 in
324 1222 389 1264 se
419 1205 719 1282 quidquam
759 1205 1064 1262 admixtum
1097 1206 1284 1280 dispar
1313 1208 1400 1263 sui
1444 1215 1608 1280 atque
1646 1205 1938 1273 dissimile,
1971 1222 2078 1266 nou

232 1322 388 1384 posse
424 1322 553 1365 eum
592 1305 793 1369 dividi;
830 1304 977 1379 quod
1016 1306 1063 1361 si
1103 1322 1210 1361 non
1249 1306 1449 1379 possit,
1490 1322 1595 1362 non
1634 1322 1789 1379 posse
1829 1307 2079 1364 interire:

207 1422 540 1483 ,magnoque
583 1422 702 1464 esse
748 1411 1072 1478 argumento
1128 1404 1375 1462 homines
1421 1405 1565 1462 scire
1609 1404 1865 1478 pleraque
1913 1413 2040 1463 ante
2060 1447 2078 1470 ‚

232 1523 399 1585 quam
450 1507 567 1566 nati
618 1507 766 1573 sint,
809 1504 954 1580 quod
1001 1506 1110 1563 iam
1170 1506 1361 1580 pueri,
1401 1521 1572 1578 quum
1633 1512 1779 1563 artes
1834 1504 2083 1564 difficiles

228 1607 474 1678 discant,
512 1609 589 1667 ita
645 1606 896 1666 celeriter
946 1623 1036 1664 res
1086 1605 1509 1664 innumerabiles
1544 1607 1842 1681 arripiant,
1891 1615 1954 1666 ut
1990 1625 2084 1669 ens

230 1726 343 1768 neu
398 1715 521 1768 tum
588 1709 829 1785 primum
884 1708 1131 1783 accipere
1182 1706 1472 1766 videantur
1490 1749 1507 1776 ,
1547 1705 1642 1765 sed
1689 1708 1969 1767 reminisci
2026 1717 2085 1770 et

231 1809 522 1870 recordari.
602 1809 746 1868 Haec
798 1826 1013 1884 quoque
1069 1808 1308 1866 Platonis
1358 1809 1500 1866 lere:
1553 1810 1725 1883 qui¹,
1779 1817 1838 1867 ut
1877 1809 2084 1869 nullam

207 1912 496 1971 'rationem
535 1909 791 1976 afferret,
854 1910 1035 1985 (vide,
1080 1909 1211 1984 quid
1267 1909 1472 1967 homini
1513 1910 1774 1982 tribuam)
1837 1912 1952 1985 ipsa
1992 1927 2086 1968 au-

200 2048 201 2051 =
230 2013 486 2074 ctoritate
517 2027 607 2070 me
650 2010 953 2086 frangeret:
992 2018 1074 2069 tot
1106 2018 1292 2069 autem
1311 2013 1551 2070 rationes
1592 2012 1781 2072 attulit
1802 2055 1816 2078 .
1861 2019 1922 2072 ut
1943 2011 2078 2072 velle

229 2113 431 2173 ceteris
449 2155 465 2181 ,
502 2112 610 2170 sihi
637 2118 786 2170 certe
825 2112 1158 2188 persuasisse
1196 2109 1463 2170 videatur.

306 2314 600 2376 xxxvnt.
680 2317 807 2372 107.
873 2312 1026 2384 Quod
1077 2314 1162 2371 εἰ*
1208 2313 1264 2369 in
1317 2312 1419 2370 hoc
1463 2327 1611 2377 erro,
1669 2312 1814 2385 qnod
1873 2313 2083 2373 animos

231 2416 516 2478 hominum
555 2415 890 2472 immortales
922 2430 1040 2472 esse
1061 2413 1304 2479 credam,
1337 2411 1587 2469 lubenter
1621 2428 1770 2470 erro:
1809 2430 1911 2470 nec
1941 2414 2082 2474 mihi

228 2517 376 2576 hunc
407 2532 654 2576 errorem
674 2559 689 2585 ,
740 2533 851 2591 quo
889 2514 1127 2574 delector
1147 2557 1162 2581 ‚
1202 2514 1334 2570 dum
1379 2514 1504 2570 vivo
1519 2556 1535 2579 ,
1594 2516 1905 2588 extorqueri
1945 2514 2080 2573 volo.

228 2618 327 2678 Sin
355 2624 636 2685 mortuus,
694 2621 782 2691 (ut
818 2616 1042 2692 quidam
1075 2616 1276 2673 minuti
1316 2613 1617 2689 philosophi
1663 2616 1908 2686 censent)
1945 2615 2083 2675 nihil

228 2720 492 2788 sentiam,
522 2736 631 2777 non
669 2735 884 2786 vereor,
923 2735 994 2775 ne
1050 2717 1195 2774 hunc
1233 2733 1474 2773 errorem
1509 2733 1694 2773 meum
1726 2717 1931 2774 mortui
1965 2715 2081 2790 phi·

227 2820 434 2901 losophi
465 2819 747 2877 irrideant.
826 2818 981 2888 Quod
1018 2820 1067 2875 si
1119 2835 1225 2875 non
1258 2833 1451 2874 sumus
1503 2816 1836 2874 immortales
1877 2816 2080 2883 futuri,

139 2914 141 2917 ’
227 2930 414 2981 tamen
435 2922 710 2995 exstingui
744 2920 952 2977 homini
979 2936 1079 2978 suo
1111 2928 1353 2995 tempore
1386 2917 1619 2993 optabile
1651 2925 1751 2975 est.
1830 2918 1967 2975 Nam
1987 2918 2080 2974 ha·

228 3026 321 3085 bet
362 3030 559 3082 natura
578 3065 593 3090 ,
647 3029 716 3098 qut
755 3021 989 3079 aliarum
1023 3023 1267 3079 omnium
1308 3037 1494 3078 rerum
1515 3062 1530 3086 ,
1582 3020 1661 3075 sic
1706 3018 1923 3075 vivendi
1968 3034 2078 3075 mo-

225 3126 378 3185 dum.
457 3123 720 3181 Senectus
747 3130 930 3180 autem
963 3125 1157 3180 aetatis
1195 3130 1279 3180 est
1299 3122 1568 3196 peractio,
1605 3127 1888 3192 tamquam
1927 3117 2076 3176 fabu-

228 3228 346 3286 lae:
386 3225 545 3283 cuius
582 3222 1021 3297 defatigationem
1062 3224 1246 3307 {fugere
1300 3224 1557 3280 debemus
1577 3265 1592 3287 ‚
1631 3221 1951 3294 praesertim
1984 3218 2082 3276 ad-

237 3331 424 3386 iuncta
457 3327 721 3383 satietate.
808 3329 929 3382 108.
974 3325 1156 3395 Quid⁸
1203 3343 1300 3397 ego
1334 3340 1479 3380 nunc
1527 3323 1742 3395 lugeam
1782 3322 1952 3377 vitam
1986 3320 2082 3376 ho·

303 3489 342 3547 Ι)
373 3487 499 3532 Tusc-
535 3488 567 3531 1.
602 3486 727 3529 c.21.
765 3485 879 3543 §49.
927 3510 986 3519 --
1036 3488 1075 3542 2)
1109 3483 1161 3528 de
1194 3486 1361 3528 Seneet.
1395 3498 1430 3526 c.
1467 3484 1540 3526 23.
1577 3482 1698 3539 §85.
1725 3507 1781 3514 —
1815 3479 1856 3538 ³)
1888 3478 2013 3523 Tusc.
2049 3481 2085 3522 1.

249 3581 285 3611 e.
307 3566 377 3610 34.
413 3564 437 3622 §
457 3567 527 3609 83.
