2210 3970
404 239 458 294 L.
486 239 594 295 Vll.
639 258 684 293 e.
710 236 897 293 XXXI.
940 235 979 308 S
1005 239 1072 290 83
1113 265 1188 273 —
1227 251 1272 288 e.
1298 234 1509 289 xxxn.
1553 235 1591 307 S
1617 239 1704 289 86.
1859 237 1968 289 5029

155 392 349 446 elarius
388 400 492 456 est,
532 398 765 446 senatum
802 387 1060 453 iudicare,
1107 384 1279 458 potius
1318 385 1710 440 mansuetudine
1748 393 1795 438 et
1828 385 1971 440 inno-

156 493 321 548 centia
363 463 692 566 imperatoris
739 489 1056 564 provinciam
1076 529 1091 552 ,
1148 502 1305 559 quam
1348 486 1400 539 υἱ
1437 486 1667 540 miluum
1703 493 1795 539 aut
1835 486 1971 539 beni-

158 593 355 664 qm‘tate
385 592 599 647 deorum
642 600 894 646 retentam
924 598 1076 663 atque
1113 594 1465 643 conservatam
1509 603 1618 640 esse
1633 606 1651 640 :
1710 585 1846 659 quod
1888 603 1980 659 eqo

159 710 275 749 mea
305 692 561 747 sententia
599 691 883 746 censebam.
963 690 1130 763 Atque
1168 688 1294 744 haec
1325 704 1417 760 eqo
1447 685 1640 742 ideirco
1678 686 1747 740 ad
1778 695 1827 741 te
1864 704 1978 741 eon-

155 800 239 847 tra
269 791 685 848 consuetudinem
717 810 887 847 meam
913 790 1154 866 pluribus
1191 789 1418 861 scripsi,
1454 797 1541 854 ut,
1581 788 1718 860 quod
1754 790 1986 843 maxime

157 890 300 957 volo,
351 892 645 956 aestimes,
698 909 781 947 me
827 892 1091 956 laborare,
1141 899 1200 945 ut
1240 889 1335 944 tibi
1376 889 1747 963 persuadeam,
1799 906 1883 943 me
1933 898 1981 944 et

156 990 379 1047 voluisse
408 992 472 1047 de
505 1001 594 1047 tua
630 992 919 1056 maiestate,
959 990 1095 1064 quod
1124 990 1509 1064 amplissimum
1540 989 1642 1043 sim
1672 989 1980 1050 arbitratus,

160 1099 211 1147 et
255 1092 391 1164 quod
441 1100 496 1145 tu
535 1091 803 1156 maluisti,
854 1094 1056 1164 sactum
1107 1109 1217 1145 esse
1259 1089 1502 1163 gaudere.
1605 1088 1726 1144 Vale
1746 1131 1760 1154 ,
1806 1098 1854 1143 et
1892 1106 1984 1143 nos

159 1190 350 1264 ditiqe,
400 1198 450 1246 et
483 1190 717 1246 instituto
762 1191 949 1247 itinere
995 1191 1317 1245 severitatem
1355 1189 1782 1262 diliyentiamque
1834 1189 1984 1244 sociis

157 1299 207 1348 et
242 1289 560 1365 reipublicae
590 1298 814 1363 praesta.

232 1487 444 1546 XXXII.
509 1491 611 1544 85.
655 1487 759 1544 Sed
781 1494 819 1554 ¹,
870 1494 932 1543 ut
970 1487 1186 1543 redeam
1237 1487 1306 1543 ad
1344 1486 1602 1553 Parthos5
1641 1494 1778 1543 nos²
1815 1505 1985 1561 quum

160 1599 401 1646 annuum
419 1595 634 1662 tempus
665 1603 827 1662 prope
849 1589 957 1643 iam
982 1588 1272 1644 emeritum
1295 1586 1622 1643 habebamus
1637 1630 1651 1653 ,
1682 1587 1821 1661 (dies
1841 1589 1984 1644 enim

156 1704 320 1746 xxxm
374 1694 536 1745 erant
594 1687 809 1762 reliqui)
877 1687 1239 1744 sollieitudine
1297 1689 1604 1762 provinciae
1664 1695 1845 1745 tamen
1903 1690 1986 1745 vel

158 1789 392 1847 maxime
434 1788 778 1863 urgebamur.
871 1789 1051 1858 Quum
1088 1790 1235 1846 enim
1286 1789 1500 1845 arderet
1546 1790 1704 1865 Syria
1749 1790 1885 1847 bello
1929 1799 1985 1847 et

152 1889 407 1957 Bibulus,
446 1891 504 1947 in
539 1896 690 1946 tanto
718 1905 961 1946 maerore
999 1906 1122 1956 suo,
1159 1891 1452 1947 maximam
1487 1907 1675 1947 euram
1714 1890 1838 1948 belli
1870 1908 1987 1948 sus·

158 1989 490 2058 tineret,›ad
515 2007 713 2064 meque
750 1990 913 2064 legati
947 1991 1064 2047 eius
1097 1998 1152 2047 et
1188 1998 1442 2064 quaestor
1478 1997 1533 2047 et
1570 1991 1734 2047 amici
1779 1991 1989 2048 litteras

161 2090 464 2156 mitterent,
504 2097 567 2146 ut
617 2090 857 2146 subsidio
892 2091 1160 2153 venirem3
1212 2092 1315 2146 etsi
1359 2091 1658 2147 exereitum
1713 2092 1990 2148 infirmum

162 2189 452 2257 habebam,
480 2190 702 2267 (auxilia
734 2208 863 2248 sane
882 2191 1049 2258 bona,
1069 2191 1161 2247 sed
1188 2208 1251 2247 ea
1275 2191 1586 2248 Galatarum
1603 2234 1618 2257 ,
1653 2191 1960 2249 Pisidarum
1976 2236 1990 2258 ‚

163 2289 480 2364 Lyciorum:
531 2290 662 2347 haee
701 2291 846 2347 enim
880 2298 1035 2347 erant
1066 2298 1252 2347 nostra
1288 2291 1498 2366 robora)
1553 2298 1736 2348 tamen
1767 2309 1884 2350 esse
1915 2293 1988 2349 os·

164 2389 348 2447 ficium
372 2406 556 2447 meum
593 2391 808 2464 putavi,
848 2393 1148 2447 exercitum
1184 2391 1383 2448 habere
1422 2408 1584 2465 quam
1618 2394 1861 2466 proxime
1899 2394 1989 2449 ho·

163 2495 331 2557 stem,
370 2489 544 2563 quoad
575 2490 718 2546 mihi
765 2507 1011 2563 praeesse
1060 2492 1368 2564 provinciae
1418 2505 1515 2566 per
1564 2496 1992 2551 senatusconsul-

165 2595 284 2648 tum
328 2590 536 2647 liceret.
635 2589 738 2646 Sed
758 2631 774 2656 ‚
829 2608 935 2663 quo
973 2607 1071 2663 ego
1109 2593 1345 2648 maxime
1381 2592 1686 2649 delectabar
1705 2636 1719 2659 ‚
1771 2594 1992 2650 Bibulus

166 2690 422 2749 molestus
452 2690 588 2747 mihi
621 2708 728 2747 non
765 2699 905 2747 erat:
946 2691 1012 2748 de
1044 2692 1294 2749 omnihus
1326 2692 1488 2749 rebus
1514 2694 1780 2750 scribebat
1811 2695 1879 2751 ad
1906 2713 1992 2754 me

166 2791 360 2864 potius·
438 2794 527 2847 86.
569 2791 795 2847 Interim
819 2791 960 2848 'mihi
998 2792 1323 2849 decessionis
1360 2793 1475 2848 dies
1514 2792 1811 2865 λεληθότως
1842 2795 1990 2851 obre-

171 2889 343 2963 pebat.
401 2889 535 2946 Erat
564 2891 734 2967 igitur
763 2891 897 2947 ἄλλο
927 2893 1207 2966 πρόβλημα
1225 2935 1241 2959 ,
1281 2911 1441 2967 quem
1476 2894 1846 2966 praeficerem,
1886 2896 1990 2951 uisi

169 2989 362 3048 Caldus
412 2996 664 3064 quaestor
704 2991 964 3054 venisset;
1022 2992 1088 3049 de
1131 3011 1237 3066 quo
1288 2993 1423 3049 nihil
1469 2994 1604 3049 certi
1649 2993 1989 3050 habebamus

169 3090 456 3146 Clausula³
509 3097 624 3147 erat
661 3090 894 3147 difficilis
934 3092 989 3146 in
1028 3093 1287 3149 tradenda
1325 3093 1629 3166 provincia,
1669 3110 1830 3166 quem
1851 3100 1872 3133 ⁴
1904 3113 1991 3152 re-

170 3190 499 3266 linquerem,
558 3194 650 3266 qui
709 3192 1014 3266 provinciae
1071 3202 1356 3268 praeesset.
1458 3195 1614 3250 Ratio
1671 3195 1888 3270 quidem
1938 3205 1993 3253 et

177 3354 386 3372 ᾗ

233 3460 270 3516 ²)
302 3458 434 3519 Epist.
470 3459 521 3505 ad
564 3463 616 3506 M.
642 3460 835 3506 Caelium
861 3461 935 3519 (ad
964 3464 1079 3506 Fam.
1119 3464 1173 3507 ss.
1211 3466 1281 3507 10.
1319 3466 1427 3523 §4.)
1457 3493 1515 3503 --
1551 3468 1587 3523 ²)
1619 3466 1671 3512 ad
1709 3470 1800 3511 An.
1835 3469 1904 3512 vl.
1945 3472 1982 3511 5.

173 3536 254 3591 §3.
288 3548 346 3572 ²-
378 3538 419 3597 ⁵)
450 3537 558 3583 lhid.
590 3541 656 3581 Vl.
695 3543 733 3583 3.
769 3540 849 3596 §3.
887 3567 943 3574 —-
977 3542 1017 3599 4)
1061 3540 1167 3587 thid.
1194 3542 1279 3597 §1‚
