2210 3970
595 250 765 307 L.1x.
807 249 966 305 c.1x.
1010 249 1144 322 §27
1183 279 1257 288 --
1297 266 1342 301 ο.
1367 248 1428 302 x.
1473 247 1625 321 §51-
1921 255 2028 307 407

271 400 334 458 X.
417 405 504 458 29.
546 401 776 458 Caesar¹
831 399 1153 457 Alexandria
1197 415 1255 455 se
1306 400 1546 471 recepit,
1604 397 1760 463 felix,
1818 406 1890 454 ut·
1915 402 2026 456 'sibi

191 500 410 574 quidem
443 500 751 558 videbatur:
779 518 900 558 mea
925 507 1106 558 autem
1126 500 1423 565 sententia,
1461 501 1510 556 si
1542 500 1666 573 quis
1694 498 2024 573 reipublicae

189 602 261 658 sit
293 601 506 668 infelix,
546 601 674 659 felix
710 620 828 659 esse
867 620 973 659 non
1004 608 1204 686 [potest.
1282 600 1467 674 Neque
1486 607 1507 639 ²
1546 601 1693 658 enim
1730 599 2026 673 quidquam

191 703 338 759 aliud
375 709 459 761 est
490 702 747 770 felicitas,
787 704 893 759 nisi
927 704 1275 759 honestarum
1310 719 1493 759 rerum
1523 702 1877 776 prosperitas,
1915 701 2030 766 vel,

188 810 250 859 ut
285 803 391 870 alio
426 802 585 859 modo
624 803 903 870 definiam,
944 803 1172 861 felicitas
1209 810 1292 859 est
1331 802 1576 868 fortuna,
1626 802 1865 858 adiutrix
1902 816 2028 857 con·

186 903 431 960 siliarum
465 902 754 967 bonorum;
793 904 989 976 quibus
1019 906 1114 978 qui
1149 922 1254 960 non
1295 905 1500 970 utitur,
1553 903 1679 959 felix
1717 919 1837 960 esse
1883 902 2031 959 nullo

185 1009 341 1077 pacto
379 1010 568 1078 potest.
647 1005 792 1078 Ergo
825 1007 881 1061 iu
914 1006 1140 1079 perditis
1173 1006 1462 1079 impiisque
1498 1003 1741 1061 consiliis
1758 1045 1776 1069 ,
1827 1004 2027 1078 quibus

183 1105 378 1162 Caesar
407 1121 541 1162 usus
572 1112 718 1172 erat,
759 1106 907 1163 nulla
933 1108 1110 1180 potu-it
1142 1123 1259 1163 esse
1286 1105 1532 1161 felicitas.
1613 1105 1779 1162 Hasta
1799 1111 1820 1145 ⁸
1851 1106 2027 1178 posita

183 1221 280 1278 pro
325 1205 455 1263 aede
500 1206 642 1262 Iovis
690 1205 944 1270 Statoris,
993 1207 1160 1273 bona,
1203 1207 1487 1281 (miserum
1528 1208 1639 1263 me!
1689 1206 2026 1279 consumptis

184 1306 329 1363 enin
378 1305 651 1371 lacrimis,
699 1312 883 1362 tamen
923 1306 1124 1361 infixus
1169 1307 1352 1361 animo
1386 1305 1576 1361 haeret
1626 1304 1797 1378 dolor)
1852 1305 1991 1361 bona
2012 1346 2028 1371 ‚

184 1406 434 1478 inquam,
487 1404 580 1461 Cn.
635 1405 874 1477 Pompeii
912 1404 1127 1476 Magni,
1185 1405 1301 1459 voci
1354 1403 1735 1459 acerbissimae
1785 1403 2026 1459 subiecta

183 1505 480 1580 praeconis,
559 1504 675 1561 Una
701 1505 760 1560 in
793 1504 886 1560 illa
912 1521 972 1560 re
1000 1504 1282 1561 servitutis
1312 1503 1478 1559 oblita
1510 1504 1704 1559 civitas
1730 1505 2027 1576 ingemuit,

182 1605 647 1680 mbnffimque
702 1606 928 1671 animis,
999 1622 1169 1679 quum
1225 1606 1408 1661 omnia
1465 1611 1616 1661 metu
1672 1612 1993 1662 tenerentur
2013 1649 2027 1671 ,

185 1707 423 1780 gemitus
456 1714 641 1764 tamen
672 1707 857 1782 populi
889 1707 1117 1764 Romani
1151 1706 1288 1763 liber
1321 1705 1443 1763 fuit.
1521 1711 1612 1763 50.
1653 1708 2025 1781 Exspectanti·

182 1807 285 1864 hus
333 1806 619 1874 omnibu,
667 1809 920 1881 'quisnam
973 1815 1116 1863 esset
1165 1814 1278 1863 tam
1333 1808 1571 1881 impiuS,
1621 1814 1735 1863 tam
1773 1807 2026 1871 demens,

180 1916 294 1968 tam
328 1908 438 1966 diis
471 1908 892 1983 hominibusque
921 1908 1122 1974 hostis,
1161 1910 1255 1982 qui
1288 1907 1355 1965 ad
1390 1908 1523 1964 illud
1561 1908 1739 1965 scelus
1768 1910 2027 1965 sectionis

181 2009 407 2068 aderet
446 2010 704 2068 accedere
723 2053 738 2076 ,
783 2012 1042 2067 inventus
1084 2018 1172 2067 est
1222 2027 1382 2067 nemo
1430 2018 1647 2083 praeter
1697 2011 1992 2067 Antonium
2009 2051 2024 2075 ‚

186 2112 503 2184 praesemm
525 2116 706 2184 ¹q‘uu‘m
737 2117 821 2167 tot
852 2118 1037 2167 essent
1073 2112 1283 2167 circum
1318 2111 1529 2168 hastam
1570 2111 1749 2177 iliam,
1784 2113 1880 2185 qui
1917 2111 2026 2169 alia

187 2212 367 2268 omnia
400 2211 699 2268 auderent:
740 2225 883 2268 unus
922 2213 1174 2267 inventus
1212 2219 1323 2278 est,
1362 2213 1456 2285 qui
1498 2209 1552 2267 id
1582 2212 1809 2268 auderet
1827 2254 1844 2277 ‚
1882 2213 2025 2286 quod

185 2314 428 2369 omnium
473 2311 701 2386 fugisset
726 2320 794 2369 -et
839 2313 1242 2370 reformidasset
1283 2312 1528 2369 audacia.
1609 2311 1818 2368 Tantus
1854 2314 2026 2386 igitur

186 2404 558 2487 illumssstupor
587 2415 877 2488 oppressit,
916 2412 1030 2479 vel,
1069 2421 1133 2469 ut
1164 2415 1347 2470 verius
1377 2414 1585 2479 dicam,
1624 2420 1813 2470 tannis
1843 2413 2022 2480 furor,

186 2521 249 2570 ut
298 2515 568 2588 primum,
625 2530 796 2587 quum
846 2522 1026 2570 sector
1075 2521 1216 2570 esset
1265 2515 1372 2569 isto
1421 2514 1538 2570 loco
1582 2521 1743 2570 natus
1763 2556 1779 2580 ,
1830 2515 2025 2571 deinde

183 2629 354 2688 quum
385 2616 624 2690 Pompeii
653 2623 854 2681 sector,
893 2633 1001 2672 non
1027 2632 1087 2672 se
1113 2596 1505 2672 exsecrandum
1537 2617 1732 2690 populo
1761 2617 2025 2684 Romano,

184 2730 290 2772 non
315 2715 716 2782 detestabilem,
757 2733 862 2772 non
900 2733 1088 2773 omnes
1127 2717 1230 2772 sihi
1269 2717 1424 2783 deos,
1465 2734 1652 2773 omnes
1691 2718 1938 2775 homines
1968 2727 2024 2775 et

185 2831 303 2872 esse
333 2817 582 2872 inimicos
614 2824 669 2874 et
700 2817 914 2873 futuros
950 2820 1133 2875 sciret.
1214 2820 1284 2875 At
1316 2834 1480 2891 quam
1514 2818 1807 2875 insolenter
1837 2822 2022 2877 statim

185 2915 362 2972 hell-uo
399 2918 600 2974 invasit
628 2919 687 2973 in
715 2919 832 2974 eius
863 2920 968 2974 viri
995 2919 1265 2985 fortunas,
1305 2921 1463 2975 cuius
1494 2920 1699 2975 virtute
1731 2921 2025 2977 terribilior

183 3022 303 3072 erat
327 3017 555 3089 populus
587 3017 861 3074 Romanus
891 3021 1092 3075 exteris
1122 3020 1403 3092 gentibuS,
1443 3021 1654 3075 iustitia
1679 3022 1881 3076 carior!
1961 3022 2023 3077 ln
2108 3020 2113 3026 '

184 3118 303 3173 eius
332 3118 505 3190 igitur
521 3119 627 3173 viri
647 3121 827 3191 copias
845 3135 1015 3191 quum
1048 3136 1108 3176 se
1134 3121 1313 3176 subito
1340 3121 1807 3192 ingurgitavisset,
1846 3123 2020 3177 exsul·

187 3216 335 3275 tabat
373 3218 568 3290 gaudio
605 3234 829 3291 persona
870 3219 937 3275 de
973 3221 1138 3276 mimo
1177 3221 1333 3276 modo
1371 3238 1559 3292 egenS,
1599 3228 1818 3293 repente
1851 3223 2017 3279 dives.

190 3322 277 3373 31.
319 3318 458 3386 Sed,
512 3327 572 3376 ut
623 3327 705 3375 est
752 3319 891 3393 apud
941 3329 1149 3394 poetam
1205 3324 1383 3378 nescio
1435 3339 1631 3394 quem,
1681 3325 1821 3380 male
1860 3334 2014 3396 parta

250 3492 289 3548 ι)
319 3491 428 3538 lbid.
455 3510 490 3539 c.
517 3497 590 3538 26.
623 3496 648 3551 §
677 3497 747 3538 64.
783 3522 840 3528 ——-
876 3497 914 3552 2)
948 3498 1116 3556 Fragm.
1153 3497 1285 3558 Epist.
1318 3496 1371 3540 ad
1404 3499 1529 3542 Corn.
1562 3499 1767 3560 Nepotem
1812 3501 1880 3558 (in
1917 3502 2018 3547 edit.

190 3567 339 3614 Nobbii
358 3587 398 3631 p.
419 3575 567 3628 1309,
603 3590 644 3617 n.
664 3574 764 3617 219.
789 3575 851 3631 4³)
873 3598 928 3606 -
954 3574 993 3631 ⁵)
1028 3572 1208 3635 Philipp.
1238 3578 1292 3619 11.
1322 3591 1356 3618 c.
1378 3576 1448 3618 26.
1484 3577 1597 3632 «364.
