2150 3990
236 222 305 272 94
513 268 517 271 .
821 235 1032 272 ‹ucmxo
1079 235 1148 272 DE
1199 235 1335 273 vvrA
1383 235 1488 274 sun

310 366 544 424 XXXIV.
627 371 715 422 89.
758 368 855 422 Hic
879 375 895 405 ¹
945 368 1048 423 suit
1081 385 1283 434 annuS,
1324 386 1428 440 quo
1466 385 1563 439 ego
1603 368 1943 423 consulatum
1979 387 2065 441 pe-

235 467 352 521 tivi.
432 466 651 522 Petebat
697 468 925 523 Catilina
963 486 1210 523 mecum:
1264 474 1467 540 quem2
1506 473 1687 521 tamen
1725 468 2064 525 consulatum

232 584 450 639 sperare
489 575 584 622 aut
629 570 893 640 cogitare,
932 570 1238 641 prodigium
1272 576 1432 639 atque
1465 574 1776 639 portentum
1810 576 1940 623 erat.
2021 572 2066 625 A

228 670 428 741 quibus
448 671 592 724 enim
619 670 866 742 petebat?
909 670 953 723 A
973 670 1307 742 principibus
1328 668 1595 723 civitatis?
1627 669 1721 741 qui
1747 670 1874 741 ipsi,
1896 687 2063 741 quum

231 770 289 824 L.
325 770 598 825 Volcatius
632 770 816 824 consul
862 770 917 823 in
951 770 1173 824 consilio
1207 769 1432 834 fuisset,
1485 786 1552 824 ne
1595 769 1812 842 petendi
1846 769 2064 841 quidem

230 876 550 942 potestatem
590 886 706 924 esse
744 868 1046 923 voluerunt.
1125 870 1172 924 A
1204 868 1580 924 senatoribus?
1622 870 1716 942 qui
1762 871 1941 942 ipsum
1974 885 2065 924 au·

228 971 480 1024 ctoritate
500 986 598 1023 sua
612 1011 627 1033 ‚
654 968 945 1041 spoliatum
967 970 1298 1024 ornamentis
1319 969 1570 1024 omnibus
1584 1011 1600 1035 ,
1633 969 1879 1025 vinctum
1899 987 2068 1043 paene

230 1068 500 1124 Africanis
532 1068 835 1123 oratoribus
857 1068 1214 1124 tradiderunt.
1274 1069 1354 1143 Ab
1376 1070 1613 1142 equestri
1647 1069 1868 1124 ordine?
1904 1087 2064 1142 quem

230 1168 539 1223 trucidavit.
599 1169 644 1223 A
664 1167 851 1241 plebe?
892 1170 982 1223 cui
1003 1169 1373 1241 spectaculum
1393 1169 1658 1224 eiusmodi
1678 1170 1850 1243 ipsius
1877 1170 2063 1225 crude·

225 1271 354 1326 litas
374 1269 647 1343 praebuit,
674 1276 737 1324 ut
757 1286 913 1325 nemo
927 1271 1044 1324 sine
1064 1269 1218 1325 luctu
1237 1272 1478 1343 aspicere
1491 1313 1507 1336 ,
1528 1273 1644 1326 sine
1665 1272 1872 1342 gemitu
1892 1287 2067 1326 recora

229 1371 347 1427 dari
385 1377 580 1444 posset.
642 1374 731 1426 90.
773 1370 1157 1443 Competitores
1177 1378 1224 1437 ³,
1265 1373 1359 1445 qui
1397 1373 1534 1428 certi
1568 1389 1685 1427 esse
1713 1371 2063 1436 videbantur,

228 1471 394 1530 Galba
420 1478 474 1526 et
495 1471 759 1526 Antonius
774 1478 829 1526 et
856 1471 915 1538 Q.
939 1471 1272 1527 Cornificius.
1308 1473 1503 1537 Erant,
1524 1473 1618 1544 qui
1639 1473 1803 1526 etiam
1823 1471 2066 1526 Caesoni·¹

229 1590 323 1628 um
356 1579 627 1646 putarent.
706 1572 812 1626 Nos
832 1576 854 1609 ⁴
887 1573 943 1626 in
970 1572 1119 1626 omni
1145 1590 1370 1629 munere
1398 1572 1766 1628 candidatorio
1795 1571 2065 1642 fungendo

229 1690 498 1729 summam
538 1672 885 1727 adhibuimus
928 1672 1293 1744 diligentiam:
1346 1682 1431 1740 et,
1483 1675 1738 1747 quoniam
1781 1672 2067 1728 videbatur

229 1775 286 1829 in
326 1772 601 1845 suffragiis
640 1771 875 1827 multum
913 1789 1068 1845 posse
1105 1774 1305 1839 Gallia,
1344 1791 1514 1848 quum
1547 1776 1746 1830 Romae
1784 1790 1817 1829 a
1848 1773 2067 1828 iudiciis

227 1875 404 1930 sorum
444 1873 777 1938 refrixisset,
831 1874 1100 1945 quondam
1146 1882 1511 1931 statueramus
1549 1891 1838 1931 excurrere
1882 1891 2066 1930 mense

228 1975 530 2048 Septembri
581 1975 745 2046 legati
798 1974 865 2028 ad
917 1975 1162 2030 Pisonem
1181 2018 1195 2041 ,
1248 1983 1310 2031 ut
1355 1976 1606 2031 Ianuario
1651 1982 2064 2030 reverteremur.

229 2076 377 2132 Sed⁵
409 2093 558 2141 mox,
612 2074 834 2130 consilio
872 2081 1111 2140 mutato,
1162 2076 1219 2129 in
1259 2076 1593 2148 provinciam
1633 2076 1712 2130 ire
1765 2074 2065 2139 noluimuS‚

228 2184 290 2232 ut
342 2177 549 2232 interea
599 2174 799 2230 Romae
851 2174 1060 2230 scilicet
1102 2175 1296 2230 amicis
1334 2182 1549 2248 praesto
1593 2191 1710 2230 oese
1754 2191 2060 2247 possemus:

227 2295 413 2334 omnes
432 2283 455 2316 Β
503 2276 649 2332 enim
689 2276 894 2348 gratias
932 2291 1040 2331 non
1087 2275 1246 2331 modo
1284 2275 1623 2341 retinendaS,
1671 2292 1861 2332 verum
1899 2276 2063 2331 etiam

227 2377 584 2450 acquirendas
622 2377 950 2449 putavimus
1029 2380 1121 2432 91.
1162 2377 1306 2432 Nulli
1327 2383 1351 2415 ⁷
1382 2383 1564 2432 autem
1596 2378 1790 2450 populo
1823 2378 2061 2433 Romano

227 2495 325 2552 pro
370 2496 457 2534 me
489 2479 718 2533 maiores
757 2478 865 2532 mei
900 2477 1326 2550 spoponderunt:
1368 2476 1532 2543 nulli,
1572 2494 1741 2550 quum
1780 2479 2025 2551 petebam
2048 2521 2062 2542 ,

229 2596 317 2635 me
361 2579 554 2652 populo
597 2586 849 2634 auctores
894 2578 1108 2650 generis
1159 2580 1267 2634 mei
1313 2577 1777 2634 commendarunt.
1872 2581 2020 2635 Unus
2041 2586 2063 2617 ⁸

230 2679 426 2745 frater,
478 2681 571 2752 qui
619 2680 675 2734 in
720 2697 808 2734 me
857 2680 1059 2751 pietate
1104 2678 1276 2744 filius,
1329 2678 1568 2734 consiliis
1606 2695 1828 2751 parenS,
1881 2697 2064 2735 amore

230 2782 316 2855 (ut
354 2781 490 2855 erat)
534 2781 701 2837 frater
732 2783 984 2836 inventus
1017 2787 1127 2846 est,
1167 2780 1299 2835 haec
1337 2779 1405 2835 ad
1438 2797 1525 2835 me
1551 2782 1796 2853 scripsit:

244 2935 247 2938 .
303 2882 426 2937 Etsi
442 2888 466 2921 θ
506 2884 601 2938 tibi
633 2884 808 2938 omnia
834 2891 1136 2955 suppetunt,
1177 2899 1308 2954 quae
1339 2882 1581 2954 consequi
1604 2882 1812 2954 inqenio
1845 2890 1935 2938 aut
1965 2898 2065 2935 usu
2132 2957 2133 2961 Ἰ

229 2983 465 3041 homines
491 2995 586 3039 aut
616 2986 888 3058 diliyentia
920 2993 1139 3055 possunt
1157 3027 1172 3049 ,
1213 2992 1383 3038 tamen
1407 3000 1585 3037 amore
1613 2993 1787 3037 nostro
1818 3003 1918 3038 non
1946 3003 2062 3038 sum

294 3215 332 3271 ¹)
367 3227 441 3274 pro
472 3210 612 3257 Caelio
643 3229 679 3257 c.
701 3216 741 3258 4.
770 3216 886 3272 §10.
920 3240 980 3249 —
1013 3215 1053 3271 2)
1084 3215 1256 3274 Fragm.
1287 3215 1407 3257 Orat.
1441 3212 1487 3256 in
1517 3219 1616 3272 toga
1647 3210 1829 3256 candida
1857 3211 1924 3268 (in
1957 3209 2062 3255 edit.
2141 3271 2145 3274 Δ

230 3289 386 3334 Nobbii
408 3294 610 3352 p.1301,
635 3308 679 3336 n.
699 3295 794 3351 11.)
829 3318 887 3325 —
919 3293 959 3349 5)
984 3290 1036 3334 ad
1058 3294 1149 3334 Att.
1173 3294 1267 3334 1.1.
1288 3292 1312 3348 §
1334 3293 1374 3334 1.
1409 3316 1466 3323 —
1499 3291 1540 3348 4)
1574 3287 1683 3333 lbid.
1709 3291 1791 3346 §2
1826 3314 1883 3322 --
1919 3291 1961 3348 5)
1986 3304 2063 3353 pro
2140 3292 2146 3315 ‘>

235 3371 411 3414 Murena
441 3372 567 3413 c.20.
600 3371 716 3426 §42
752 3398 811 3406 —
842 3373 883 3430 6)
914 3369 966 3414 ad
995 3372 1087 3413 Att.
1116 3371 1147 3411 Ι.
1177 3371 1216 3413 1.
1249 3369 1335 3424 M.
1368 3393 1427 3402 —-
1460 3369 1500 3425 7)
1529 3365 1582 3410 de
1600 3367 1631 3410 l.
1649 3368 1826 3427 Agraria
1843 3371 1901 3412 11.
1933 3383 1970 3413 e.
1987 3370 2059 3411 36.
2128 3380 2129 3384 ’

234 3448 260 3502 ᾗ
280 3450 384 3491 100.
404 3473 462 3481 -
482 3450 520 3507 8)
538 3456 631 3510 post
650 3448 775 3495 redit.
804 3449 847 3493 in
879 3451 1041 3494 Senatu
1063 3462 1099 3491 c.
1118 3449 1189 3492 15.
1208 3448 1232 3503 ς)
1251 3449 1322 3491 37.
1341 3471 1398 3480 --
1430 3448 1470 3505 9)
1484 3448 1538 3504 Q.
1563 3446 1707 3490 Cicero
1728 3445 1782 3490 tle
1803 3446 1927 3507 petit.
1950 3461 2062 3490 cons.
2149 3511 2150 3515 Ἰ

230 3541 267 3570 c.
289 3528 446 3582 1.§1.
