2210 3970
297 266 400 316 792
760 275 1087 313 ANNALus
1141 273 1652 311 οιοΕιιοΝιΑΝι.

293 407 449 470 quitur
481 422 582 450 eum
616 404 866 448 Orationem
895 404 1178 466 Philippicam
1208 417 1258 448 11.
1292 403 1352 448 sic
1382 404 1656 460 instituisse,
1691 410 1743 447 ut
1774 419 1867 447 cam
1899 417 2002 450 1111.
2021 407 2117 452 Kal.

291 487 385 529 Oct.
421 482 617 526 habitam
645 499 732 527 esse
764 483 986 528 finxerit.’'
1032 482 1096 527 ld.
1130 483 1184 526 ad
1214 484 1307 527 Att.
1334 495 1410 526 xv.
1445 485 1503 524 13
1521 498 1559 526 a.
1593 485 1634 525 1.
1703 483 1862 524 Octavo
1886 483 1982 528 Kal.
2016 487 2118 542 [No-

290 560 431 605 vemb.
450 578 513 604 z
530 564 588 603 25
606 561 780 619 Octob.]
814 561 926 605 duas
954 578 982 605 a
1014 569 1058 604 te
1085 562 1234 621 accepi
1258 558 1486 620 epistolas.
1518 584 1578 592 —
1615 558 1866 602 Orationem
1893 559 1977 603 tibi
2001 562 2119 605 misi.

290 640 410 682 Eius
441 637 751 682 custodiendae
793 647 835 683 et
859 637 1157 700 proferendae
1194 638 1431 681 arbitrium
1463 645 1602 680 tuum.
1666 635 1758 679 Sed
1786 637 1959 696 quando
1990 637 2120 681 illum

291 716 434 772 diem,
467 734 603 778 quum
630 724 680 760 tu
709 715 918 761 edendam
942 717 1120 777 putes?
1153 713 1267 759 lbid.
1296 725 1393 758 XVI.
1422 716 1495 756 11.
1528 716 1570 756 1.
1632 713 1769 756 Nonis
1802 713 2026 771 [Novemb.
2057 729 2122 757 z:

290 800 318 839 5
346 796 574 853 Novemb.]
606 797 755 855 accepi
782 812 810 838 a
837 803 881 839 te
911 794 1024 839 duas
1057 791 1283 854 epistolas.
1317 817 1375 824 —
1409 791 1476 833 De
1504 790 1610 832 Sica
1641 791 1709 835 ita
1737 799 1829 846 est,
1861 801 1914 836 ut
1945 792 2118 837 scribis.

286 876 376 930 At,
410 877 483 917 st!
517 889 645 933 aegre
673 889 740 916 me
779 874 916 916 tenui.
980 874 1140 931 Itaque
1163 869 1469 930 perstringam
1501 868 1597 910 sine
1621 867 1720 911 ulla
1750 871 2016 914 contumelia
2047 871 2120 914 Si-

289 968 364 995 cae
412 959 492 994 aut
537 951 812 1010 Septimiae:
857 958 1055 1004 tantum,
1097 955 1150 991 ut
1201 947 1348 990 sciant
1392 945 1563 998 παῖδες
1610 946 1824 1002 παίδων,
1872 949 1967 991 sine
2014 947 2119 991 sillo

288 1029 554 1083 Luciliano,
587 1045 684 1071 eum
716 1044 772 1071 ex·
814 1029 855 1071 C.
891 1026 1024 1070 Fadii
1048 1025 1162 1086 filia
1202 1024 1361 1068 liberos
1405 1024 1624 1070 habuisse.
1670 1024 1803 1082 [conf.
1850 1024 2032 1086 Philipp.
2069 1037 2119 1069 ιι.

287 1124 324 1152 c.
349 1110 390 1151 2.
425 1109 491 1165 3.]
538 1107 682 1166 Atque
713 1107 888 1149 utinam
916 1121 1013 1147 eum
1042 1103 1156 1146 diem
1183 1102 1385 1159 videam,
1419 1120 1554 1164 quum
1586 1104 1680 1147 ista
1711 1103 1864 1147 Oratio
1890 1102 1959 1145 ita
1988 1101 2120 1145 libere

288 1192 503 1246 vagetur‚
541 1191 594 1227 ut
628 1184 763 1227 etiam
799 1185 847 1227 in
884 1184 1011 1226 Sicae
1045 1181 1219 1225 domum
1250 1182 1473 1225 introeat!
1516 1180 1593 1226 cfr.
1627 1182 1739 1226 Lael.
1772 1180 1980 1236 Biscio!a‚
2015 1181 2122 1223 Dis·

287 1263 475 1324 quisitio
517 1278 602 1322 quo
646 1269 836 1321 tempore
883 1259 1075 1303 secunda
1122 1260 1341 1303 Ciceronis
1390 1259 1650 1321 Philippica
1693 1261 1740 1303 in
1789 1261 1846 1302 M.
1882 1258 2122 1302 Antonium

280 1341 434 1400 suerit
463 1339 615 1383 habita
648 1340 714 1398 (in
743 1338 889 1384 Eiusd.
922 1341 1137 1382 Horarum
1163 1335 1431 1382 Subsecivar.
1461 1341 1506 1381 L.
1527 1350 1646 1382 xvn.
1678 1353 1714 1382 c.
1746 1339 1808 1396 7.)
1844 1334 2122 1396 lngohtadii,

289 1423 423 1464 1611.
459 1406 528 1463 809

367 1530 452 1604 (2⁴)
495 1529 758 1584 Antonius
801 1545 846 1581 a.
883 1526 934 1581 d.
983 1544 1072 1580 vu.
1103 1525 1230 1580 Idus
1272 1524 1454 1580 Octob.
1503 1527 1602 1598 [z
1637 1529 1670 1580 9
1702 1524 1907 1599 Octoh.]
1954 1525 2122 1580 Brun·

290 1630 487 1684 disium
536 1629 929 1702 proficiscitur,
986 1634 1043 1680 ut
1082 1627 1292 1680 obviam
1341 1632 1427 1681 eat
1466 1625 1764 1697 legionibus
1801 1632 2055 1697 quattuor
2095 1644 2124 1681 e

289 1731 595 1786 Macedonia
643 1728 1027 1792 redeuntibUS,
1084 1744 1217 1798 quas
1257 1727 1303 1781 si
1345 1727 1681 1782 conciliasset
1720 1727 1857 1792 sibi,
1911 1728 2124 1803 agmine

290 1833 549 1905 quadrato
614 1831 681 1884 ad
741 1830 936 1884 Urbem
1003 1828 1255 1882 accedere
1329 1829 1548 1898 cogitat.
1610 1845 1679 1882 1x.
1745 1846 1793 1883 c.
1843 1832 1930 1882 55.
1998 1833 2120 1883 101.

289 1951 334 1988 c.
372 1938 462 1993 59.
509 1939 632 1987 111.

354 2049 438 2094 Cic.
483 2049 538 2093 ad
586 2047 782 2092 Cornific.
833 2046 908 2103 (ad
951 2050 1069 2091 Fam.
1098 2058 1182 2090 ΧΗ.
1215 2048 1290 2088 23.
1330 2047 1395 2104 2.)
1458 2045 1687 2089 Antonius
1723 2060 1764 2087 a.
1803 2043 1844 2088 d.
1891 2057 1976 2089 vn.
2012 2045 2124 2090 Idus
2208 2044 2210 2089 j

296 2127 467 2171 Octobr.
510 2125 804 2170 Brundisium
848 2133 944 2169 erat
967 2123 1206 2185 profectus
1239 2121 1410 2166 obviam
1443 2121 1691 2183 legionibus
1722 2121 2015 2166 Macedonicis
2039 2137 2122 2182 lv,

290 2222 404 2267 quas
436 2205 524 2249 sibi
552 2203 787 2248 conciliare
811 2204 1005 2265 pecunia
1036 2201 1284 2264 cogitabat,
1327 2215 1489 2261 easque
1526 2198 1589 2243 ad
1630 2200 1783 2245 Urbem
1830 2199 2043 2245 adducere
2081 2209 2125 2246 et
2199 2214 2210 2243 ’.

289 2285 339 2328 in
385 2283 626 2327 cervicibus
658 2282 826 2325 nostris
869 2281 1094 2325 collocare.
1143 2279 1326 2341 Appian.
1358 2282 1404 2323 Β.
1438 2281 1481 2322 C.
1518 2289 1590 2322 111.
1623 2293 1658 2322 c.
1693 2281 1766 2323 40.
1835 2280 1923 2331 ζ,Ως
1971 2278 2024 2326 δὲ
2059 2281 2123 2343 τῷ
2206 2282 2210 2290 “

290 2365 502 2423 Καίσαρι
536 2360 630 2407 ὑπὸ
665 2359 756 2406 τῶν
785 2363 944 2422 κρίφα
978 2357 1347 2419 ἀπεσταλμένων
1376 2354 1656 2419 ἀπηγγέλθη
1675 2391 1688 2413 ,
1723 2357 1810 2404 τὸν
1837 2356 1888 2404 ἒν
1917 2363 2125 2422 Βρεντε-

289 2447 380 2503 σὶῳ
411 2443 621 2504 στρατὸν
659 2443 738 2485 καὶ
774 2444 891 2491 τούς
924 2437 1289 2502 ἀπῳκισμένους
1321 2434 1373 2481 ἐν
1402 2434 1516 2498 ὀργῇ
1548 2435 1631 2480 τὸν
1665 2437 1930 2484 ’Λντώνιον
1963 2440 2119 2499 ἔχειν,

294 2521 567 2583 ἀμελοῦντα
600 2524 687 2565 τοῦ
729 2523 978 2579 Καίσαρος
1025 2519 1207 2575 φόνου,
1250 2519 1334 2560 καὶ
1366 2519 1495 2573 σφὰς
1529 2512 1902 2578 ἐπικουρήσειν,
1938 2518 1997 2564 ἂν
2029 2520 2122 2566 δύ-

294 2615 504 2646 νωνται·
545 2598 569 2643 ὁ
603 2596 689 2658 μὲν
725 2596 987 2647 Ἀντώνιος
1019 2595 1068 2647 ἐς
1103 2594 1157 2639 τὸ
1189 2594 1482 2656 Βρεντέσιον
1514 2592 1639 2652 ἐξῄει
1668 2594 1754 2639 aad
1786 2596 1920 2642 τάδε.
1953 2624 2014 2631 --
2046 2598 2125 2642 Dio

291 2693 394 2725 XLV.
427 2695 462 2723 c.
494 2681 565 2721 12.
598 2681 639 2720 1.
705 2679 802 2721 Τοῦ
851 2678 1119 2720 Ἀντωνίου
1150 2673 1199 2726 ἐς
1249 2674 1304 2719 τὸ
1337 2672 1628 2735 Βρεντέσιον
1670 2673 1788 2736 πρὸς
1822 2677 1938 2728 τούς
1980 2694 2122 2738 στρα-

291 2757 472 2809 τιώτας
505 2757 623 2807 τούς
652 2753 704 2799 ἐκ
724 2758 806 2812 τῆς
831 2755 1141 2807 Μακεδονίας
1166 2753 1529 2814 περαιωθέντας
1557 2751 1926 2815 ἇφορμήσαντος
1948 2755 2043 2802 κ’τὲ.
2060 2783 2119 2791 —-

287 2840 470 2882 Zonaras
501 2849 543 2880 x.
577 2851 612 2879 c.
637 2839 710 2879 14.

2202 2296 2210 2326 Ι

2203 2387 2210 2409 ae

2194 2454 2195 2458 =
2203 2446 2210 2467 ι

2198 2470 2210 2538 ἑ

2198 2630 2210 2658 ς-

2190 2660 2210 2846 ἐ

2196 2906 2210 2939 ‚²⁴¹

368 2956 454 3031 (2⁵)
497 2955 770 3010 Brundisii
810 2960 991 3008 autem
1026 2961 1077 3007 et
1121 2953 1347 3010 Suessae
1381 2955 1696 3020 Auruncae,
1737 2971 1903 3026 quum
1945 2954 2122 3009 fortis·
2187 2959 2210 3000 ²:

237 3042 241 3045 ¹
288 3060 455 3113 simae
500 3057 733 3127 legiones
772 3054 1050 3126 promissis
1090 3055 1208 3109 eius
1256 3054 1650 3118 reclamarent,
1693 3055 1959 3109 Antonius
1999 3071 2127 3113 cen·v
2206 3038 2207 3043 ἵ

288 3160 529 3213 turiones
585 3156 804 3209 domum
854 3154 919 3207 ad
969 3170 1024 3208 se
1076 3155 1257 3209 venire
1317 3156 1476 3210 iussit
1534 3172 1727 3226 eosque
1779 3163 1903 3209 ante
1960 3155 2122 3227 pedes

291 3277 414 3313 suos
448 3259 738 3328 uxorisque
773 3272 899 3310 suae
932 3254 1164 3325 iugulari
1206 3257 1396 3327 coegit.
1438 3273 1511 3313 1x.
1555 3273 1601 3310 c.
1643 3259 1734 3310 55.
1783 3260 1906 3310 101.
1949 3273 1993 3310 c.
2026 3260 2113 3310 59.

292 3364 418 3414 111.

353 3460 436 3504 Cic.
470 3460 522 3503 ad
557 3461 651 3504 Att.
679 3471 778 3503 XVI.
811 3461 853 3502 8.
887 3460 928 3501 2.
994 3457 1091 3501 Eae
1123 3458 1234 3515 (tres
1263 3457 1454 3518 legiones
1484 3456 1810 3516 Macedonicae)
1843 3456 2115 3516 congiarium

291 3539 344 3583 ab
372 3539 559 3583 Antonio
587 3539 782 3596 accipere
814 3536 1051 3581 noluerunt
1083 3563 1140 3570 -
1175 3544 1217 3580 et
1245 3537 1286 3581 ei
1319 3538 1558 3582 convicium
1589 3552 1722 3597 yrave
1745 3534 1986 3593 fecerunt,
2018 3548 2120 3577 con-

2183 3258 2205 3275 ἦ
