<?xml version="1.0" encoding="UTF-8"?>
<!DOCTYPE html PUBLIC "-//W3C//DTD XHTML 1.0 Transitional//EN"
    "http://www.w3.org/TR/xhtml1/DTD/xhtml1-transitional.dtd">
<html xmlns="http://www.w3.org/1999/xhtml" xml:lang="en" lang="en">
 <head>
  <title>
</title>
<meta http-equiv="Content-Type" content="text/html;charset=utf-8" />
  <meta name='ocr-system' content='tesseract 3.04.00' />
  <meta name='ocr-capabilities' content='ocr_page ocr_carea ocr_par ocr_line ocrx_word'/>
</head>
<body>
  <div class='ocr_page' id='page_1' title='image "./mtulliiciceronis00suriuoft/mtulliiciceronis00suriuoft_0644.png"; bbox 0 0 2210 3970; ppageno 0'>
   <div class='ocr_carea' id='block_1_1' title="bbox 208 236 1561 289">
    <p class='ocr_par' dir='ltr' id='par_1_1' title="bbox 208 236 1561 289">
     <span class='ocr_line' id='line_1_1' title="bbox 208 236 1561 289; baseline -0.001 0"><span class='ocrx_word' id='word_1_1' title='bbox 208 236 317 289; x_wconf 79' lang='lat'><em>618</em></span> <span class='ocrx_word' id='word_1_2' title='bbox 674 250 999 289; x_wconf 73' lang='lat' dir='ltr'><strong>ANNALES</strong></span> <span class='ocrx_word' id='word_1_3' title='bbox 1052 247 1561 288; x_wconf 67' lang='grc' dir='ltr'><em>οιαΕιιοΝιΑΝι.</em></span> 
     </span>
    </p>
   </div>
   <div class='ocr_carea' id='block_1_2' title="bbox 207 377 2080 3560">
    <p class='ocr_par' dir='ltr' id='par_1_2' title="bbox 207 377 2080 3560">
     <span class='ocr_line' id='line_1_2' title="bbox 207 377 2038 440; baseline -0.001 -14"><span class='ocrx_word' id='word_1_4' title='bbox 207 384 267 426; x_wconf 86' lang='grc' dir='ltr'><em>Μ.</em></span> <span class='ocrx_word' id='word_1_5' title='bbox 304 381 442 426; x_wconf 85' lang='lat' dir='ltr'><em>Tullii</em></span> <span class='ocrx_word' id='word_1_6' title='bbox 479 380 697 424; x_wconf 78' lang='lat' dir='ltr'><em>Ciceronis</em></span> <span class='ocrx_word' id='word_1_7' title='bbox 724 388 852 423; x_wconf 85' lang='lat' dir='ltr'><em>eruta</em></span> <span class='ocrx_word' id='word_1_8' title='bbox 883 388 964 424; x_wconf 86' lang='lat' dir='ltr'><em>est.</em></span> <span class='ocrx_word' id='word_1_9' title='bbox 1031 377 1227 423; x_wconf 77' lang='lat' dir='ltr'><em>Catilina</em></span> <span class='ocrx_word' id='word_1_10' title='bbox 1263 379 1373 423; x_wconf 84' lang='lat' dir='ltr'><strong><em>Urbe</em></strong></span> <span class='ocrx_word' id='word_1_11' title='bbox 1391 378 1575 440; x_wconf 67' lang='lat' dir='ltr'><em>pulso,</em></span> <span class='ocrx_word' id='word_1_12' title='bbox 1597 378 1650 422; x_wconf 91' lang='lat' dir='ltr'><em>de</em></span> <span class='ocrx_word' id='word_1_13' title='bbox 1673 378 1861 440; x_wconf 87' lang='lat' dir='ltr'><em>reliquis</em></span> <span class='ocrx_word' id='word_1_14' title='bbox 1886 381 2038 425; x_wconf 85' lang='lat' dir='ltr'><em>coniu-</em></span> 
     </span>
     <span class='ocr_line' id='line_1_3' title="bbox 208 455 2038 519; baseline -0.001 -16"><span class='ocrx_word' id='word_1_15' title='bbox 208 460 326 503; x_wconf 85' lang='lat' dir='ltr'><em>ratis</em></span> <span class='ocrx_word' id='word_1_16' title='bbox 356 458 628 518; x_wconf 84' lang='lat' dir='ltr'><em>supplicium</em></span> <span class='ocrx_word' id='word_1_17' title='bbox 662 466 887 519; x_wconf 85' lang='lat' dir='ltr'><em>sumptum</em></span> <span class='ocrx_word' id='word_1_18' title='bbox 919 463 1000 500; x_wconf 88' lang='lat' dir='ltr'><em>est.</em></span> <span class='ocrx_word' id='word_1_19' title='bbox 1064 457 1296 501; x_wconf 71' lang='lat' dir='ltr'><em>Florusw.</em></span> <span class='ocrx_word' id='word_1_20' title='bbox 1329 471 1365 499; x_wconf 86' lang='lat' dir='ltr'><em>c.</em></span> <span class='ocrx_word' id='word_1_21' title='bbox 1384 461 1426 501; x_wconf 87' lang='lat'><em>1.</em></span> <span class='ocrx_word' id='word_1_22' title='bbox 1464 455 1702 500; x_wconf 75' lang='lat' dir='ltr'><em>Catilinam</em></span> <span class='ocrx_word' id='word_1_23' title='bbox 1730 456 1914 500; x_wconf 77' lang='lat' dir='ltr'><em>luxuria</em></span> <span class='ocrx_word' id='word_1_24' title='bbox 1941 459 2038 518; x_wconf 88' lang='lat' dir='ltr'><em>pri-</em></span> 
     </span>
     <span class='ocr_line' id='line_1_4' title="bbox 209 532 2042 597; baseline -0.001 -18"><span class='ocrx_word' id='word_1_25' title='bbox 209 554 353 592; x_wconf 84' lang='lat' dir='ltr'><em>mum,</em></span> <span class='ocrx_word' id='word_1_26' title='bbox 398 544 492 579; x_wconf 87' lang='lat' dir='ltr'><em>tum</em></span> <span class='ocrx_word' id='word_1_27' title='bbox 525 536 625 579; x_wconf 76' lang='lat' dir='ltr'><em>Mne</em></span> <span class='ocrx_word' id='word_1_28' title='bbox 668 537 866 597; x_wconf 83' lang='lat' dir='ltr'><em>conflata</em></span> <span class='ocrx_word' id='word_1_29' title='bbox 894 542 1065 596; x_wconf 79' lang='lat' dir='ltr'><em>egestas</em></span> <span class='ocrx_word' id='word_1_30' title='bbox 1102 534 1168 577; x_wconf 86' lang='lat' dir='ltr'><em>rei</em></span> <span class='ocrx_word' id='word_1_31' title='bbox 1196 532 1480 590; x_wconf 80' lang='lat' dir='ltr'><em>familiaris,</em></span> <span class='ocrx_word' id='word_1_32' title='bbox 1520 533 1660 577; x_wconf 86' lang='lat' dir='ltr'><em>simul</em></span> <span class='ocrx_word' id='word_1_33' title='bbox 1688 535 1890 589; x_wconf 83' lang='lat' dir='ltr'><em>occasio,</em></span> <span class='ocrx_word' id='word_1_34' title='bbox 1924 534 2042 594; x_wconf 82' lang='lat' dir='ltr'><em>quod</em></span> 
     </span>
     <span class='ocr_line' id='line_1_5' title="bbox 209 611 2044 674; baseline -0.002 -17"><span class='ocrx_word' id='word_1_35' title='bbox 209 615 258 658; x_wconf 84' lang='lat' dir='ltr'><em>in</em></span> <span class='ocrx_word' id='word_1_36' title='bbox 295 615 506 658; x_wconf 73' lang='lat' dir='ltr'><em>extremis</em></span> <span class='ocrx_word' id='word_1_37' title='bbox 530 614 708 674; x_wconf 84' lang='lat' dir='ltr'><em>finibus</em></span> <span class='ocrx_word' id='word_1_38' title='bbox 745 613 900 658; x_wconf 86' lang='lat' dir='ltr'><em>mundi</em></span> <span class='ocrx_word' id='word_1_39' title='bbox 931 629 1057 656; x_wconf 81' lang='lat' dir='ltr'><em>arma</em></span> <span class='ocrx_word' id='word_1_40' title='bbox 1087 613 1284 655; x_wconf 80' lang='lat' dir='ltr'><em>Romana</em></span> <span class='ocrx_word' id='word_1_41' title='bbox 1303 611 1737 672; x_wconf 80' lang='lat' dir='ltr'><em>peregrinabantur,</em></span> <span class='ocrx_word' id='word_1_42' title='bbox 1781 611 1829 654; x_wconf 87' lang='lat' dir='ltr'><em>in</em></span> <span class='ocrx_word' id='word_1_43' title='bbox 1862 611 2044 669; x_wconf 85' lang='lat' dir='ltr'><em>nefaria</em></span> 
     </span>
     <span class='ocr_line' id='line_1_6' title="bbox 209 687 2046 753; baseline -0.002 -18"><span class='ocrx_word' id='word_1_44' title='bbox 209 693 398 737; x_wconf 86' lang='lat' dir='ltr'><em>consilia</em></span> <span class='ocrx_word' id='word_1_45' title='bbox 424 692 733 753; x_wconf 82' lang='lat' dir='ltr'><em>opprimendae</em></span> <span class='ocrx_word' id='word_1_46' title='bbox 748 692 930 753; x_wconf 85' lang='lat' dir='ltr'><em>patriae</em></span> <span class='ocrx_word' id='word_1_47' title='bbox 952 707 1062 735; x_wconf 87' lang='lat' dir='ltr'><em>suae</em></span> <span class='ocrx_word' id='word_1_48' title='bbox 1087 687 1348 749; x_wconf 83' lang='lat' dir='ltr'><em>compulere.</em></span> <span class='ocrx_word' id='word_1_49' title='bbox 1413 691 1626 733; x_wconf 83' lang='lat' dir='ltr'><em>Senatum</em></span> <span class='ocrx_word' id='word_1_50' title='bbox 1653 688 1912 748; x_wconf 82' lang='lat' dir='ltr'><em>confodere,</em></span> <span class='ocrx_word' id='word_1_51' title='bbox 1945 704 2046 732; x_wconf 82' lang='lat' dir='ltr'><em>cou-</em></span> 
     </span>
     <span class='ocr_line' id='line_1_7' title="bbox 210 766 2049 829; baseline -0.003 -15"><span class='ocrx_word' id='word_1_52' title='bbox 210 769 332 814; x_wconf 88' lang='lat' dir='ltr'><em>sules</em></span> <span class='ocrx_word' id='word_1_53' title='bbox 360 770 608 824; x_wconf 87' lang='lat' dir='ltr'><em>trucidare,</em></span> <span class='ocrx_word' id='word_1_54' title='bbox 643 769 909 829; x_wconf 73' lang='lat' dir='ltr'><em>distringere</em></span> <span class='ocrx_word' id='word_1_55' title='bbox 940 767 1156 812; x_wconf 85' lang='lat' dir='ltr'><em>incendiis</em></span> <span class='ocrx_word' id='word_1_56' title='bbox 1192 767 1373 822; x_wconf 81' lang='lat' dir='ltr'><em>Urbem,</em></span> <span class='ocrx_word' id='word_1_57' title='bbox 1407 766 1600 828; x_wconf 79' lang='lat' dir='ltr'><em>diripere</em></span> <span class='ocrx_word' id='word_1_58' title='bbox 1624 767 1874 821; x_wconf 82' lang='lat' dir='ltr'><em>aerarium,</em></span> <span class='ocrx_word' id='word_1_59' title='bbox 1906 773 2049 810; x_wconf 79' lang='lat' dir='ltr'><em>totam</em></span> 
     </span>
     <span class='ocr_line' id='line_1_8' title="bbox 213 843 2049 910; baseline -0.004 -15"><span class='ocrx_word' id='word_1_60' title='bbox 213 848 401 910; x_wconf 78' lang='lat' dir='ltr'><em>denique</em></span> <span class='ocrx_word' id='word_1_61' title='bbox 432 849 747 909; x_wconf 79' lang='lat' dir='ltr'><em>rempublicam</em></span> <span class='ocrx_word' id='word_1_62' title='bbox 770 845 993 904; x_wconf 79' lang='lat' dir='ltr'><em>funditus</em></span> <span class='ocrx_word' id='word_1_63' title='bbox 1025 843 1213 900; x_wconf 88' lang='lat' dir='ltr'><em>tollere,</em></span> <span class='ocrx_word' id='word_1_64' title='bbox 1244 852 1288 888; x_wconf 91' lang='lat' dir='ltr'><em>et</em></span> <span class='ocrx_word' id='word_1_65' title='bbox 1319 845 1542 906; x_wconf 73' lang='lat' dir='ltr'><em>quidquid</em></span> <span class='ocrx_word' id='word_1_66' title='bbox 1570 863 1646 890; x_wconf 90' lang='lat' dir='ltr'><em>nec</em></span> <span class='ocrx_word' id='word_1_67' title='bbox 1675 845 1903 889; x_wconf 80' lang='lat' dir='ltr'><em>Hannibal</em></span> <span class='ocrx_word' id='word_1_68' title='bbox 1930 844 2049 889; x_wconf 85' lang='lat' dir='ltr'><em>vide·</em></span> 
     </span>
     <span class='ocr_line' id='line_1_9' title="bbox 214 921 2050 986; baseline -0.003 -16"><span class='ocrx_word' id='word_1_69' title='bbox 214 934 339 971; x_wconf 91' lang='lat' dir='ltr'><em>retur</em></span> <span class='ocrx_word' id='word_1_70' title='bbox 368 934 570 986; x_wconf 87' lang='lat' dir='ltr'><em>optasse,</em></span> <span class='ocrx_word' id='word_1_71' title='bbox 604 925 790 986; x_wconf 88' lang='lat' dir='ltr'><em>quibus,</em></span> <span class='ocrx_word' id='word_1_72' title='bbox 824 938 848 965; x_wconf 95' lang='lat' dir='ltr'><em>o</em></span> <span class='ocrx_word' id='word_1_73' title='bbox 874 921 1034 980; x_wconf 86' lang='lat' dir='ltr'><em>nefas!</em></span> <span class='ocrx_word' id='word_1_74' title='bbox 1067 922 1202 964; x_wconf 85' lang='lat' dir='ltr'><em>sociis</em></span> <span class='ocrx_word' id='word_1_75' title='bbox 1230 937 1468 983; x_wconf 74' lang='lat' dir='ltr'><em>aggressus</em></span> <span class='ocrx_word' id='word_1_76' title='bbox 1500 923 1605 966; x_wconf 79' lang='lat' dir='ltr'><em>est?</em></span> <span class='ocrx_word' id='word_1_77' title='bbox 1667 925 1772 983; x_wconf 88' lang='lat' dir='ltr'><em>Ipse</em></span> <span class='ocrx_word' id='word_1_78' title='bbox 1789 922 2050 983; x_wconf 83' lang='lat' dir='ltr'><em>patricius,-</em></span> 
     </span>
     <span class='ocr_line' id='line_1_10' title="bbox 215 995 2047 1061; baseline -0.002 -14"><span class='ocrx_word' id='word_1_79' title='bbox 215 1002 296 1047; x_wconf 77' lang='lat' dir='ltr'><em>sed</em></span> <span class='ocrx_word' id='word_1_80' title='bbox 310 1002 387 1046; x_wconf 79' lang='lat' dir='ltr'><em>hoc</em></span> <span class='ocrx_word' id='word_1_81' title='bbox 403 1003 551 1046; x_wconf 85' lang='lat' dir='ltr'><em>minus</em></span> <span class='ocrx_word' id='word_1_82' title='bbox 572 1010 663 1047; x_wconf 86' lang='lat' dir='ltr'><em>est:</em></span> <span class='ocrx_word' id='word_1_83' title='bbox 693 1001 841 1055; x_wconf 82' lang='lat' dir='ltr'><em>Curii,</em></span> <span class='ocrx_word' id='word_1_84' title='bbox 864 999 1041 1053; x_wconf 84' lang='lat' dir='ltr'><em>Porcii,</em></span> <span class='ocrx_word' id='word_1_85' title='bbox 1073 995 1255 1055; x_wconf 82' lang='lat' dir='ltr'><em>Sullae,</em></span> <span class='ocrx_word' id='word_1_86' title='bbox 1283 998 1481 1060; x_wconf 73' lang='lat' dir='ltr'><em>Cethegi,</em></span> <span class='ocrx_word' id='word_1_87' title='bbox 1502 1001 1729 1056; x_wconf 82' lang='lat' dir='ltr'><em>Autronii,</em></span> <span class='ocrx_word' id='word_1_88' title='bbox 1763 1001 2047 1061; x_wconf 82' lang='lat' dir='ltr'><em>Vargunteii,</em></span> 
     </span>
     <span class='ocr_line' id='line_1_11' title="bbox 214 1074 2055 1140; baseline -0.001 -17"><span class='ocrx_word' id='word_1_89' title='bbox 214 1086 349 1140; x_wconf 81' lang='lat' dir='ltr'><em>atque</em></span> <span class='ocrx_word' id='word_1_90' title='bbox 375 1079 591 1139; x_wconf 83' lang='lat' dir='ltr'><em>Longini,</em></span> <span class='ocrx_word' id='word_1_91' title='bbox 624 1095 739 1140; x_wconf 87' lang='lat' dir='ltr'><em>quae</em></span> <span class='ocrx_word' id='word_1_92' title='bbox 747 1074 1004 1138; x_wconf 81' lang='lat' dir='ltr'><em>familiae?</em></span> <span class='ocrx_word' id='word_1_93' title='bbox 1035 1094 1149 1138; x_wconf 87' lang='lat' dir='ltr'><em>quae</em></span> <span class='ocrx_word' id='word_1_94' title='bbox 1174 1085 1360 1122; x_wconf 88' lang='lat' dir='ltr'><em>senatus</em></span> <span class='ocrx_word' id='word_1_95' title='bbox 1378 1076 1618 1139; x_wconf 81' lang='lat' dir='ltr'><em>insignia?</em></span> <span class='ocrx_word' id='word_1_96' title='bbox 1640 1077 1858 1122; x_wconf 79' lang='lat' dir='ltr'><em>Lentulus</em></span> <span class='ocrx_word' id='word_1_97' title='bbox 1880 1094 2055 1139; x_wconf 83' lang='lat' dir='ltr'><em>quoque</em></span> 
     </span>
     <span class='ocr_line' id='line_1_12' title="bbox 216 1140 2056 1218; baseline -0.001 -17"><span class='ocrx_word' id='word_1_98' title='bbox 216 1174 353 1218; x_wconf 85' lang='lat' dir='ltr'><em>quum</em></span> <span class='ocrx_word' id='word_1_99' title='bbox 392 1158 584 1201; x_wconf 78' lang='lat' dir='ltr'><em>maxime</em></span> <span class='ocrx_word' id='word_1_100' title='bbox 616 1165 816 1218; x_wconf 86' lang='lat' dir='ltr'><em>praetor.</em></span> <span class='ocrx_word' id='word_1_101' title='bbox 880 1158 972 1199; x_wconf 86' lang='lat' dir='ltr'><em>Hos</em></span> <span class='ocrx_word' id='word_1_102' title='bbox 1010 1170 1157 1200; x_wconf 84' lang='lat' dir='ltr'><em>omnes</em></span> <span class='ocrx_word' id='word_1_103' title='bbox 1203 1155 1521 1206; x_wconf 79' lang='lat' dir='ltr'><em>immanissimi</em></span> <span class='ocrx_word' id='word_1_104' title='bbox 1550 1154 1784 1214; x_wconf 79' lang='lat' dir='ltr'><em>facinoris</em></span> <span class='ocrx_word' id='word_1_105' title='bbox 1803 1140 1810 1145; x_wconf 81' lang='lat'>.</span> <span class='ocrx_word' id='word_1_106' title='bbox 1827 1155 2056 1200; x_wconf 78' lang='lat' dir='ltr'><em>satellites</em></span> 
     </span>
     <span class='ocr_line' id='line_1_13' title="bbox 218 1233 2056 1296; baseline -0.001 -17"><span class='ocrx_word' id='word_1_107' title='bbox 218 1235 388 1279; x_wconf 75' lang='lat' dir='ltr'><em>habuit.</em></span> <span class='ocrx_word' id='word_1_108' title='bbox 462 1234 675 1279; x_wconf 85' lang='lat' dir='ltr'><em>Additum</em></span> <span class='ocrx_word' id='word_1_109' title='bbox 715 1242 781 1279; x_wconf 90' lang='lat' dir='ltr'><em>est</em></span> <span class='ocrx_word' id='word_1_110' title='bbox 819 1235 986 1296; x_wconf 82' lang='lat' dir='ltr'><em>pignus</em></span> <span class='ocrx_word' id='word_1_111' title='bbox 1033 1233 1356 1277; x_wconf 86' lang='lat' dir='ltr'><em>coniurationis</em></span> <span class='ocrx_word' id='word_1_112' title='bbox 1401 1233 1590 1294; x_wconf 74' lang='lat' dir='ltr'><em>sanguis</em></span> <span class='ocrx_word' id='word_1_113' title='bbox 1628 1233 1847 1277; x_wconf 74' lang='lat' dir='ltr'><em>humanus</em></span> <span class='ocrx_word' id='word_1_114' title='bbox 1864 1251 1879 1276; x_wconf 92' lang='lat'><em>.·</em></span> <span class='ocrx_word' id='word_1_115' title='bbox 1926 1249 2056 1294; x_wconf 75' lang='lat' dir='ltr'><em>quem</em></span> 
     </span>
     <span class='ocr_line' id='line_1_14' title="bbox 217 1310 2056 1374; baseline -0.002 -17"><span class='ocrx_word' id='word_1_116' title='bbox 217 1313 527 1357; x_wconf 87' lang='lat' dir='ltr'><em>circumlatum</em></span> <span class='ocrx_word' id='word_1_117' title='bbox 554 1313 728 1374; x_wconf 88' lang='lat' dir='ltr'><em>pateris</em></span> <span class='ocrx_word' id='word_1_118' title='bbox 761 1312 929 1357; x_wconf 84' lang='lat' dir='ltr'><em>bibere:</em></span> <span class='ocrx_word' id='word_1_119' title='bbox 972 1327 1194 1356; x_wconf 76' lang='lat' dir='ltr'><em>summum</em></span> <span class='ocrx_word' id='word_1_120' title='bbox 1223 1310 1381 1370; x_wconf 82' lang='lat' dir='ltr'><em>nefas,</em></span> <span class='ocrx_word' id='word_1_121' title='bbox 1426 1310 1520 1354; x_wconf 86' lang='lat' dir='ltr'><em>nisi</em></span> <span class='ocrx_word' id='word_1_122' title='bbox 1550 1310 1747 1372; x_wconf 86' lang='lat' dir='ltr'><em>amplius</em></span> <span class='ocrx_word' id='word_1_123' title='bbox 1784 1317 1925 1367; x_wconf 89' lang='lat' dir='ltr'><em>esset,</em></span> <span class='ocrx_word' id='word_1_124' title='bbox 1946 1326 2056 1371; x_wconf 89' lang='lat' dir='ltr'><em>pro-</em></span> 
     </span>
     <span class='ocr_line' id='line_1_15' title="bbox 215 1384 2057 1452; baseline -0.002 -18"><span class='ocrx_word' id='word_1_125' title='bbox 215 1384 320 1451; x_wconf 87' lang='lat' dir='ltr'><em>pter</em></span> <span class='ocrx_word' id='word_1_126' title='bbox 366 1391 486 1452; x_wconf 83' lang='lat' dir='ltr'><em>quod</em></span> <span class='ocrx_word' id='word_1_127' title='bbox 532 1391 746 1436; x_wconf 84' lang='lat' dir='ltr'><em>biberunt.</em></span> <span class='ocrx_word' id='word_1_128' title='bbox 818 1391 977 1434; x_wconf 87' lang='lat' dir='ltr'><em>Actum</em></span> <span class='ocrx_word' id='word_1_129' title='bbox 1016 1397 1112 1433; x_wconf 89' lang='lat' dir='ltr'><em>erat</em></span> <span class='ocrx_word' id='word_1_130' title='bbox 1144 1388 1196 1433; x_wconf 86' lang='lat' dir='ltr'><em>de</em></span> <span class='ocrx_word' id='word_1_131' title='bbox 1228 1388 1532 1450; x_wconf 78' lang='lat' dir='ltr'><em>pulcherrimo</em></span> <span class='ocrx_word' id='word_1_132' title='bbox 1572 1389 1791 1450; x_wconf 84' lang='lat' dir='ltr'><em>imperio,</em></span> <span class='ocrx_word' id='word_1_133' title='bbox 1834 1389 1927 1432; x_wconf 85' lang='lat' dir='ltr'><em>nisi</em></span> <span class='ocrx_word' id='word_1_134' title='bbox 1969 1387 2057 1432; x_wconf 88' lang='lat' dir='ltr'><em>illa</em></span> 
     </span>
     <span class='ocr_line' id='line_1_16' title="bbox 221 1465 2059 1528; baseline -0.002 -15"><span class='ocrx_word' id='word_1_135' title='bbox 221 1469 471 1514; x_wconf 84' lang='lat' dir='ltr'><em>coniuratio</em></span> <span class='ocrx_word' id='word_1_136' title='bbox 502 1469 551 1513; x_wconf 89' lang='lat' dir='ltr'><em>in</em></span> <span class='ocrx_word' id='word_1_137' title='bbox 587 1469 832 1513; x_wconf 87' lang='lat' dir='ltr'><em>Ciceronem</em></span> <span class='ocrx_word' id='word_1_138' title='bbox 863 1475 908 1511; x_wconf 91' lang='lat' dir='ltr'><em>et</em></span> <span class='ocrx_word' id='word_1_139' title='bbox 932 1467 1171 1511; x_wconf 84' lang='lat' dir='ltr'><em>Antonium</em></span> <span class='ocrx_word' id='word_1_140' title='bbox 1197 1466 1400 1511; x_wconf 85' lang='lat' dir='ltr'><em>consules</em></span> <span class='ocrx_word' id='word_1_141' title='bbox 1426 1465 1660 1512; x_wconf 84' lang='lat' dir='ltr'><em>incidisset</em></span> <span class='ocrx_word' id='word_1_142' title='bbox 1675 1489 1694 1523; x_wconf 89' lang='lat'><em>,·</em></span> <span class='ocrx_word' id='word_1_143' title='bbox 1724 1483 1910 1528; x_wconf 85' lang='lat' dir='ltr'><em>quorum</em></span> <span class='ocrx_word' id='word_1_144' title='bbox 1941 1465 2059 1510; x_wconf 87' lang='lat' dir='ltr'><em>alter</em></span> 
     </span>
     <span class='ocr_line' id='line_1_17' title="bbox 220 1543 2060 1608; baseline -0.002 -17"><span class='ocrx_word' id='word_1_145' title='bbox 220 1547 448 1592; x_wconf 86' lang='lat' dir='ltr'><em>industria</em></span> <span class='ocrx_word' id='word_1_146' title='bbox 483 1564 575 1591; x_wconf 90' lang='lat' dir='ltr'><em>rem</em></span> <span class='ocrx_word' id='word_1_147' title='bbox 601 1546 852 1608; x_wconf 83' lang='lat' dir='ltr'><em>patefecit,</em></span> <span class='ocrx_word' id='word_1_148' title='bbox 902 1545 1018 1590; x_wconf 86' lang='lat' dir='ltr'><em>alter</em></span> <span class='ocrx_word' id='word_1_149' title='bbox 1058 1562 1193 1590; x_wconf 87' lang='lat' dir='ltr'><em>manu</em></span> <span class='ocrx_word' id='word_1_150' title='bbox 1220 1547 1454 1608; x_wconf 80' lang='lat' dir='ltr'><em>oppressit.</em></span> <span class='ocrx_word' id='word_1_151' title='bbox 1524 1547 1655 1590; x_wconf 81' lang='lat' dir='ltr'><em>Tanti</em></span> <span class='ocrx_word' id='word_1_152' title='bbox 1683 1545 1867 1590; x_wconf 69' lang='lat' dir='ltr'><em>‘sceleris</em></span> <span class='ocrx_word' id='word_1_153' title='bbox 1898 1543 2060 1588; x_wconf 88' lang='lat' dir='ltr'><em>indici·</em></span> 
     </span>
     <span class='ocr_line' id='line_1_18' title="bbox 222 1622 2056 1687; baseline -0.002 -17"><span class='ocrx_word' id='word_1_154' title='bbox 222 1643 298 1669; x_wconf 91' lang='lat' dir='ltr'><em>um</em></span> <span class='ocrx_word' id='word_1_155' title='bbox 325 1643 409 1687; x_wconf 89' lang='lat' dir='ltr'><em>per</em></span> <span class='ocrx_word' id='word_1_156' title='bbox 434 1625 638 1670; x_wconf 79' lang='lat' dir='ltr'><em>Fulviam</em></span> <span class='ocrx_word' id='word_1_157' title='bbox 667 1624 867 1681; x_wconf 82' lang='lat' dir='ltr'><em>emersit,</em></span> <span class='ocrx_word' id='word_1_158' title='bbox 901 1623 1170 1667; x_wconf 76' lang='lat' dir='ltr'><em>vilissimum</em></span> <span class='ocrx_word' id='word_1_159' title='bbox 1202 1622 1536 1682; x_wconf 85' lang='lat' dir='ltr'><em>scortum,sed</em></span> <span class='ocrx_word' id='word_1_160' title='bbox 1561 1623 1805 1684; x_wconf 83' lang='lat' dir='ltr'><em>parricidii</em></span> <span class='ocrx_word' id='word_1_161' title='bbox 1835 1625 2056 1668; x_wconf 84' lang='lat' dir='ltr'><em>innocens.</em></span> 
     </span>
     <span class='ocr_line' id='line_1_19' title="bbox 229 1697 2061 1764; baseline -0.002 -17"><span class='ocrx_word' id='word_1_162' title='bbox 229 1706 338 1748; x_wconf 87' lang='lat' dir='ltr'><em>Tum</em></span> <span class='ocrx_word' id='word_1_163' title='bbox 367 1703 548 1759; x_wconf 84' lang='lat' dir='ltr'><em>consul,</em></span> <span class='ocrx_word' id='word_1_164' title='bbox 585 1702 734 1746; x_wconf 78' lang='lat' dir='ltr'><em>habito</em></span> <span class='ocrx_word' id='word_1_165' title='bbox 765 1710 954 1758; x_wconf 86' lang='lat' dir='ltr'><em>senatu,</em></span> <span class='ocrx_word' id='word_1_166' title='bbox 1002 1703 1049 1746; x_wconf 86' lang='lat' dir='ltr'><em>in</em></span> <span class='ocrx_word' id='word_1_167' title='bbox 1075 1710 1354 1762; x_wconf 85' lang='lat' dir='ltr'><em>praesentem</em></span> <span class='ocrx_word' id='word_1_168' title='bbox 1371 1701 1651 1764; x_wconf 81' lang='lat' dir='ltr'><em>parricidam</em></span> <span class='ocrx_word' id='word_1_169' title='bbox 1674 1701 1906 1763; x_wconf 82' lang='lat' dir='ltr'><em>peroravit</em></span> <span class='ocrx_word' id='word_1_170' title='bbox 1915 1721 1934 1754; x_wconf 89' lang='lat'><em>;</em></span> <span class='ocrx_word' id='word_1_171' title='bbox 1980 1697 2061 1743; x_wconf 85' lang='lat' dir='ltr'><em>sed</em></span> 
     </span>
     <span class='ocr_line' id='line_1_20' title="bbox 221 1778 2057 1843; baseline -0.003 -18"><span class='ocrx_word' id='word_1_172' title='bbox 221 1796 308 1825; x_wconf 82' lang='lat' dir='ltr'><em>non</em></span> <span class='ocrx_word' id='word_1_173' title='bbox 345 1781 541 1843; x_wconf 86' lang='lat' dir='ltr'><em>amplius</em></span> <span class='ocrx_word' id='word_1_174' title='bbox 569 1780 853 1841; x_wconf 87' lang='lat' dir='ltr'><em>profectum,</em></span> <span class='ocrx_word' id='word_1_175' title='bbox 901 1797 1034 1841; x_wconf 88' lang='lat' dir='ltr'><em>quam</em></span> <span class='ocrx_word' id='word_1_176' title='bbox 1076 1787 1129 1824; x_wconf 87' lang='lat' dir='ltr'><em>ut</em></span> <span class='ocrx_word' id='word_1_177' title='bbox 1157 1780 1300 1825; x_wconf 78' lang='lat' dir='ltr'><em>hostis</em></span> <span class='ocrx_word' id='word_1_178' title='bbox 1342 1779 1569 1834; x_wconf 81' lang='lat' dir='ltr'><em>evaderet,</em></span> <span class='ocrx_word' id='word_1_179' title='bbox 1595 1795 1727 1840; x_wconf 84' lang='lat' dir='ltr'><em>seque</em></span> <span class='ocrx_word' id='word_1_180' title='bbox 1761 1778 1919 1840; x_wconf 88' lang='lat' dir='ltr'><em>palam</em></span> <span class='ocrx_word' id='word_1_181' title='bbox 1948 1793 2057 1838; x_wconf 86' lang='lat' dir='ltr'><em>pro-</em></span> 
     </span>
     <span class='ocr_line' id='line_1_21' title="bbox 213 1855 2061 1915; baseline -0.002 -14"><span class='ocrx_word' id='word_1_182' title='bbox 213 1857 378 1915; x_wconf 78' lang='lat' dir='ltr'><em>fessus</em></span> <span class='ocrx_word' id='word_1_183' title='bbox 435 1858 746 1903; x_wconf 86' lang='lat' dir='ltr'><em>incendium</em></span> <span class='ocrx_word' id='word_1_184' title='bbox 780 1875 954 1910; x_wconf 25' lang='lat' dir='ltr'><em>*suum</em></span> <span class='ocrx_word' id='word_1_185' title='bbox 1006 1859 1400 1902; x_wconf 75' lang='lat' dir='ltr'><em>restincturum</em></span> <span class='ocrx_word' id='word_1_186' title='bbox 1454 1858 1615 1901; x_wconf 86' lang='lat' dir='ltr'><em>ruina</em></span> <span class='ocrx_word' id='word_1_187' title='bbox 1659 1857 1919 1900; x_wconf 84' lang='lat' dir='ltr'><em>minaretur.</em></span> <span class='ocrx_word' id='word_1_188' title='bbox 1994 1855 2061 1899; x_wconf 78' lang='lat' dir='ltr'><em>Et</em></span> 
     </span>
     <span class='ocr_line' id='line_1_22' title="bbox 222 1932 2060 1997; baseline -0.002 -18"><span class='ocrx_word' id='word_1_189' title='bbox 222 1935 304 1980; x_wconf 89' lang='lat' dir='ltr'><em>ille</em></span> <span class='ocrx_word' id='word_1_190' title='bbox 349 1936 526 1997; x_wconf 84' lang='lat' dir='ltr'><em>quidem</em></span> <span class='ocrx_word' id='word_1_191' title='bbox 568 1935 630 1980; x_wconf 86' lang='lat' dir='ltr'><em>ad</em></span> <span class='ocrx_word' id='word_1_192' title='bbox 662 1943 985 1996; x_wconf 81' lang='lat' dir='ltr'><em>praeparatum</em></span> <span class='ocrx_word' id='word_1_193' title='bbox 1022 1952 1050 1979; x_wconf 88' lang='lat' dir='ltr'><em>a</em></span> <span class='ocrx_word' id='word_1_194' title='bbox 1091 1936 1263 1980; x_wconf 84' lang='lat' dir='ltr'><em>Manlio</em></span> <span class='ocrx_word' id='word_1_195' title='bbox 1304 1937 1353 1981; x_wconf 90' lang='lat' dir='ltr'><em>in</em></span> <span class='ocrx_word' id='word_1_196' title='bbox 1393 1936 1587 1981; x_wconf 86' lang='lat' dir='ltr'><em>Etruria</em></span> <span class='ocrx_word' id='word_1_197' title='bbox 1631 1934 1873 1978; x_wconf 76' lang='lat' dir='ltr'><em>exercitum</em></span> <span class='ocrx_word' id='word_1_198' title='bbox 1911 1932 2060 1994; x_wconf 83' lang='lat' dir='ltr'><em>profi-</em></span> 
     </span>
     <span class='ocr_line' id='line_1_23' title="bbox 218 2009 2060 2075; baseline -0.002 -17"><span class='ocrx_word' id='word_1_199' title='bbox 218 2014 439 2070; x_wconf 84' lang='lat' dir='ltr'><em>ciscitur,</em></span> <span class='ocrx_word' id='word_1_200' title='bbox 487 2009 618 2075; x_wconf 78' lang='lat' dir='ltr'><em>signa</em></span> <span class='ocrx_word' id='word_1_201' title='bbox 656 2012 877 2057; x_wconf 84' lang='lat' dir='ltr'><em>illaturus</em></span> <span class='ocrx_word' id='word_1_202' title='bbox 922 2013 1039 2058; x_wconf 85' lang='lat' dir='ltr'><em>Urbi.</em></span> <span class='ocrx_word' id='word_1_203' title='bbox 1102 2013 1353 2070; x_wconf 80' lang='lat' dir='ltr'><em>Lentulus,</em></span> <span class='ocrx_word' id='word_1_204' title='bbox 1395 2012 1668 2058; x_wconf 76' lang='lat' dir='ltr'><em>destinatum</em></span> <span class='ocrx_word' id='word_1_205' title='bbox 1690 2010 1906 2070; x_wconf 88' lang='lat' dir='ltr'><em>familiae</em></span> <span class='ocrx_word' id='word_1_206' title='bbox 1950 2026 2060 2054; x_wconf 86' lang='lat' dir='ltr'><em>suae</em></span> 
     </span>
     <span class='ocr_line' id='line_1_24' title="bbox 224 2082 2062 2154; baseline -0.002 -19"><span class='ocrx_word' id='word_1_207' title='bbox 224 2091 466 2154; x_wconf 76' lang='lat' dir='ltr'><em>Sibyllinis</em></span> <span class='ocrx_word' id='word_1_208' title='bbox 493 2091 694 2136; x_wconf 79' lang='lat' dir='ltr'><em>versibus</em></span> <span class='ocrx_word' id='word_1_209' title='bbox 727 2107 910 2152; x_wconf 83' lang='lat' dir='ltr'><em>regnum</em></span> <span class='ocrx_word' id='word_1_210' title='bbox 935 2091 1027 2136; x_wconf 86' lang='lat' dir='ltr'><em>sibi</em></span> <span class='ocrx_word' id='word_1_211' title='bbox 1050 2093 1303 2139; x_wconf 73' lang='lat' dir='ltr'><em>vaticinans</em></span> <span class='ocrx_word' id='word_1_212' title='bbox 1321 2125 1335 2148; x_wconf 90' lang='lat'><em>,</em></span> <span class='ocrx_word' id='word_1_213' title='bbox 1367 2091 1430 2136; x_wconf 85' lang='lat' dir='ltr'><em>ad</em></span> <span class='ocrx_word' id='word_1_214' title='bbox 1443 2082 1774 2154; x_wconf 86' lang='lat' dir='ltr'><em>praestitutum</em></span> <span class='ocrx_word' id='word_1_215' title='bbox 1801 2106 1830 2133; x_wconf 86' lang='lat' dir='ltr'><em>a</em></span> <span class='ocrx_word' id='word_1_216' title='bbox 1865 2088 2062 2134; x_wconf 83' lang='lat' dir='ltr'><em>Catilina</em></span> 
     </span>
     <span class='ocr_line' id='line_1_25' title="bbox 225 2168 2064 2232; baseline -0.002 -19"><span class='ocrx_word' id='word_1_217' title='bbox 225 2169 341 2213; x_wconf 90' lang='lat' dir='ltr'><em>diem</em></span> <span class='ocrx_word' id='word_1_218' title='bbox 383 2169 492 2214; x_wconf 88' lang='lat' dir='ltr'><em>Urbe</em></span> <span class='ocrx_word' id='word_1_219' title='bbox 525 2177 621 2219; x_wconf 83' lang='lat' dir='ltr'><em>tota</em></span> <span class='ocrx_word' id='word_1_220' title='bbox 656 2169 800 2222; x_wconf 83' lang='lat' dir='ltr'><em>viros,</em></span> <span class='ocrx_word' id='word_1_221' title='bbox 834 2169 995 2229; x_wconf 89' lang='lat' dir='ltr'><em>faces,</em></span> <span class='ocrx_word' id='word_1_222' title='bbox 1039 2169 1130 2214; x_wconf 85' lang='lat' dir='ltr'><em>tela</em></span> <span class='ocrx_word' id='word_1_223' title='bbox 1162 2169 1374 2232; x_wconf 85' lang='lat' dir='ltr'><em>disponit.</em></span> <span class='ocrx_word' id='word_1_224' title='bbox 1447 2168 1701 2213; x_wconf 55' lang='lat' dir='ltr'><em>Neceivih&#39;</em></span> <span class='ocrx_word' id='word_1_225' title='bbox 1736 2168 2064 2229; x_wconf 83' lang='lat' dir='ltr'><em>conspiratione</em></span> 
     </span>
     <span class='ocr_line' id='line_1_26' title="bbox 225 2244 2063 2311; baseline -0.002 -19"><span class='ocrx_word' id='word_1_226' title='bbox 225 2255 481 2304; x_wconf 88' lang='lat' dir='ltr'><em>contentus,</em></span> <span class='ocrx_word' id='word_1_227' title='bbox 524 2248 686 2310; x_wconf 81' lang='lat' dir='ltr'><em>legatis</em></span> <span class='ocrx_word' id='word_1_228' title='bbox 716 2249 1000 2311; x_wconf 82' lang='lat' dir='ltr'><em>Allobrogum</em></span> <span class='ocrx_word' id='word_1_229' title='bbox 1019 2283 1033 2307; x_wconf 88' lang='lat'><em>,</em></span> <span class='ocrx_word' id='word_1_230' title='bbox 1065 2248 1146 2311; x_wconf 86' lang='lat' dir='ltr'><em>qui</em></span> <span class='ocrx_word' id='word_1_231' title='bbox 1171 2256 1267 2293; x_wconf 88' lang='lat' dir='ltr'><em>tum</em></span> <span class='ocrx_word' id='word_1_232' title='bbox 1289 2247 1420 2308; x_wconf 88' lang='lat' dir='ltr'><em>forte</em></span> <span class='ocrx_word' id='word_1_233' title='bbox 1451 2246 1669 2303; x_wconf 85' lang='lat' dir='ltr'><em>aderant,</em></span> <span class='ocrx_word' id='word_1_234' title='bbox 1699 2247 1749 2290; x_wconf 89' lang='lat' dir='ltr'><em>in</em></span> <span class='ocrx_word' id='word_1_235' title='bbox 1779 2262 1907 2290; x_wconf 85' lang='lat' dir='ltr'><em>arma-</em></span> <span class='ocrx_word' id='word_1_236' title='bbox 1936 2244 2063 2290; x_wconf 87' lang='lat' dir='ltr'><em>solli·</em></span> 
     </span>
     <span class='ocr_line' id='line_1_27' title="bbox 227 2323 2065 2390; baseline -0.001 -20"><span class='ocrx_word' id='word_1_237' title='bbox 227 2327 409 2384; x_wconf 84' lang='lat' dir='ltr'><em>citatis,</em></span> <span class='ocrx_word' id='word_1_238' title='bbox 441 2327 573 2388; x_wconf 84' lang='lat' dir='ltr'><em>iisset</em></span> <span class='ocrx_word' id='word_1_239' title='bbox 597 2327 722 2372; x_wconf 88' lang='lat' dir='ltr'><em>ultra</em></span> <span class='ocrx_word' id='word_1_240' title='bbox 748 2328 883 2390; x_wconf 84' lang='lat' dir='ltr'><em>Alpes</em></span> <span class='ocrx_word' id='word_1_241' title='bbox 899 2328 1061 2388; x_wconf 89' lang='lat' dir='ltr'><em>furor,</em></span> <span class='ocrx_word' id='word_1_242' title='bbox 1094 2327 1187 2371; x_wconf 88' lang='lat' dir='ltr'><em>nisi</em></span> <span class='ocrx_word' id='word_1_243' title='bbox 1213 2325 1356 2370; x_wconf 86' lang='lat' dir='ltr'><em>altera</em></span> <span class='ocrx_word' id='word_1_244' title='bbox 1369 2325 1628 2388; x_wconf 82' lang='lat' dir='ltr'><em>proditione</em></span> <span class='ocrx_word' id='word_1_245' title='bbox 1659 2323 1907 2380; x_wconf 80' lang='lat' dir='ltr'><em>Vulturcii,</em></span> <span class='ocrx_word' id='word_1_246' title='bbox 1928 2339 2065 2384; x_wconf 85' lang='lat' dir='ltr'><em>prae-</em></span> 
     </span>
     <span class='ocr_line' id='line_1_28' title="bbox 226 2401 2065 2466; baseline -0.002 -18"><span class='ocrx_word' id='word_1_247' title='bbox 226 2406 340 2448; x_wconf 84' lang='lat' dir='ltr'><em>toris</em></span> <span class='ocrx_word' id='word_1_248' title='bbox 369 2404 545 2449; x_wconf 86' lang='lat' dir='ltr'><em>litterae</em></span> <span class='ocrx_word' id='word_1_249' title='bbox 576 2412 840 2452; x_wconf 89' lang='lat' dir='ltr'><em>tenerentur.</em></span> <span class='ocrx_word' id='word_1_250' title='bbox 905 2407 1074 2450; x_wconf 83' lang='lat' dir='ltr'><em>Statim</em></span> <span class='ocrx_word' id='word_1_251' title='bbox 1109 2404 1542 2466; x_wconf 83' lang='lat' dir='ltr'><em>Ciceronisimperio</em></span> <span class='ocrx_word' id='word_1_252' title='bbox 1569 2403 1736 2447; x_wconf 86' lang='lat' dir='ltr'><em>iniecta</em></span> <span class='ocrx_word' id='word_1_253' title='bbox 1768 2410 1838 2447; x_wconf 88' lang='lat' dir='ltr'><em>est</em></span> <span class='ocrx_word' id='word_1_254' title='bbox 1865 2401 2065 2446; x_wconf 84' lang='lat' dir='ltr'><em>barbaris</em></span> 
     </span>
     <span class='ocr_line' id='line_1_29' title="bbox 228 2479 2069 2543; baseline -0.002 -17"><span class='ocrx_word' id='word_1_255' title='bbox 228 2499 401 2526; x_wconf 89' lang='lat' dir='ltr'><em>manus.</em></span> <span class='ocrx_word' id='word_1_256' title='bbox 465 2482 626 2526; x_wconf 89' lang='lat' dir='ltr'><em>Palam</em></span> <span class='ocrx_word' id='word_1_257' title='bbox 649 2492 836 2543; x_wconf 88' lang='lat' dir='ltr'><em>praetor</em></span> <span class='ocrx_word' id='word_1_258' title='bbox 866 2484 915 2527; x_wconf 92' lang='lat' dir='ltr'><em>in</em></span> <span class='ocrx_word' id='word_1_259' title='bbox 941 2491 1101 2527; x_wconf 82' lang='lat' dir='ltr'><em>senatu</em></span> <span class='ocrx_word' id='word_1_260' title='bbox 1126 2483 1416 2527; x_wconf 82' lang='lat' dir='ltr'><em>convincitur.</em></span> <span class='ocrx_word' id='word_1_261' title='bbox 1481 2484 1549 2526; x_wconf 87' lang='lat' dir='ltr'><em>De</em></span> <span class='ocrx_word' id='word_1_262' title='bbox 1579 2479 1801 2542; x_wconf 84' lang='lat' dir='ltr'><em>supplicio</em></span> <span class='ocrx_word' id='word_1_263' title='bbox 1834 2479 2069 2541; x_wconf 84' lang='lat' dir='ltr'><em>agentibus</em></span> 
     </span>
     <span class='ocr_line' id='line_1_30' title="bbox 237 2557 2068 2622; baseline -0.003 -18"><span class='ocrx_word' id='word_1_264' title='bbox 237 2561 399 2605; x_wconf 86' lang='lat' dir='ltr'><em>Caesar</em></span> <span class='ocrx_word' id='word_1_265' title='bbox 430 2559 700 2620; x_wconf 83' lang='lat' dir='ltr'><em>parcendum</em></span> <span class='ocrx_word' id='word_1_266' title='bbox 731 2561 972 2622; x_wconf 76' lang='lat' dir='ltr'><em>dignitati,</em></span> <span class='ocrx_word' id='word_1_267' title='bbox 1008 2563 1114 2605; x_wconf 90' lang='lat' dir='ltr'><em>Cato</em></span> <span class='ocrx_word' id='word_1_268' title='bbox 1146 2557 1584 2604; x_wconf 76' lang='lat' dir='ltr'><em>animadvertendum</em></span> <span class='ocrx_word' id='word_1_269' title='bbox 1606 2574 1695 2620; x_wconf 91' lang='lat' dir='ltr'><em>pro</em></span> <span class='ocrx_word' id='word_1_270' title='bbox 1732 2557 1894 2601; x_wconf 89' lang='lat' dir='ltr'><em>scelere</em></span> <span class='ocrx_word' id='word_1_271' title='bbox 1925 2572 2068 2601; x_wconf 88' lang='lat' dir='ltr'><em>cense-</em></span> 
     </span>
     <span class='ocr_line' id='line_1_31' title="bbox 237 2634 2071 2698; baseline -0.001 -17"><span class='ocrx_word' id='word_1_272' title='bbox 237 2637 325 2681; x_wconf 87' lang='lat' dir='ltr'><em>bat.</em></span> <span class='ocrx_word' id='word_1_273' title='bbox 404 2638 548 2696; x_wconf 78' lang='lat' dir='ltr'><em>Quam</em></span> <span class='ocrx_word' id='word_1_274' title='bbox 585 2640 849 2682; x_wconf 86' lang='lat' dir='ltr'><em>sententiam</em></span> <span class='ocrx_word' id='word_1_275' title='bbox 886 2639 1053 2683; x_wconf 86' lang='lat' dir='ltr'><em>secutis</em></span> <span class='ocrx_word' id='word_1_276' title='bbox 1082 2637 1283 2682; x_wconf 81' lang='lat' dir='ltr'><em>omnibus</em></span> <span class='ocrx_word' id='word_1_277' title='bbox 1299 2670 1315 2694; x_wconf 90' lang='lat'>‚</span> <span class='ocrx_word' id='word_1_278' title='bbox 1356 2637 1406 2682; x_wconf 81' lang='lat' dir='ltr'><em>in</em></span> <span class='ocrx_word' id='word_1_279' title='bbox 1436 2653 1607 2682; x_wconf 83' lang='lat' dir='ltr'><em>carcere</em></span> <span class='ocrx_word' id='word_1_280' title='bbox 1632 2634 1892 2698; x_wconf 68' lang='lat' dir='ltr'><em>parricidae</em></span> <span class='ocrx_word' id='word_1_281' title='bbox 1923 2641 2071 2679; x_wconf 85' lang='lat' dir='ltr'><em>stran-</em></span> 
     </span>
     <span class='ocr_line' id='line_1_32' title="bbox 233 2712 2071 2778; baseline -0.002 -19"><span class='ocrx_word' id='word_1_282' title='bbox 233 2714 464 2775; x_wconf 79' lang='lat' dir='ltr'><em>gulantur.</em></span> <span class='ocrx_word' id='word_1_283' title='bbox 543 2712 756 2773; x_wconf 80' lang='lat' dir='ltr'><em>Quamvis</em></span> <span class='ocrx_word' id='word_1_284' title='bbox 789 2724 925 2778; x_wconf 88' lang='lat' dir='ltr'><em>parte</em></span> <span class='ocrx_word' id='word_1_285' title='bbox 965 2714 1286 2760; x_wconf 83' lang='lat' dir='ltr'><em>coniurationis</em></span> <span class='ocrx_word' id='word_1_286' title='bbox 1328 2730 1567 2776; x_wconf 81' lang='lat' dir='ltr'><em>oppressa,</em></span> <span class='ocrx_word' id='word_1_287' title='bbox 1615 2721 1761 2758; x_wconf 77' lang='lat' dir='ltr'><em>tamen</em></span> <span class='ocrx_word' id='word_1_288' title='bbox 1799 2713 1854 2757; x_wconf 90' lang='lat' dir='ltr'><em>ab</em></span> <span class='ocrx_word' id='word_1_289' title='bbox 1896 2713 2071 2773; x_wconf 86' lang='lat' dir='ltr'><em>incepto</em></span> 
     </span>
     <span class='ocr_line' id='line_1_33' title="bbox 244 2792 2069 2855; baseline -0.001 -19"><span class='ocrx_word' id='word_1_290' title='bbox 244 2793 441 2836; x_wconf 89' lang='lat' dir='ltr'><em>Catilina</em></span> <span class='ocrx_word' id='word_1_291' title='bbox 471 2809 558 2836; x_wconf 90' lang='lat' dir='ltr'><em>non</em></span> <span class='ocrx_word' id='word_1_292' title='bbox 589 2792 796 2837; x_wconf 88' lang='lat' dir='ltr'><em>destitit:</em></span> <span class='ocrx_word' id='word_1_293' title='bbox 840 2793 922 2838; x_wconf 84' lang='lat' dir='ltr'><em>sed</em></span> <span class='ocrx_word' id='word_1_294' title='bbox 944 2794 1132 2851; x_wconf 82' lang='lat' dir='ltr'><em>infestis</em></span> <span class='ocrx_word' id='word_1_295' title='bbox 1165 2793 1220 2836; x_wconf 87' lang='lat' dir='ltr'><em>ab</em></span> <span class='ocrx_word' id='word_1_296' title='bbox 1247 2793 1441 2838; x_wconf 83' lang='lat' dir='ltr'><em>Etruria</em></span> <span class='ocrx_word' id='word_1_297' title='bbox 1478 2794 1624 2855; x_wconf 82' lang='lat' dir='ltr'><em>signis</em></span> <span class='ocrx_word' id='word_1_298' title='bbox 1655 2793 1859 2855; x_wconf 85' lang='lat' dir='ltr'><em>patriam</em></span> <span class='ocrx_word' id='word_1_299' title='bbox 1884 2799 2069 2854; x_wconf 86' lang='lat' dir='ltr'><em>petens,</em></span> 
     </span>
     <span class='ocr_line' id='line_1_34' title="bbox 240 2869 2072 2932; baseline -0.002 -16"><span class='ocrx_word' id='word_1_300' title='bbox 240 2872 364 2916; x_wconf 84' lang='lat' dir='ltr'><em>obvio</em></span> <span class='ocrx_word' id='word_1_301' title='bbox 405 2871 590 2915; x_wconf 85' lang='lat' dir='ltr'><em>Antonii</em></span> <span class='ocrx_word' id='word_1_302' title='bbox 630 2872 829 2917; x_wconf 71' lang='lat' dir='ltr'><em>exercitu</em></span> <span class='ocrx_word' id='word_1_303' title='bbox 876 2872 1157 2932; x_wconf 83' lang='lat' dir='ltr'><em>opprimitur.</em></span> <span class='ocrx_word' id='word_1_304' title='bbox 1241 2871 1386 2929; x_wconf 84' lang='lat' dir='ltr'><em>Quam</em></span> <span class='ocrx_word' id='word_1_305' title='bbox 1427 2872 1639 2916; x_wconf 81' lang='lat' dir='ltr'><em>atrociter</em></span> <span class='ocrx_word' id='word_1_306' title='bbox 1675 2870 1934 2915; x_wconf 82' lang='lat' dir='ltr'><em>dimicatum</em></span> <span class='ocrx_word' id='word_1_307' title='bbox 1975 2869 2039 2913; x_wconf 86' lang='lat' dir='ltr'><em>sit</em></span> <span class='ocrx_word' id='word_1_308' title='bbox 2056 2899 2072 2923; x_wconf 87' lang='lat'>‚</span> 
     </span>
     <span class='ocr_line' id='line_1_35' title="bbox 242 2947 2073 3011; baseline -0.001 -17"><span class='ocrx_word' id='word_1_309' title='bbox 242 2950 393 2994; x_wconf 71' lang='lat' dir='ltr'><em>exitus</em></span> <span class='ocrx_word' id='word_1_310' title='bbox 419 2949 583 2994; x_wconf 82' lang='lat' dir='ltr'><em>docuit.</em></span> <span class='ocrx_word' id='word_1_311' title='bbox 646 2950 779 2994; x_wconf 88' lang='lat' dir='ltr'><em>Nemo</em></span> <span class='ocrx_word' id='word_1_312' title='bbox 810 2951 1004 2996; x_wconf 72' lang='lat' dir='ltr'><em>hostium</em></span> <span class='ocrx_word' id='word_1_313' title='bbox 1037 2950 1149 2995; x_wconf 92' lang='lat' dir='ltr'><em>bello</em></span> <span class='ocrx_word' id='word_1_314' title='bbox 1179 2949 1436 3011; x_wconf 80' lang='lat' dir='ltr'><em>superfuit:</em></span> <span class='ocrx_word' id='word_1_315' title='bbox 1469 2966 1597 3011; x_wconf 85' lang='lat' dir='ltr'><em>quem</em></span> <span class='ocrx_word' id='word_1_316' title='bbox 1623 2949 1726 3011; x_wconf 89' lang='lat' dir='ltr'><em>quis</em></span> <span class='ocrx_word' id='word_1_317' title='bbox 1757 2950 1806 2993; x_wconf 89' lang='lat' dir='ltr'><em>in</em></span> <span class='ocrx_word' id='word_1_318' title='bbox 1828 2947 2073 3010; x_wconf 78' lang='lat' dir='ltr'><em>pugnando</em></span> 
     </span>
     <span class='ocr_line' id='line_1_36' title="bbox 239 3012 2073 3090; baseline -0.003 -16"><span class='ocrx_word' id='word_1_319' title='bbox 239 3036 416 3090; x_wconf 83' lang='lat' dir='ltr'><em>ceperat</em></span> <span class='ocrx_word' id='word_1_320' title='bbox 454 3028 620 3084; x_wconf 84' lang='lat' dir='ltr'><em>locum,</em></span> <span class='ocrx_word' id='word_1_321' title='bbox 661 3044 759 3072; x_wconf 88' lang='lat' dir='ltr'><em>eum</em></span> <span class='ocrx_word' id='word_1_322' title='bbox 795 3029 964 3073; x_wconf 89' lang='lat' dir='ltr'><em>amissa</em></span> <span class='ocrx_word' id='word_1_323' title='bbox 1000 3030 1150 3073; x_wconf 89' lang='lat' dir='ltr'><em>anima</em></span> <span class='ocrx_word' id='word_1_324' title='bbox 1188 3044 1365 3090; x_wconf 88' lang='lat' dir='ltr'><em>corpore</em></span> <span class='ocrx_word' id='word_1_325' title='bbox 1396 3029 1582 3089; x_wconf 82' lang='lat' dir='ltr'><em>tegebat.</em></span> <span class='ocrx_word' id='word_1_326' title='bbox 1660 3012 1857 3071; x_wconf 84' lang='lat' dir='ltr'><em>Catilina</em></span> <span class='ocrx_word' id='word_1_327' title='bbox 1883 3026 2008 3088; x_wconf 84' lang='lat' dir='ltr'><em>longe</em></span> <span class='ocrx_word' id='word_1_328' title='bbox 2044 3042 2073 3069; x_wconf 92' lang='lat' dir='ltr'><em>a</em></span> 
     </span>
     <span class='ocr_line' id='line_1_37' title="bbox 243 3091 2073 3169; baseline -0.002 -18"><span class='ocrx_word' id='word_1_329' title='bbox 243 3091 343 3151; x_wconf 77' lang='lat' dir='ltr'><em>suis</em></span> <span class='ocrx_word' id='word_1_330' title='bbox 377 3108 497 3151; x_wconf 83' lang='lat' dir='ltr'><em>inter</em></span> <span class='ocrx_word' id='word_1_331' title='bbox 527 3106 722 3150; x_wconf 75' lang='lat' dir='ltr'><em>hostium</em></span> <span class='ocrx_word' id='word_1_332' title='bbox 754 3102 968 3151; x_wconf 79' lang='lat' dir='ltr'><em>cadavera</em></span> <span class='ocrx_word' id='word_1_333' title='bbox 994 3116 1196 3169; x_wconf 87' lang='lat' dir='ltr'><em>repertus</em></span> <span class='ocrx_word' id='word_1_334' title='bbox 1227 3115 1299 3152; x_wconf 82' lang='lat' dir='ltr'><em>est</em></span> <span class='ocrx_word' id='word_1_335' title='bbox 1312 3129 1330 3163; x_wconf 86' lang='lat'><em>,-</em></span> <span class='ocrx_word' id='word_1_336' title='bbox 1366 3105 1675 3168; x_wconf 72' lang='lat' dir='ltr'><em>pulcherrima</em></span> <span class='ocrx_word' id='word_1_337' title='bbox 1709 3112 1887 3160; x_wconf 61' lang='lat' dir='ltr'><em>morte:</em></span> <span class='ocrx_word' id='word_1_338' title='bbox 1920 3106 1964 3148; x_wconf 87' lang='lat' dir='ltr'><em>si</em></span> <span class='ocrx_word' id='word_1_339' title='bbox 1989 3119 2073 3164; x_wconf 89' lang='lat' dir='ltr'><em>pro</em></span> 
     </span>
     <span class='ocr_line' id='line_1_38' title="bbox 237 3181 2077 3247; baseline -0.003 -17"><span class='ocrx_word' id='word_1_340' title='bbox 237 3187 396 3247; x_wconf 81' lang='lat' dir='ltr'><em>patria</em></span> <span class='ocrx_word' id='word_1_341' title='bbox 422 3186 487 3229; x_wconf 88' lang='lat' dir='ltr'><em>sic</em></span> <span class='ocrx_word' id='word_1_342' title='bbox 519 3183 796 3229; x_wconf 86' lang='lat' dir='ltr'><em>concidisset.</em></span> <span class='ocrx_word' id='word_1_343' title='bbox 858 3186 1091 3247; x_wconf 61' lang='lat' dir='ltr'><em>Historiam</em></span> <span class='ocrx_word' id='word_1_344' title='bbox 1123 3185 1435 3232; x_wconf 79' lang='lat' dir='ltr'><em>coniurationis</em></span> <span class='ocrx_word' id='word_1_345' title='bbox 1469 3183 1747 3230; x_wconf 81' lang='lat' dir='ltr'><em>Catilinariae</em></span> <span class='ocrx_word' id='word_1_346' title='bbox 1775 3181 1981 3244; x_wconf 80' lang='lat' dir='ltr'><em>pluribus</em></span> <span class='ocrx_word' id='word_1_347' title='bbox 2006 3198 2077 3226; x_wconf 82' lang='lat' dir='ltr'><em>ex-</em></span> 
     </span>
     <span class='ocr_line' id='line_1_39' title="bbox 245 3260 2080 3325; baseline -0.003 -17"><span class='ocrx_word' id='word_1_348' title='bbox 245 3264 390 3325; x_wconf 79' lang='lat' dir='ltr'><em>posuit</em></span> <span class='ocrx_word' id='word_1_349' title='bbox 429 3261 687 3316; x_wconf 71' lang='lat' dir='ltr'><em>Sallustius3</em></span> <span class='ocrx_word' id='word_1_350' title='bbox 739 3278 762 3305; x_wconf 90' lang='lat' dir='ltr'><em>e</em></span> <span class='ocrx_word' id='word_1_351' title='bbox 801 3263 1001 3320; x_wconf 82' lang='lat' dir='ltr'><em>Graecis,</em></span> <span class='ocrx_word' id='word_1_352' title='bbox 1047 3263 1307 3309; x_wconf 78' lang='lat' dir='ltr'><em>Plutarchus</em></span> <span class='ocrx_word' id='word_1_353' title='bbox 1335 3263 1426 3308; x_wconf 85' lang='lat' dir='ltr'><em>Cic.</em></span> <span class='ocrx_word' id='word_1_354' title='bbox 1462 3278 1499 3308; x_wconf 87' lang='lat' dir='ltr'><em>c.</em></span> <span class='ocrx_word' id='word_1_355' title='bbox 1534 3265 1730 3307; x_wconf 78' lang='lat'><em>10-22,</em></span> <span class='ocrx_word' id='word_1_356' title='bbox 1788 3260 1866 3305; x_wconf 87' lang='lat' dir='ltr'><em>Dio</em></span> <span class='ocrx_word' id='word_1_357' title='bbox 1898 3272 2080 3305; x_wconf 83' lang='lat' dir='ltr'>xxxvn.</span> 
     </span>
     <span class='ocr_line' id='line_1_40' title="bbox 248 3337 2076 3403; baseline -0.004 -16"><span class='ocrx_word' id='word_1_358' title='bbox 248 3359 286 3387; x_wconf 77' lang='grc' dir='ltr'><em>ο.</em></span> <span class='ocrx_word' id='word_1_359' title='bbox 311 3343 514 3386; x_wconf 81' lang='lat'><strong>29-38.</strong></span> <span class='ocrx_word' id='word_1_360' title='bbox 556 3340 741 3402; x_wconf 83' lang='lat' dir='ltr'><em>Appian.</em></span> <span class='ocrx_word' id='word_1_361' title='bbox 771 3345 818 3387; x_wconf 84' lang='lat' dir='ltr'><em>B.</em></span> <span class='ocrx_word' id='word_1_362' title='bbox 848 3345 892 3386; x_wconf 91' lang='lat' dir='ltr'><em>C.</em></span> <span class='ocrx_word' id='word_1_363' title='bbox 926 3355 977 3387; x_wconf 84' lang='grc' dir='ltr'><em>ΙΙ.</em></span> <span class='ocrx_word' id='word_1_364' title='bbox 1009 3357 1046 3386; x_wconf 86' lang='lat' dir='ltr'><em>c.</em></span> <span class='ocrx_word' id='word_1_365' title='bbox 1073 3345 1208 3387; x_wconf 80' lang='lat'><strong>2—7.</strong></span> <span class='ocrx_word' id='word_1_366' title='bbox 1272 3344 1356 3387; x_wconf 80' lang='lat' dir='ltr'><em>Nec</em></span> <span class='ocrx_word' id='word_1_367' title='bbox 1388 3339 1670 3403; x_wconf 73' lang='lat' dir='ltr'><em>negligendus</em></span> <span class='ocrx_word' id='word_1_368' title='bbox 1697 3346 1763 3384; x_wconf 78' lang='lat' dir='ltr'><em>est</em></span> <span class='ocrx_word' id='word_1_369' title='bbox 1798 3337 2076 3383; x_wconf 74' lang='lat' dir='ltr'><em>Constantius</em></span> 
     </span>
     <span class='ocr_line' id='line_1_41' title="bbox 253 3418 2080 3482; baseline -0.006 -12"><span class='ocrx_word' id='word_1_370' title='bbox 253 3422 441 3482; x_wconf 69' lang='lat' dir='ltr'><em>Feliqius</em></span> <span class='ocrx_word' id='word_1_371' title='bbox 458 3421 755 3477; x_wconf 69' lang='lat' dir='ltr'><em>Dux-antinus,</em></span> <span class='ocrx_word' id='word_1_372' title='bbox 785 3420 913 3465; x_wconf 84' lang='lat' dir='ltr'><em>cuius</em></span> <span class='ocrx_word' id='word_1_373' title='bbox 927 3420 1131 3465; x_wconf 79' lang='lat' dir='ltr'><em>Historia</em></span> <span class='ocrx_word' id='word_1_374' title='bbox 1150 3420 1471 3465; x_wconf 82' lang='lat' dir='ltr'><em>coniurationis</em></span> <span class='ocrx_word' id='word_1_375' title='bbox 1495 3418 1807 3474; x_wconf 77' lang='lat' dir='ltr'><em>Catilinariae,</em></span> <span class='ocrx_word' id='word_1_376' title='bbox 1827 3433 1914 3461; x_wconf 89' lang='lat' dir='ltr'><em>non</em></span> <span class='ocrx_word' id='word_1_377' title='bbox 1928 3431 2080 3478; x_wconf 86' lang='lat' dir='ltr'><em>pauca</em></span> 
     </span>
     <span class='ocr_line' id='line_1_42' title="bbox 255 3495 2078 3560; baseline -0.004 -15"><span class='ocrx_word' id='word_1_378' title='bbox 255 3518 288 3555; x_wconf 68' lang='lat' dir='ltr'><em>a</em></span> <span class='ocrx_word' id='word_1_379' title='bbox 324 3500 546 3545; x_wconf 78' lang='lat' dir='ltr'><em>Sallustio</em></span> <span class='ocrx_word' id='word_1_380' title='bbox 570 3497 890 3560; x_wconf 83' lang='lat' dir='ltr'><em>praetermissa</em></span> <span class='ocrx_word' id='word_1_381' title='bbox 907 3497 1166 3556; x_wconf 77' lang='lat' dir='ltr'><em>continens,</em></span> <span class='ocrx_word' id='word_1_382' title='bbox 1199 3499 1381 3560; x_wconf 78' lang='lat' dir='ltr'><em>(scripta</em></span> <span class='ocrx_word' id='word_1_383' title='bbox 1410 3498 1465 3545; x_wconf 78' lang='lat' dir='ltr'><em>ad</em></span> <span class='ocrx_word' id='word_1_384' title='bbox 1497 3502 1680 3544; x_wconf 82' lang='lat' dir='ltr'><em>Leonem</em></span> <span class='ocrx_word' id='word_1_385' title='bbox 1720 3509 1763 3542; x_wconf 83' lang='lat' dir='ltr'><em>x.</em></span> <span class='ocrx_word' id='word_1_386' title='bbox 1797 3499 1918 3540; x_wconf 84' lang='lat' dir='ltr'><em>Pont.</em></span> <span class='ocrx_word' id='word_1_387' title='bbox 1951 3495 2078 3551; x_wconf 79' lang='lat' dir='ltr'><strong>Max.)</strong></span> 
     </span>
    </p>
   </div>
   <div class='ocr_carea' id='block_1_3' title="bbox 2169 2846 2210 3431">
    <p class='ocr_par' dir='ltr' id='par_1_3' title="bbox 2169 2846 2210 3431">
     <span class='ocr_line' id='line_1_43' title="bbox 2169 2846 2210 3431; baseline 0 539"><span class='ocrx_word' id='word_1_388' title='bbox 2169 2846 2210 3431; x_wconf 95' lang='lat' dir='ltr'><em> </em></span> 
     </span>
    </p>
   </div>
  </div>
 </body>
</html>
