2150 3990
455 225 510 284 1..
536 230 594 283 v.
638 249 682 284 e.
707 228 889 286 xxv1.
934 227 1065 300 §65
1106 259 1181 268 -
1221 228 1427 283 xxvn.
1472 229 1621 302 569.
1832 231 1936 284 225

198 379 406 437 XXVII.
489 385 576 436 67.
620 380 879 436 Habitae·¹
934 386 1060 435 sunt
1107 378 1306 434 multae
1354 378 1418 435 de
1460 397 1546 435 me
1578 395 1611 433 a
1648 378 1942 451 gladiatore

25 533 34 541 ,.
123 482 533 537 sceleratissimo
570 482 879 547 concioneS‚
919 479 984 535 ad
1006 496 1140 552 quas
1160 496 1317 535 nemo
1348 480 1528 535 adibat
1567 482 1943 552 incorruptuS,

125 597 280 637 nemo
319 583 556 653 integer:
599 598 755 636 nemo
794 581 945 636 illum
986 579 1196 635 foedum
1234 579 1718 652 vultumraspicere
1738 622 1753 642 ‚
1786 595 1943 635 nemo

125 678 387 736 furialem·
427 697 611 735 vocem
668 681 837 736 honus
885 680 1087 742 audire,
1118 686 1341 753 poterat.
1423 680 1593 735 Erant
1638 680 1783 734 enim
1822 678 1947 732 illae

122 780 402 835 conciones
434 779 765 852 perditorum
801 781 1078 836 hominum
1112 781 1412 836 necessario
1440 780 1797 835 turbulentae.
1828 777 1944 834 Ad²

121 894 296 935 meam
335 894 460 935 vero
498 879 730 935 salutem*
761 887 979 936 senatus
1015 880 1276 936 auxilium
1309 882 1551 936 omnium
1584 880 1785 936 civium
1819 893 1946 936 cun·

125 986 212 1036 cta
237 996 303 1036 ex
335 980 518 1046 ltalia,
558 982 652 1054 qui
672 982 1056 1054 rempublicam
1080 981 1280 1037 salvam
1302 998 1417 1037 esse
1448 982 1673 1047 vellent,
1713 979 1951 1037 consulis

124 1095 251 1136 voce
282 1087 337 1136 et
369 1081 566 1136 litteris
601 1082 994 1155 implorandum
1027 1084 1252 1156 putavit.
1331 1083 1433 1138 Mei
1473 1084 1666 1157 capitis
1698 1080 1947 1139 servandi

125 1196 315 1237 caussa
353 1181 578 1237 Romam
612 1198 719 1237 uno
758 1188 996 1254 tempore
1017 1224 1032 1248 ,
1071 1184 1226 1254 quasi
1266 1184 1419 1255 signo
1451 1183 1603 1248 dato,
1644 1182 1798 1238 Italia
1834 1187 1949 1237 tota

121 1281 383 1336 convenit.
463 1281 540 1336 De
573 1298 693 1336 mea
739 1280 912 1336 salute
933 1322 947 1344 ‚
987 1281 1044 1334 P.
1074 1281 1317 1346 Lentuli,
1357 1282 1807 1352 praestantissimi
1841 1281 1945 1335 viri

121 1386 281 1453 atque
312 1379 500 1452 optimi
533 1378 796 1442 consulis,
845 1378 937 1433 Cn.
974 1369 1251 1451 Pompeii.
1281 1378 1569 1434 clarissimi
1609 1387 1771 1451 atque
1810 1380 1944 1434 invi-

119 1479 347 1536 ctissimi
385 1478 520 1534 civis
541 1520 556 1543 ‚
615 1484 1025 1551 ceterorumque
1071 1478 1379 1552 principum
1402 1523 1416 1545 ,
1475 1478 1854 1535 celeberrimae
1892 1486 1948 1534 et

117 1580 456 1655 gratissimae
493 1580 776 1635 conciones
809 1579 1044 1635 fuerunt.
1125 1582 1215 1636 68.
1258 1581 1421 1654 Atqui
1443 1587 1464 1620 ³
1505 1588 1623 1637 erat
1657 1582 1711 1637 id
1744 1588 1947 1654 tempo·

12 1695 13 1750 j
118 1681 562 1738 risvclarissimus
593 1686 648 1736 et
677 1679 1005 1736 fortissimus
1037 1681 1248 1747 consul,
1290 1683 1546 1739 inimicus
1566 1682 1774 1747 Clodio,
1802 1682 1946 1738 ultor

117 1781 335 1838 sceleris
367 1780 512 1838 illius
532 1823 547 1846 ‚
586 1789 952 1854 propugnator
990 1789 1209 1838 senatus
1230 1826 1244 1848 ,
1285 1782 1532 1840 defensor
1575 1784 1820 1857 publicae
1857 1799 1945 1838 vo·

117 1883 344 1940 luntatis
369 1921 384 1948 ,
421 1887 700 1955 *patronus
757 1882 959 1955 publici
1017 1899 1311 1938 consensus
1338 1926 1352 1949 ,
1411 1885 1698 1939 restitutor
1756 1883 1949 1940 salutis

17 2043 41 2054 ..
120 1997 296 2041 menes:
350 1988 573 2056 septem·
593 1989 895 2056 praetoreS,
935 1990 1055 2039 octo
1093 1983 1299 2039 tribuni
1340 1984 1538 2058 plebiS‚
1578 1985 1724 2041 illius
1763 1984 1947 2040 adver-

123 2084 287 2150 sarii.
339 2082 642 2139 ‘defensores
689 2085 830 2139 mei:
879 2085 972 2139 Cn.
1015 2086 1299 2157 Pompeius
1361 2093 1551 2141 auctor
1589 2093 1644 2141 et
1688 2086 1798 2141 dux
1844 2087 1951 2141 mei

122 2184 358 2248 redime,
409 2183 556 2239 illius
594 2183 791 2245 hostis;
849 2185 1007 2239 cuius
1045 2186 1368 2240 sententiam
1408 2193 1628 2241 senatus
1665 2188 1841 2242 omnis
1886 2186 1953 2240 de

123 2284 296 2340 salute
333 2299 466 2339 mea·
486 2284 862 2356 gravissimam
902 2291 956 2339 et
988 2285 1389 2340 ornatissimam
1422 2293 1642 2341 secutus
1683 2294 1798 2348 est;
1856 2287 1950 2358 qui

39 2438 42 2439 ⁷
124 2384 378 2458 populum
411 2384 723 2439 Romanum
741 2384 750 2398 '
770 2384 1081 2439 cohortatus
1119 2390 1229 2445 est;
1267 2385 1397 2455 qui,
1437 2401 1605 2457 quum
1647 2386 1713 2440 de
1744 2402 1832 2440 me
1865 2386 1951 2440 de-

122 2491 332 2541 cretum
371 2483 745 2557 Capuae-fecit
765 2527 780 2549 ,
823 2486 935 2557 ipse
962 2490 1190 2539 cunctae
1222 2484 1407 2539 Italiae
1439 2487 1709 2557 cupienti,
1749 2494 1804 2541 et
1835 2488 1953 2543 eius

123 2584 648 2658 fidemimploranti,
677 2586 894 2657 signum
916 2585 1093 2651 dedit,
1127 2592 1189 2640 ut
1220 2584 1287 2640 ad
1309 2602 1395 2640 me
1422 2587 1818 2643 restituendum
1853 2588 1952 2650 Ro,-

119 2702 262 2743 mam
289 2693 699 2743 concurrerent:
735 2690 916 2743 omnia
937 2694 1055 2742 tum
1078 2686 1309 2759 denique
1343 2688 1397 2740 in
1421 2687 1574 2742 illum
1595 2688 1715 2743 odia
1748 2690 1949 2744 civium

123 2787 380 2843 ardebant
399 2787 663 2843 desiderio
683 2790 806 2844 mei.
866 2791 953 2844 69.
985 2787 1159 2856 Quid⁴
1196 2788 1301 2842 iam
1330 2787 1795 2859 magnificentiuS,
1822 2790 1952 2862 quid

120 2888 449 2960 praeclarius
487 2889 622 2944 mihi
663 2888 905 2945 accidere
945 2891 1145 2963 potuit,
1186 2905 1348 2961 quam
1388 2889 1558 2961 quod,
1598 2889 1823 2944 Lentulo
1862 2908 1947 2962 pe-

120 2994 296 3053 tente,
341 2988 620 3044 decretum
665 2995 775 3054 est,
822 2997 891 3045 ut
941 2990 1164 3045 cuncti
1223 3006 1293 3044 ex
1351 2990 1518 3044 omni
1572 2989 1788 3054 Italia,
1841 2991 1947 3062 qui

116 3088 565 3162 rempublicam
617 3090 856 3144 salvam
907 3089 1181 3153 vellent,
1235 3088 1308 3143 ad
1367 3105 1459 3142 me
1519 3105 1708 3143 unum
1767 3092 1944 3145 resti-

118 3190 426 3246 tuendum
466 3197 528 3246 et
573 3189 1034 3246 defendendum
1073 3189 1404 3245 venirent?
1483 3189 1658 3257 Quid⁵
1698 3207 1795 3262 ego
1835 3190 1943 3261 glo-

116 3291 312 3349 riosius
364 3292 501 3347 meis
550 3293 778 3363 posteris
836 3293 986 3363 potui
1031 3292 1359 3363 relinquere,
1419 3308 1611 3362 quam,
1652 3291 1751 3346 hoc
1792 3310 1939 3347 sena-

174 3451 214 3508 2)
247 3465 322 3510 pro
364 3447 508 3494 Sextio
552 3463 587 3492 c.
622 3451 693 3492 50.
729 3450 752 3505 §
784 3451 886 3494 106.
919 3476 976 3483 -
1022 3452 1059 3508 ²)
1090 3451 1135 3494 in
1184 3450 1318 3495 Pison.
1362 3463 1400 3492 c.
1436 3452 1508 3494 15.
1536 3451 1561 3509 §
1591 3453 1665 3495 34.
1700 3478 1757 3484 —
1792 3452 1831 3510 ⁵)
1866 3467 1941 3512 pro

114 3526 268 3573 Milone
289 3543 324 3572 c.
345 3531 416 3573 15.
435 3529 459 3587 §
479 3530 549 3573 39.
569 3553 626 3561 --
644 3528 686 3585 4)
703 3533 798 3585 post
819 3525 945 3572 redit.
968 3526 1014 3572 in
1042 3531 1137 3574 Sen.
1164 3542 1201 3573 c.
1229 3529 1271 3571 9.
1289 3527 1311 3582 §
1330 3528 1405 3571 24.
1422 3553 1481 3559 —-
1498 3529 1540 3586 ⁵)
1557 3527 1667 3572 Ibid.
1683 3543 1717 3573 c.
1739 3532 1809 3574 10.
1829 3531 1939 3586 §252

840 3616 843 3619 '
1606 3604 1660 3652 15
