2210 3970
282 284 427 335 696·
746 292 1072 332 ANNAmis
1126 290 1635 330 c1cERoN1AN1.

283 434 429 471 tamen
456 427 599 470 Cicero
631 424 686 467 ab
715 424 876 467 etz-silio
903 423 1038 467 rediit
1055 456 1068 479 ,
1102 437 1309 466 accusare
1336 420 1388 464 de
1414 421 1461 464 vi
1486 422 1538 464 P.
1568 417 1747 466 Clodius
1779 423 1982 468 Sextium
2008 441 2100 468 coe-

279 508 376 566 pit,
401 503 597 548 immisso
629 503 750 547 velut
774 501 980 563 principe
1014 501 1251 545 delationis
1283 501 1334 543 P.
1349 499 1616 542 Albinovano
1645 507 1688 543 et
1715 502 2011 546 testimonium
2035 503 2101 547 di·

282 592 402 627 cente
445 585 496 626 P.
526 583 701 625 Vatinio
717 603 735 635 ;
776 589 828 624 ut
868 580 944 623 Ιιοσ
969 580 1210 640 praecipue
1243 581 1422 623 crimini
1453 578 1606 634 daret,
1649 579 1768 640 quod
1789 596 2101 641 supergressus

279 661 451 705 civilem
478 660 652 704 modum
684 659 954 720 rogationem
982 674 1108 700 suam
1145 673 1231 700 non
1263 658 1487 718 aequitate
1509 659 1816 717 persuaserit,
1849 658 1929 702 sed
1963 660 2101 702 armis

281 739 531 783 obtinuerit.
599 739 680 782 Cui
711 737 947 798 opponitur
990 733 1243 778 huiusmodi
1275 751 1303 778 a
1347 735 1546 778 Cicerone
1579 734 1780 794 defensio
1813 763 1900 780 —.
1977 738 2101 779 Hanc

278 817 423 878 igitur
451 817 640 861 eamdem
670 832 872 859 caussam
896 814 1086 874 plurimi
1120 813 1412 871 defenderunt
1430 834 1447 866 ,·
1488 814 1536 856 in
1569 815 1671 873 quis
1694 814 1800 873 fuit
1837 815 1886 872 Q.
1916 817 2100 858 Horten-

278 896 398 950 sius,
438 898 497 939 M.
532 897 738 949 Crassus,
787 895 828 937 C.
856 892 1058 935 Licinius
1095 890 1285 944 Calvus,
1321 890 1533 950 partibus
1570 892 1687 935 inter
1724 909 1771 937 se
1812 892 2098 946 distributi-v,

277 988 389 1033 quas
415 973 464 1016 in
496 971 659 1032 agendo
693 978 933 1014 tuerentur.
998 970 1156 1027 Itaque
1190 967 1365 1011 Tullius
1393 986 1444 1012 ea
1462 972 1714 1029 peroravit,
1748 986 1859 1030 quae
1887 971 1975 1014 sibi
1991 971 2102 1030 fue-

276 1059 381 1101 rant
411 1048 674 1110 explicanda
691 1066 706 1091 .·
738 1064 837 1102 nec,
869 1055 923 1091 ut
945 1046 1152 1107 plerique
1178 1045 1390 1090 arbitrati
1414 1054 1550 1102 sunt,
1583 1055 1711 1091 extra
1738 1063 1943 1091 caussam
1971 1065 2104 1110 vaga·

276 1135 351 1172 tus
380 1135 471 1185 est,
503 1136 586 1172 eet.
648 1125 763 1171 Cons.
794 1129 949 1188 Meyer.
978 1132 1098 1170 Orat.
1134 1129 1259 1170 Rom.
1278 1129 1445 1187 Fragm.
1477 1137 1580 1169 LXV.
1615 1127 1686 1169 19.
1705 1142 1746 1186 p.
1764 1127 1867 1170 373.
1901 1137 2024 1170 LXXI.
2059 1129 2100 1171 4.

277 1205 317 1266 p.
338 1209 441 1249 385.
476 1219 518 1250 c.
541 1209 582 1249 2.
617 1222 657 1265 p.
677 1207 780 1248 478.

357 1308 417 1383 (⁴)
462 1309 523 1363 In
569 1326 693 1363 eum
727 1315 905 1363 autem
956 1308 1197 1362 Sextium
1244 1323 1410 1378 quum
1455 1306 1705 1361 Vatinius
1747 1307 1890 1361 inter
1935 1311 2102 1360 testes

277 1408 570 1483 productus
607 1416 777 1473 esset,
818 1409 1029 1473 CicerO,
1066 1408 1160 1479 qui
1194 1409 1243 1462 ei
1283 1413 1398 1462 erat
1433 1407 1873 1472 inimicissimus,
1912 1424 2097 1479 oppor-

277 1515 408 1565 tune
431 1510 660 1564 oblatam
681 1511 1012 1564 occasionem
1035 1509 1266 1580 arripuit
1299 1509 1498 1563 Vatinii
1528 1507 1838 1563 ulciscendi.
1917 1508 2104 1579 Itaque

278 1618 536 1682 perpetua
583 1611 993 1683 Interroqatione
1040 1610 1203 1663 huius
1253 1610 1404 1663 testis
1454 1609 1621 1662 vitam
1665 1608 2008 1680 reprehendit
2052 1615 2106 1662 et
2156 1642 2162 1648 -

279 1710 400 1782 qui,
442 1728 545 1782 quo
582 1729 775 1782 genere
814 1717 981 1776 esset,
1024 1709 1284 1782 quomodo
1325 1710 1379 1764 in
1411 1709 1643 1780 pueritia
1678 1708 1933 1772 vixisset,
1974 1707 2104 1779 quid

278 1812 334 1864 in
387 1819 676 1883 quaestura
715 1819 930 1883 totoque
977 1811 1259 1865 tribunatu
1292 1809 1537 1872 fecisset,
1578 1809 1955 1878 interrogavit,
1993 1825 2100 1863 om*

277 1912 435 1966 nibus
467 1913 809 1967 vehementer
844 1912 1238 1983 plaudentibus,
1281 1929 1352 1967 v1.
1396 1929 1440 1964 c.
1469 1915 1554 1964 19.
1599 1914 1668 1963 46
1699 1923 1814 1981 sqq.

340 2013 426 2057 Cic.
456 2013 510 2056 ad
554 2017 595 2057 P.
620 2013 857 2056 Lentulum
903 2011 976 2069 (ad
1010 2015 1129 2055 Fam.
1163 2022 1192 2054 ῐ.
1228 2012 1269 2054 9.
1305 2013 1372 2068 7.)
1414 2010 1513 2070 Ego
1546 2009 1720 2053 sedente
1762 2010 1835 2053 Cn.
1865 2009 2097 2068 Pompeio,

277 2107 436 2150 quum,
479 2098 532 2134 ut
564 2090 766 2134 laudaret
797 2092 848 2134 P.
869 2090 1103 2144 Sextium,
1136 2089 1368 2132 introisset
1395 2089 1443 2131 in
1480 2087 1633 2131 Urbem
1667 2085 1943 2146 dixissetque
1972 2086 2103 2129 testis

282 2171 519 2226 Vatinius,
552 2186 644 2224 me,
678 2167 876 2226 fortuna
905 2176 948 2212 et
971 2166 1206 2226 felicitate
1248 2167 1290 2211 C.
1323 2166 1526 2209 Caesaris
1557 2172 1846 2220 commotum,
1890 2164 1966 2208 illi
1993 2164 2103 2207 ami-

276 2265 375 2292 cum
402 2264 495 2292 esse
526 2248 750 2310 coepisse,
783 2246 911 2303 dixi,
944 2263 1012 2290 me
1043 2247 1101 2289 M.
1131 2244 1286 2288 Bibuli
1307 2244 1575 2303 fortunam,
1607 2260 1739 2304 quam
1771 2241 1851 2286 ille
1882 2242 2103 2303 afflictam

268 2333 480 2386 putaret,
513 2327 704 2370 omnium
733 2326 973 2387 triumphis
995 2324 1282 2384 victor-iisque
1308 2322 1531 2380 anteferre
1543 2343 1561 2375 ;
1593 2321 1777 2382 dixique
1800 2319 1946 2364 eodem
1969 2327 2102 2376 teste,

277 2391 367 2446 atio
398 2402 519 2459 loco,
562 2404 730 2447 eosdem
763 2419 882 2459 esse,
927 2403 1006 2463 qui
1044 2401 1266 2445 Bibulum·
1291 2401 1394 2457 (cos.
1429 2417 1466 2444 a.
1503 2403 1551 2445 U.
1586 2403 1628 2444 C.
1657 2401 1784 2457 695.)
1822 2399 1943 2441 exire
1975 2397 2101 2441 do-mo

271 2481 631 2540 prohibuissent,
665 2489 707 2525 et
734 2481 812 2541 qui
832 2497 899 2524 me
926 2481 1183 2541 coegissent.
1246 2477 1435 2537 Quintil.
1468 2492 1509 2523 v.
1537 2494 1573 2522 c.
1595 2481 1635 2522 ⁷7.
1664 2481 1704 2521 6.
1737 2478 1925 2521 Interim
1954 2475 2104 2520 adver-

277 2573 356 2617 sus
378 2557 590 2617 singulos
623 2557 837 2620 dirigitur
881 2560 1029 2603 actio:
1073 2556 1192 2618 quod
1231 2557 1539 2600 insectationis
1572 2571 1714 2617 genus
1757 2563 1799 2598 et
1829 2555 2105 2615 permirtum

280 2635 531 2691 defensioni
563 2635 748 2696 legimus
777 2638 826 2680 in
853 2635 1127 2680 orationibus
1148 2633 1387 2694 plurimis,
1422 2642 1465 2677 et
1492 2635 1733 2694 separatim
1762 2632 1954 2688 editum,
1987 2633 2105 2675 sicut

278 2713 327 2757 in
370 2714 595 2756 Vatinium
633 2720 799 2759 testem.
874 2713 1064 2758 Velleius
1093 2726 1141 2757 11.
1177 2714 1302 2756 (3.49.
1341 2714 1380 2756 4.
1421 2712 1627 2755 Vatinius
1658 2698 1782 2755 nullo
1814 2711 1986 2755 nomine
2018 2727 2105 2754 nou

271 2790 618 2852 posfferendus,
662 2794 710 2836 in
742 2809 827 2853 quo
856 2792 1120 2851 deformitas
1152 2790 1350 2850 corporis
1382 2806 1479 2833 cum
1507 2789 1787 2850 turpitudine
1813 2788 2010 2832 certabat
2035 2789 2103 2831 in—

276 2871 421 2932 genii,
464 2870 571 2914 adeo
608 2878 661 2914 ut
702 2871 878 2914 animus
926 2870 1022 2913 eius
1061 2868 1321 2929 dignissimo
1359 2867 1583 2912 domicilio
1622 2866 1823 2910 inclusus
1868 2865 2103 2910 videretur.

281 2946 397 2995 'Confi
428 2953 586 2994 Seneca
617 2948 670 2992 de
699 2956 832 2992 const.
868 2951 962 3008 Sap.
997 2963 1032 2991 c.
1053 2949 1126 2993 17.
1158 2951 1200 2991 3.
1232 2945 1370 2991 Schol.
1399 2945 1501 2991 Bob.
1529 2946 1584 2991 ad
1617 2947 1735 2991 Orat.
1769 2946 1822 2990 de
1846 2962 1942 2990 aere
1960 2945 2101 2990 alieno

278 3029 448 3073 Milonis
477 3046 515 3090 p.
535 3031 643 3075 342.
674 3026 1045 3087 Interrogationis
1071 3041 1157 3069 non
1171 3041 1262 3069 una
1284 3025 1452 3086 species
1474 3032 1592 3079 erat,
1624 3024 1704 3068 sed
1724 3024 1897 3068 variae:
1930 3030 1983 3066 ut
2009 3022 2104 3068 alia

279 3107 563 3168 significaret
595 3105 892 3150 accusationis
920 3102 1294 3146 denuntiationem
1326 3110 1408 3146 cet.
1484 3103 1603 3146 Erat
1644 3102 1740 3146 alia
1760 3109 1995 3164 praeterea
2034 3101 2103 3144 in-

281 3186 520 3245 terrogatio
554 3185 762 3240 testium,
795 3184 913 3226 sicut
944 3183 1041 3242 ipse
1068 3183 1125 3224 M.
1149 3180 1323 3224 Tullius
1349 3182 1401 3225 P.
1426 3181 1651 3224 Vatinium
1679 3187 1833 3224 testem
1860 3181 2105 3238 interroga-

281 3262 366 3306 vit.
424 3263 611 3322 Proprie
642 3276 829 3322 namque
850 3259 1140 3318 interrogatio
1163 3257 1417 3314 dicebatur,
1449 3275 1538 3319 qua
1559 3266 1696 3305 testes
1716 3257 2102 3318 redarguebantur.

275 3341 434 3400 *Tertia
467 3341 569 3385 haec
598 3348 666 3384 est
695 3349 776 3385 cet.

356 3425 420 3518 (⁵)
463 3443 726 3498 Eumdem
759 3443 1037 3497 Vatinium
1073 3459 1132 3496 eo
1170 3448 1408 3515 tempore
1442 3441 1725 3498 accusabat
1765 3442 1894 3496 item
1929 3439 1982 3495 C.
2016 3439 2099 3495 Li«

282 3545 457 3599 cinius
491 3545 666 3599 Macer
699 3543 908 3599 Calvus.
951 3560 1019 3598 w.
1062 3561 1108 3601 c.
1143 3546 1233 3602 21.
1269 3548 1358 3599 50.
