2210 3970
298 275 404 327 750
759 287 1089 325 ANNALES
1149 287 1663 328 CICERONIANI.

279 426 375 463 erat
402 417 677 479 delegatum,
723 418 772 460 in
803 416 1012 461 navicula
1031 450 1043 473 ,
1086 423 1330 476 antequam
1356 418 1405 461 in
1437 425 1599 463 terram
1632 420 1786 464 exiret.
1851 399 2045 465 Velleius*
2066 435 2113 467 11.

279 511 317 544 c.
334 499 408 540 53.
434 500 475 540 1.
510 495 747 555 Pompeias
772 494 1043 556 profugiens
1070 509 1169 536 cum
1201 493 1371 538 duobus
1397 496 1602 540 Lentulis
1635 496 1972 552 consularibus,
2005 501 2112 544 Sex·

279 575 426 632 toque}
445 572 587 632 filio,
631 581 675 616 et
717 572 910 617 Favonio
947 571 1201 632 praetorio,
1247 587 1358 631 quos
1390 574 1572 618 comites
1604 576 1647 619 ei
1673 574 1868 633 fortuna
1900 590 2114 635 aggf-eya-

275 657 428 706 verat,
462 676 522 683 --
553 651 802 713 Aegyptum
838 657 992 710 petere
1031 636 1298 709 proposuit,
1343 667 1505 694 memor
1538 651 1848 712 beneficiorum
1868 679 1880 701 ‚
1917 668 2029 712 quae
2062 653 2110 696 in

266 736 447 789 patrem
481 729 578 774 eius
610 728 879 783 Ptolemaei,
916 728 996 788 qui
1027 735 1122 771 tum
1155 745 1299 788 puero
1332 746 1466 790 quam
1502 731 1652 775 iuveni
1684 730 1868 791 propior
1898 730 2111 790 regnabat

273 807 595 863 Alexandriae,
644 805 904 850 contulerat.
938 832 996 838 —
1031 806 1162 850 Missi
1193 808 1346 867 itaque
1388 808 1442 851 ab
1475 825 1601 870 rege,
1644 811 1725 871 qui
1755 811 1997 855 venientem
2034 812 2107 857 Cn.

274 886 537 947 Pompeium
567 912 627 918 —-
659 884 845 929 consilio
874 882 1082 927 Theodoti
1107 892 1150 927 et
1180 885 1383 928 Achillae
1415 888 1694 947 eoeciperent,
1741 887 2110 947 hortarenturque

273 971 327 1009 ut
353 980 409 1006 ex
439 963 644 1006 oneraria
666 963 714 1005 in
740 978 835 1006 eam
865 977 1044 1015 navem,
1077 977 1191 1020 quae
1225 962 1395 1005 obviam
1421 973 1731 1023 processerat,
1766 963 2105 1008 transcenderet.

276 1040 406 1100 Quod
448 1057 584 1101 quum
617 1040 842 1098 jecisset,
889 1038 1099 1098 princeps
1130 1040 1319 1084 Romani
1353 1042 1567 1097 nominis,
1607 1042 1792 1101 imperio
1833 1041 2106 1101 arbitrioque

272 1119 483 1180 Aegyptii
501 1119 740 1178 mancipii,
779 1119 822 1161 C.
845 1118 1052 1172 Caesare,
1080 1118 1135 1160 P.
1155 1116 1346 1160 Seri-ilio
1363 1133 1474 1162 coss.
1493 1118 1730 1179 iugulatus
1753 1127 1832 1163 est.
1897 1120 1980 1165 Hic
2000 1129 2109 1180 post

274 1205 366 1242 tres
402 1196 661 1241 consulatus
695 1198 755 1254 [a.
775 1198 822 1239 U.
842 1198 883 1239 C.
905 1198 1008 1238 684.
1029 1196 1131 1238 699.
1154 1197 1280 1253 702.]
1315 1203 1359 1238 et
1391 1195 1574 1255 totidem
1608 1197 1857 1258 triumphos
1890 1198 2106 1258 [primum

271 1291 323 1319 cx
351 1274 521 1328 Africa,
553 1275 742 1319 alterum
772 1289 820 1316 ex
841 1275 1036 1333 Europa,
1069 1272 1254 1316 tertium
1284 1289 1333 1317 ex
1360 1274 1460 1318 Asia
1483 1273 1559 1318 cfr.
1586 1275 1776 1319 Velleius
1806 1288 1854 1318 Π.
1883 1290 1918 1319 c.
1938 1279 2008 1319 40.
2041 1278 2107 1334 5.]

277 1351 576 1413 domitumque
603 1360 824 1396 terrarum
841 1350 1014 1406 orbem,
1047 1352 1326 1395 sanctissimi
1347 1369 1399 1396 ac
1422 1353 1808 1413 praestantissimi
1834 1353 1946 1409 viri,
1977 1354 2026 1397 in
2058 1353 2110 1397 id

276 1433 443 1488 evecti,
491 1447 625 1492 super
671 1429 792 1491 quod
831 1427 1040 1473 adscendi
1076 1447 1163 1474 non
1201 1437 1381 1491 potest,
1427 1429 1895 1491 duodesexagesimum
1942 1447 2107 1474 annum

274 1511 477 1571 agentis,
501 1509 654 1570 pridie
685 1508 880 1552 natalem
904 1508 1051 1568 ipsius
1084 1509 1179 1565 [ιιι.
1198 1507 1301 1558 Kal,
1336 1506 1487 1554 Octob.
1519 1523 1583 1552 Ξ
1614 1511 1675 1552 28
1690 1513 1805 1570 Sept.
1843 1513 1931 1553 706
1956 1525 2020 1551 z
2047 1512 2107 1552 24

274 1588 380 1632 Iulii
407 1591 480 1634 48.
515 1605 551 1632 a.
572 1591 612 1632 C.
639 1585 749 1630 conf.
778 1584 830 1628 ad
853 1602 890 1628 a.
918 1588 967 1630 U.
986 1588 1028 1629 C.
1054 1588 1160 1629 648.
1185 1587 1250 1643 6.]
1282 1586 1402 1629 vitae
1420 1584 1528 1643 fuit
1553 1586 1716 1630 exitus.
1781 1586 1962 1648 Appian.
1996 1589 2042 1629 B.
2062 1590 2108 1630 C.

274 1680 327 1712 11.
354 1682 391 1710 c.
411 1669 606 1711 81-86,
642 1664 762 1709 Τόδε
780 1662 866 1724 μὲν
892 1664 1056 1722 δήτοῦ
1083 1662 1196 1723 βίου
1229 1662 1366 1715 τέλος
1395 1651 1453 1714 ἦν
1480 1667 1751 1725 Πομπηίῳ,
1786 1691 1847 1698 -
1879 1663 2106 1722 άησσήτῳ

275 1749 358 1791 καὶ
385 1744 725 1807 εὐτυχεστάτῳ
757 1743 883 1794 ἐξέτι
911 1742 1022 1788 νέου
1054 1743 1290 1806 γενομένῳ
1309 1758 1322 1773 ·
1373 1742 1471 1789 ἀπὸ
1499 1745 1587 1807 γάρ
1622 1747 1769 1808 τριῶν
1801 1749 1882 1790 καὶ
1914 1738 2102 1790 εἴκοσιν

271 1825 393 1872 ἕτῶν
440 1826 516 1883 [cf.
552 1824 740 1869 Velleius
773 1836 825 1867 11.
868 1838 903 1866 c.
934 1825 1006 1866 29.
1040 1822 1264 1871 Plutarch.
1300 1827 1445 1884 Pomp.
1480 1839 1516 1868 c.
1552 1827 1620 1882 6.]
1655 1825 1712 1872 οὐ
1759 1825 2003 1883 διέλιπεν,
2053 1825 2103 1878 ἐς

273 1904 401 1951 ὀκτὼ
434 1908 516 1950 καὶ
559 1902 878 1960 πεντήκοντα,
930 1905 986 1960 τῇ
1025 1899 1112 1960 μὲν
1147 1904 1290 1959 ἰσχύι
1329 1905 1636 1964 μοναρχικῶς
1668 1905 2004 1964 δυναστεύων,
2043 1911 2099 1966 τῇ

269 1983 323 2031 δὲ
367 1985 486 2047 δόξῃ
527 2013 588 2019 -
622 1982 893 2041 δημοτικῶς
933 1983 1250 2043 νομιζόμενος
1301 1982 1483 2045 ἄρχειν.
1566 1986 1643 2030 nio
1680 1998 1793 2030 nn.
1826 2003 1862 2031 c.
1892 1990 2028 2031 3—5.
2057 1991 2099 2032 1.

270 2069 479 2112 Τοιοῦτο
505 2062 591 2124 μὲν
620 2065 673 2109 τό
709 2064 772 2122 τῷ
797 2065 1037 2124 Πομπηίῳ
1067 2060 1235 2124 ἐκείνῳ
1269 2062 1331 2123 τῷ
1358 2064 1548 2127 μεγάλῳ
1574 2050 1789 2127 ἐγένετο..
1822 2091 1881 2098 ——
1912 2064 2100 2124 ἡττήθη

267 2145 548 2206 παραλόγως
593 2142 719 2188 ὀκτώ
756 2159 808 2188 τε
851 2146 931 2188 καὶ
965 2144 1382 2202 πεντηκοντούτης
1409 2141 1491 2188 ὧν.
1565 2142 1682 2188 Conf.
1714 2146 1864 2188 Caesar
1891 2148 1936 2188 B.
1956 2147 1998 2188 C.
2027 2157 2098 2188 111.

265 2226 419 2270 c.104.
468 2223 641 2267 Orosius
685 2223 714 2267 l.
745 2239 778 2266 c.
843 2220 995 2266 Florus
1035 2234 1098 2266 ιν.
1131 2239 1167 2266 c.
1203 2227 1245 2266 2.
1282 2227 1354 2268 51.
1415 2221 1633 2266 Plutarch.
1666 2224 1810 2294 Porup.
1846 2237 1882 2265 c.
1910 2225 1967 2265 73
2007 2237 2096 2284 sqq.

263 2302 328 2348 ld.
352 2305 470 2347 Caes,
501 2318 538 2345 c.
568 2303 640 2345 48.
690 2303 839 2345 Zonar.
872 2314 915 2346 x.
950 2316 992 2345 c.
1016 2304 1058 2344 9.
1133 2300 1424 2363 Vrillowsky,
1463 2299 1719 2343 Geschichte
1750 2301 1989 2360 Pompeius
2023 2299 2099 2344 des

266 2382 468 2426 Grossen.
513 2378 814 2440 Rastcnburg,
856 2383 990 2425 1843.
1026 2381 1091 2424 40.
1138 2380 1365 2432 Biichner,
1415 2377 1549 2422 [leber
1591 2376 1673 2421 den
1706 2377 1978 2438 Lebensplan
2021 2377 2097 2422 cles

267 2458 599 2519 Gn.Pompeius
629 2460 830 2518 Magnus.
862 2458 1106 2510 Schwerin,
1141 2461 1275 2503 1847.
1311 2461 1368 2502 4⁰.

341 2586 404 2661 (⁵)
447 2586 629 2640 Cicero
676 2585 957 2638 victoriam
998 2584 1239 2639 Caesaris
1288 2586 1342 2638 in
1386 2584 1584 2656 praelio
1623 2584 1931 2639 Pharsalico
1972 2585 2098 2639 belli

266 2689 426 2743 finem
467 2685 569 2739 sibi
608 2683 772 2749 facit,
813 2691 866 2738 et
904 2684 970 2738 ab
1007 2682 1174 2739 armis
1215 2684 1496 2739 discedens
1532 2684 1879 2738 Brundisium
1922 2688 2095 2748 venit;

260 2789 354 2845 uhi
391 2786 485 2841 diu
517 2794 757 2845 moratus
787 2790 867 2838 est
895 2784 963 2858 (V.
988 2783 1054 2837 ad
1076 2801 1122 2838 a.
1146 2788 1270 2857 707.
1297 2784 1369 2859 4.)
1392 2827 1406 2850 ,
1436 2785 1713 2839 Caesarem
1747 2793 2092 2858 exspectanS,

261 2891 390 2945 dum
424 2889 469 2943 is
500 2885 698 2941 bellum
733 2884 1156 2940 Alexandrinum
1190 2886 1355 2956 gessit
1385 2891 1438 2939 et
1467 2884 1798 2940 Pharnacem
1835 2886 1892 2940 in
1926 2888 2092 2946 Ponto

224 3034 228 3037 -
261 2990 552 3064 superavit.
596 3006 706 3041 v111.
745 3004 790 3041 c.
815 2990 903 3041 56.
945 2990 1032 3040 98.
1075 3002 1147 3040 lx.
1181 3004 1227 3040 c.
1255 2992 1280 3040 1
1321 3004 1400 3058 sq.

316 3089 539 3138 Plutarch.
565 3088 654 3132 cic.
688 3103 727 3131 c.
741 3089 812 3130 39.
846 3091 889 3132 1.
935 3085 1209 3148 Γενομένης
1252 3089 1335 3144 τῆς
1386 3087 1506 3132 κατὰ
1542 3087 1796 3148 Φάρσαλον
1839 3088 1996 3148 μάχης
2028 3117 2087 3125 -—·

259 3174 341 3217 καὶ
372 3170 633 3229 Πομπηίου
673 3167 933 3229 φυγόντος,
979 3165 1005 3210 ὁ
1041 3164 1128 3225 μὲν
1167 3168 1338 3211 Κάτων
1383 3169 1464 3211 καὶ
1512 3168 1784 3227 στράτευμα
1822 3167 1998 3224 συχνὸν
2037 3169 2088 3214 ἐν

258 3251 519 3313 Δυρραχίῳ
564 3250 645 3291 καὶ
684 3246 864 3291 στόλον
896 3245 1019 3302 ἔχων
1051 3245 1229 3308 μέγαν,
1268 3245 1453 3291 ἐκεῖνον
1493 3243 1628 3303 ἠξίου
1660 3256 1942 3310 στρατηγεῖν
1966 3251 2087 3294 κατὰ

261 3331 411 3390 νόμον
454 3331 535 3372 καὶ
572 3325 627 3372 τὸ
666 3328 748 3382 τῆς
780 3324 1013 3375 ὖπαϊείας
1051 3322 1236 3384 ἀξίωμα
1268 3325 1568 3388 προῦχοντα.
1645 3329 1990 3387 Διωθούμενος
2029 3326 2083 3373 δὲ
2166 3361 2167 3365 ,

258 3410 344 3467 τήν
373 3406 522 3469 ἀρχὴν
540 3406 567 3452 ὁ
593 3404 816 3467 Κικέρων
845 3408 926 3451 καὶ
946 3405 1070 3455 ὅλως
1097 3407 1287 3467 φεύγων
1307 3407 1361 3452 τὸ
1387 3408 1767 3467 στρατεύεσθαι,
1802 3409 1913 3466 παρ’
1939 3404 2083 3452 οὐδὲν

257 3484 409 3550 ἦλθεν
434 3488 755 3548 ἀναιρεθῆναι
788 3510 846 3526 -.-—
870 3518 880 3529 .
931 3483 1188 3542 κατασχών
1229 3486 1272 3530 δ’
1306 3490 1378 3538 εἰς
1405 3485 1698 3549 Βρεντέσιον
1729 3482 1948 3530 ἐνταῦθα
1983 3486 2082 3531 διέ-

258 3569 417 3631 τριβε,
453 3571 677 3628 Καίσαρα
709 3563 1001 3626 περιμένων,
1041 3564 1339 3626 βραδύνοντα
1372 3567 1456 3613 διά
1486 3566 1570 3618 τοὶς
1600 3564 1651 3611 ἐν
1684 3568 1835 3626 Ἀσίᾳ
1863 3570 1943 3612 καὶ
1974 3570 2081 3628 περὶ
