2158 4030
233 178 263 225 6
806 187 1015 223 (nonno
1061 187 1131 223 DE
1180 186 1316 222 v1TA
1365 186 1467 222 SUA

233 319 372 394 quod
399 318 610 374 illorum
645 325 814 374 artem
843 336 1008 391 quum
1042 319 1200 391 ipsiS,
1240 325 1358 372 tum
1390 318 1554 372 etiam
1587 315 1689 370 sibi
1717 315 1914 386 gloriae
1942 315 2051 370 fore

232 421 473 494 putabat.
551 421 725 491 Atque
759 420 836 474 illi
866 419 1099 474 artifices
1125 420 1361 491 corporis
1389 417 1677 472 simulacra
1703 417 1900 487 ignotis
1926 423 2053 470 nota

234 520 526 579 faciebant:
568 537 704 592 quae
735 520 819 575 vel
851 521 896 574 si
937 519 1084 573 nulla
1121 520 1229 572 sint
1249 560 1264 582 ,
1304 517 1487 571 nihilo.
1514 516 1624 570 sint
1655 501 1835 570 tamen
1867 515 2054 571 obscu-

237 623 406 680 riores
446 621 578 676 clari
619 622 740 675 viri.
830 620 936 675 Nec
977 621 1159 674 minus
1196 625 1279 674 est
1317 617 1612 690 Spartiates
1649 617 1929 688 Agesilaus
1966 615 2058 672 ille

239 722 628 795 perhibemus,
686 724 779 794 qui
832 739 1005 793 neque
1054 722 1253 792 pictam
1299 735 1477 790 :neque
1534 717 1718 773 fictam
1753 718 2057 788 imaginem

239 840 392 878 suam
425 839 615 895 passus
650 829 733 876 est
767 839 909 886 esse,
949 838 1110 892 quam
1150 821 1244 891 qui
1284 820 1339 874 in
1372 837 1434 874 eo
1465 835 1660 890 genere
1696 818 2058 875 elaborarunt.

239 922 388 977 Unus
433 922 578 976 enim
618 920 982 992 Xenophontis
1005 919 1225 974 libellus
1256 921 1311 974 in
1351 936 1414 975 eo
1452 935 1580 990 rege
1602 918 1874 990 laudando
1904 917 2062 973 facile

239 1038 423 1075 omnes
469 1021 732 1090 imagines
778 1020 1020 1073 omnium
1066 1025 1380 1091 statuasque
1419 1020 1709 1091 superavit.
1796 1023 1848 1074 8.
1888 1019 2064 1090 Atque

240 1119 339 1175 hoc
372 1120 736 1196 praestantius
776 1118 909 1173 mihi
943 1117 1133 1173 fuisset
1170 1125 1225 1174 et
1261 1118 1331 1173 ad
1368 1118 1631 1174 laetitiam
1668 1118 1866 1184 animi,
1905 1125 1960 1174 et
1997 1117 2063 1173 ad

243 1222 531 1276 memoriae
570 1220 888 1292 dignitatem
904 1263 918 1285 ,
969 1221 1017 1274 si
1068 1221 1124 1274 in
1174 1220 1390 1275 Lucceii
1427 1221 1630 1292 scripta
1673 1221 2034 1292 pervenissem
2050 1261 2066 1285 ,

244 1339 406 1394 quam
440 1323 486 1376 si
514 1323 571 1376 in
597 1328 899 1376 ceterorum
915 1364 931 1387 ,
969 1321 1110 1393 quod
1137 1338 1244 1376 non
1262 1322 1548 1393 ⁴ingenium
1574 1321 1709 1376 mihi
1741 1321 1914 1377 solum
1942 1339 2065 1394 sup-

245 1422 545 1494 peditatum
593 1421 812 1487 fuisset,
862 1422 1005 1476 sicut
1038 1422 1357 1477 Timoleonti
1389 1439 1422 1476 a
1454 1422 1700 1488 Timaeo,
1740 1429 1834 1477 aut
1867 1422 1933 1477 ab
1965 1422 2065 1477 He·

245 1523 430 1577 rodoto
472 1522 842 1594 Themistocli,
881 1522 973 1577 sed
1011 1523 1174 1577 etiam
1205 1525 1501 1578 auctoritas
1536 1523 1824 1578 clarissimi
1861 1531 1914 1579 et
1953 1539 2071 1595 spe-

244 1624 531 1684 ctatissimi
583 1624 716 1688 viri,
776 1628 830 1678 ct
888 1624 943 1677 in
996 1624 1270 1695 republica
1327 1625 1578 1679 maximis
1616 1625 2070 1696 *gravissimisque

246 1726 454 1778 caussis
486 1725 687 1795 cogniti
721 1729 882 1795 atque
915 1725 971 1778 in
998 1726 1190 1796 primis
1220 1724 1458 1796 probati:
1497 1732 1560 1780 ut
1590 1724 1726 1779 mihi
1757 1741 1864 1779 non
1898 1724 2071 1779 solum

248 1827 622 1897 praeconium,
655 1825 824 1897 quod,
857 1842 1024 1897 quum
1052 1827 1107 1879 in
1137 1825 1355 1897 Sigeum
1382 1827 1617 1881 venisset
1642 1825 1965 1892 Alexander,
2004 1825 2072 1881 ab

249 1926 476 1981 Homero
502 1926 695 1981 Achilli
717 1926 994 1990 ¹tributum
1029 1943 1144 1981 esse
1177 1926 1342 1991 dixit,
1395 1926 1488 1982 sed
1527 1928 1690 1982 etiam
1729 1945 1891 1999 grave
1922 1927 2073 1982 testi-

250 2028 491 2082 monium
525 2029 861 2099 impertitum
889 2027 1021 2081 clari
1049 2026 1282 2082 hominis
1307 2029 1598 2101 magnique
1621 2029 1912 2084 videretur.
1960 2028 2074 2083 Pla·

251 2134 338 2180 cet
376 2128 519 2182 enim
553 2128 750 2182 Hector
787 2127 877 2182 ille
910 2126 1045 2181 mihi
1084 2127 1413 2191 NaeviannS,
1451 2129 1551 2199 qui·
1579 2144 1685 2182 non
1710 2135 1930 2183 tantum
1965 2129 2075 2184 lau-

252 2227 372 2281 dari
403 2245 459 2282 se
492 2228 753 2293 laetatur,
794 2228 886 2282 sed
920 2227 1070 2282 addit
1103 2229 1302 2292 etiam,
1341 2246 1373 2282 a
1407 2228 1616 2300 laudato
1647 2229 1775 2284 viro.

317 2429 420 2489 JV.
481 2434 555 2490 Ι9.
601 2431 780 2486 Genus
809 2436 827 2467 ¹
885 2437 1066 2483 autem
1120 2430 1448 2500 scriptorum
1500 2430 1712 2484 Lucceii
1734 2471 1750 2494 ,
1807 2431 1907 2484 etsi
1961 2440 2078 2487 erat

257 2545 468 2600 semper-
498 2546 527 2583 a
560 2547 647 2584 me
685 2530 1029 2584 vehementer
1059 2531 1453 2601 exspectatum,
1503 2537 1683 2584 tamen
1717 2531 1847 2585 vicit
1879 2533 2082 2604 opinio-

260 2644 380 2683 nem
426 2647 625 2695 meam,
673 2647 864 2701 meque
906 2631 981 2685 ita
1014 2630 1095 2684 vel
1136 2632 1279 2702 cepit
1310 2631 1392 2685 vel
1427 2630 1694 2696 incendit,
1734 2639 1796 2686 ut
1828 2650 2080 2705 cuperem

259 2746 422 2801 quam
449 2730 728 2784 celerrime
745 2733 847 2784 'res
873 2738 1084 2785 nostras
1110 2731 1280 2802 ipsius
1307 2733 1671 2786 monumentis
1697 2734 2079 2789 commendari.

261 2830 373 2884 ΕΝ·
418 2831 546 2901 quia
577 2830 851 2896 videbam,
897 2831 1075 2886 Italici
1115 2832 1239 2886 belli
1277 2840 1326 2886 et
1346 2833 1528 2886 civilis
1560 2833 1830 2889 historiam
1876 2836 1982 2890 iam
2017 2835 2083 2891 ab

263 2929 380 3001 ipso
411 2947 577 3002 paene
610 2949 725 2987 esse
751 2931 1069 3004 perfectam:
1110 2933 1319 2988 dixerat
1351 2940 1533 2990 autem
1559 2937 1723 3002 mihi,
1763 2950 1820 2992 se
1852 2938 2086 3010 reliquas

264 3046 355 3087 res
387 3032 582 3086 ordiri:
623 3033 806 3088 deesse
844 3033 977 3088 mihi
1018 3033 1192 3099 nolui,
1232 3035 1362 3106 quin
1403 3036 1582 3107 ipsum
1621 3037 1985 3106 admonerem,
2026 3048 2087 3096 ut

269 3132 558 3201 cogitaret,
610 3134 963 3188 coniunctene
1013 3124 1194 3188 mallet
1247 3153 1370 3190 cum
1422 3137 1645 3209 reliquis
1695 3138 1856 3193 rebus
1908 3149 2089 3198 nostra

272 3238 576 3298 contexere,
600 3251 690 3299 an,
715 3242 773 3288 ut
795 3234 950 3289 multi
975 3235 1158 3290 Graeci
1184 3235 1448 3303 fecerunt,
1471 3237 1816 3295 Callisthenes
1841 3241 2092 3303 Troicum
2157 3275 2158 3292 κ

338 3464 379 3521 Ι-)
413 3463 521 3508 Ibid.
557 3467 639 3520 §L
677 3492 730 3500 -
766 3470 805 3524 2)
841 3465 1048 3527 ibium.
