2210 3970
487 221 540 273 L.
570 219 676 273 Vll.
721 236 764 272 c.
790 216 975 272 XVlll.
1021 215 1060 287 S
1084 220 1144 268 51
1193 245 1266 254 --
1307 232 1352 267 c.
1378 215 1487 269 XX.
1531 214 1571 287 ἓ
1598 219 1683 269 54.
1891 218 1996 268 315

171 386 435 443 quemque
493 387 642 427 meac
701 368 823 424 fidei
884 364 1356 423 commendassetis
1377 407 1392 428 ,
1451 372 1506 420 et
1556 364 1713 420 cuius
1770 363 1999 419 salutem

172 487 398 544 magnae
422 469 570 525 vobis
597 486 759 525 curae
789 485 907 524 esse
938 465 1339 529 decrevissetiS,
1379 479 1533 518 meus
1561 462 1827 518 adventus
1852 479 1999 536 prae-

171 572 412 643 sentibus
462 569 674 626 insidiis
713 570 972 625 liberarit.
1049 565 1203 637 Quod
1246 564 1314 621 ad
1351 581 1446 620 vos
1490 578 1522 620 a
1559 581 1647 620 me
1683 563 1849 619 scribi
1894 581 2001 620 non

171 673 406 730 alienum
443 671 660 744 putavi,
701 677 762 727 ut
788 669 1163 744 intelligeretis
1193 683 1259 724 ex
1294 667 1386 731 iis,
1425 681 1564 739 quae
1595 681 1763 739 paene
1794 664 2000 720 accide-

171 779 300 830 runt
319 814 335 838 ,
374 788 468 827 vos
506 771 679 827 multo
710 778 863 836 ante,
904 787 971 827 ne
1002 786 1066 827 ea
1096 767 1433 833 acciderent,
1472 765 1795 840 providisse:
1837 781 2005 838 eoque

171 890 265 930 vos
300 872 598 930 studiosius
631 871 733 928 feci
766 873 1055 937 certiores,
1104 868 1249 943 quod
1287 870 1345 927 in
1384 885 1512 941 rege
1549 866 1910 924 Ariobarzane
1940 882 2003 922 ea

170 973 305 1031 mihi
339 974 494 1047 signa
526 973 710 1030 videor
748 974 1006 1038 virtutis,
1035 970 1268 1044 ingenii,
1309 969 1463 1036 fidei,
1503 968 2008 1042 benevolentiaeque

172 1091 300 1147 erga
345 1080 440 1130 vos
476 1074 811 1147 perspexisse
832 1116 846 1139 ,
906 1079 968 1128 ut
1015 1089 1120 1127 non
1166 1072 1285 1127 sine
1328 1087 1521 1126 caussa
1560 1077 1767 1126 tantam
1818 1084 2007 1125 curam

171 1174 613 1250 diligentiamque
654 1175 710 1230 in
742 1175 860 1231 eius
899 1190 992 1229 vos
1025 1171 1256 1229 salutem
1288 1171 1579 1228 videamini
1617 1170 1971 1227 contulisse.’'

210 1398 222 1413 v*
241 1375 383 1433 ΧΙΧ.
463 1378 552 1430 155.
593 1372 700 1429 Sed
721 1378 739 1413 ¹
780 1371 1033 1428 Parthico
1065 1370 1203 1427 bello
1236 1371 1580 1444 impendente
1608 1372 1899 1427 C.Cassius
1932 1372 2009 1426 in-

170 1481 324 1551 eptas
367 1474 578 1533 litteras
620 1470 691 1529 ad
743 1478 993 1528 senatum
1038 1472 1219 1536 misit,
1283 1470 1524 1544 quibus²
1562 1486 1660 1545 per
1696 1486 1756 1527 se
1793 1456 2012 1544 scripsit

169 1554 475 1633 ominatum
506 1588 624 1629 esse
649 1570 964 1628 Parthicum
1004 1570 1222 1628 bellum.
1302 1571 1657 1628 Recesserant
1683 1571 1764 1627 illi
1789 1570 2010 1645 quidem

173 1676 251 1734 aln'
299 1672 588 1733 Antiochia
641 1678 772 1730 ante
827 1671 1004 1733 Bibuli
1062 1673 1358 1730 adventum
1379 1717 1395 1740 ,
1460 1672 1556 1731 sed
1614 1672 1763 1731 nullo
1827 1679 2013 1728 nostro

173 1779 533 1850 εὖημερῄμιετι.
611 1772 932 1832 Hiemabant
963 1775 1175 1832 veroin
1202 1774 1571 1850 Cyrrhestica,
1602 1773 2013 1847 maximumque

170 1872 370 1932 bellum
401 1873 759 1949 impendebat.
839 1874 974 1931 Nam
1003 1881 1059 1931 et
1085 1872 1273 1940 Orodi,
1306 1875 1451 1948 regis
1478 1873 1827 1940 Parthorum,
1866 1873 2012 1930 iilius

170 1977 230 2032 in
263 1976 766 2055 provinciaznostra
803 1982 948 2039 erat:
1002 1990 1101 2032 nec
1140 1974 1423 2034 dubitabat
1468 1976 1782 2041 haiom-us,
1828 1976 2012 2051 (cuius

173 2075 484 2150 iiliopacta
515 2083 633 2136 erat
664 2077 978 2133 Artavasdis
1019 2077 1158 2143 filia,
1196 2093 1264 2133 ex
1292 2093 1405 2151 quo
1441 2078 1572 2133 sciri
1603 2078 1838 2150 poterat)
1877 2078 2012 2150 quin

173 2190 301 2235 cum
341 2177 598 2234 <omnihus
631 2178 800 2251 copiis
839 2179 954 2251 ipse
992 2178 1169 2251 prima
1206 2184 1412 2234 aestate
1449 2176 1782 2251 Euphratem
1813 2178 2010 2233 transi·

173 2287 332 2337 turus
378 2283 540 2335 *esset
639 2278 756 2348 Quo
799 2285 982 2335 autem
1026 2279 1115 2336 die
1165 2279 1335 2336 Cassii
1386 2278 1600 2334 litterae
1650 2279 1903 2335 victrices
1953 2279 2011 2334 in

172 2387 387 2438 senatu*
406 2380 667 2436 recitatae
725 2386 853 2436 sunt
872 2422 887 2445 ,
946 2379 1001 2436 id
1046 2387 1163 2446 est,
1215 2381 1381 2436 Nonis
1413 2378 1765 2445 Octobribus,
1822 2379 2010 2436 eodem

174 2496 324 2539 meae
347 2479 658 2538 ‘tumultum
690 2481 1022 2538 nuntiantes
1102 2480 1207 2538 Sed
1240 2481 1411 2538 Axius
1441 2481 1580 2538 mihi
1612 2489 1795 2538 nomr
1827 2497 2012 2538 narra·

174 2583 282 2649 vit,
314 2588 530 2639 nostras
558 2582 898 2639 auctoritatis
924 2582 1111 2656 plenas
1129 2582 1327 2646 fuisse;
1357 2582 1465 2639 illis
1485 2585 1703 2657 negavit
1721 2582 2008 2640 creditum,

174 2682 350 2742 Rihnli
393 2682 632 2740 nondum
680 2690 839 2740 erant
882 2683 1102 2748 allatae;
1161 2699 1298 2759 quas
1346 2691 1496 2741 certo
1538 2684 1774 2741 sciebam
1826 2684 2012 2759 plenas

177 2784 388 2840 timoris
415 2801 553 2840 esse:
579 2783 778 2857 quihus
795 2790 819 2826 ⁸
850 2786 1123 2852 recitatiS,
1163 2785 1418 2860 putabam
1449 2785 1590 2853 sore,
1628 2793 1692 2842 ut
1723 2786 2011 2860 aliquando

178 2891 612 2941 commoveretur
639 2893 878 2943 'senatus

256 3086 368 3142 XX.
450 3089 537 3143 54.
579 3086 802 3156 Quum⁴
841 3089 1010 3161 igitur
1046 3090 1163 3146 dies
1200 3091 1475 3164 quinque,
1516 3097 1578 3145 ut
1617 3090 1766 3155 dixi,
1807 3090 1874 3146 ad
1910 3091 2009 3166 Cy·

180 3187 346 3243 bistra
390 3187 750 3262 Cappadociae
795 3197 972 3247 castra
1018 3191 1355 3257 habuissem,
1408 3191 1607 3247 certior
1645 3209 1766 3248 sum
1808 3191 2011 3258 sactuS,

187 3352 396 3371 m

250 3458 286 3513 ¹)
318 3453 371 3501 ad
396 3456 688 3514 Att.v1.1.§
718 3459 785 3503 14.
820 3483 874 3490 -
910 3457 1147 3517 quamv.
1174 3462 1245 3504 21.
1283 3457 1631 3517 §2.·-5)1hid.
1655 3463 1914 3520 v1.1.§1⁴.
1948 3487 2006 3495 -

185 3534 223 3590 4)
256 3532 363 3578 lbid.
397 3537 445 3577 v.
481 3537 550 3579 20.
588 3537 669 3591 ω.
