2210 3970
326 235 338 248 ·
438 210 494 266 L.
519 210 581 264 x.
625 228 668 264 ο.
697 209 882 265 xvul.
927 207 964 281 ὅ
992 212 1059 262 48
1100 236 1173 246 —
1214 206 1472 262 exvm.
1518 207 1554 281 g
1581 213 1667 261 50.
1862 212 1968 261 479

141 360 381 433 sophiam
423 358 529 414 iliis
568 361 956 433 anteposuisti,
1005 374 1293 431 possumne
1332 357 1536 429 aliquid
1577 357 1805 412 audire?
1891 357 1971 411 Tu

143 477 303 526 vero,
345 461 602 532 inquam,
642 460 723 516 vel
765 437 952 515 audire
989 458 1072 514 vel
1112 458 1312 516 dicere.
1392 458 1499 513 Nec
1532 459 1676 513 enim
1719 456 1794 531 (id
1836 457 1976 529 quod

143 568 291 617 recte
321 561 622 630 existimas)
670 561 901 617 oratoria
945 560 1033 615 illa
1073 559 1252 614 studia
1285 558 1534 620 deserui;
1573 559 1769 631 quihus
1814 559 1979 614 etiam

144 667 196 716 te
250 659 493 726 incendi,
551 676 881 733 quamquam
942 660 1426 733 flagrantissimum
1478 674 1820 731 acceperam:
1883 674 1979 712 nec

143 778 241 827 ea,
281 776 418 834 quae
456 777 601 817 nunc
647 768 858 828 tracto,
898 763 1180 827 minuunt,
1238 760 1330 817 sed
1363 767 1564 831 augent
1617 761 1797 832 potius
1837 758 1982 814 iliam

145 860 474 918 facultatem.
551 861 686 918 Nam
720 879 848 918 cum
895 862 994 918 hoc
1035 878 1231 934 genere
1270 859 1635 933 philosophiae
1655 901 1670 924 ,
1709 859 1851 932 quod
1886 877 1982 915 nos

146 962 460 1034 sequimur,
501 978 755 1033 magnam
789 961 948 1018 habet
985 969 1166 1019 orator
1203 962 1535 1018 societatem.
1615 959 1983 1017 Subtilitatem

143 1064 287 1120 enim
327 1062 395 1120 ab
428 1062 717 1120 Academia
750 1071 1070 1129 mutuatur,
1131 1070 1185 1119 et
1222 1063 1274 1118 ei
1325 1063 1567 1119 vicissim
1608 1061 1786 1118 reddit
1827 1061 1983 1117 uber-

144 1170 311 1224 tatem
331 1165 590 1228 orationis
612 1172 666 1221 et
686 1173 1001 1221 ornamenta
1020 1165 1251 1220 dicendi.
1326 1163 1683 1232 Quamobrem
1696 1205 1711 1229 ,
1733 1165 1953 1236 inquam
1970 1206 1984 1228 ,
2071 1228 2073 1230 ¹

145 1266 398 1337 quoniam
439 1266 723 1337 utriusque
764 1264 931 1321 studii
966 1272 1149 1320 nostra
1191 1265 1454 1337 possessio
1492 1272 1604 1329 est,
1640 1264 1822 1330 hodie,
1863 1271 1986 1320 utro

145 1366 254 1423 frui
305 1366 497 1432 malis,
558 1366 703 1438 optio
761 1366 834 1421 sit
882 1372 990 1421 tua.
1072 1366 1210 1420 Tum
1266 1365 1506 1430 Hirtius,
1563 1365 1984 1427 Gratissimum,

146 1467 354 1540 inquit,
421 1472 477 1523 et.
521 1472 739 1521 tuorum
793 1465 1037 1520 omnium
1080 1464 1285 1521 simile:
1338 1464 1475 1520 nihil
1526 1465 1673 1520 enim
1727 1480 1987 1537 umquam

143 1564 333 1622 abnuit
385 1581 506 1622 meo
538 1564 719 1621 studio
765 1563 1014 1620 voluntas
1065 1571 1180 1620 tua.
1277 1564 1381 1621 Sed
1420 1566 1677 1638 quoniam
1716 1563 1986 1621 rhetorica

150 1666 285 1722 mihi
325 1672 504 1723 vestra
537 1672 666 1723 sunt
699 1672 860 1732 nota,
901 1673 1060 1738 teque
1090 1667 1144 1721 in
1184 1667 1251 1720 iis
1289 1673 1343 1721 et
1381 1665 1692 1721 audivimus
1729 1682 1888 1737 saepe
1933 1673 1989 1721 et

142 1764 454 1832 audiemuS,
511 1772 674 1839 atque
725 1764 865 1822 hanc
912 1766 1360 1822 Academicorum
1409 1773 1598 1822 contra
1653 1767 1989 1839 propositum

145 1844 455 1941 disputandi
482 1865 927 1923 consuetudinem
964 1866 1206 1923 indicant
1252 1874 1306 1923 te
1346 1869 1647 1940 suscepisse
1677 1868 1806 1923 'l'us
1822 1866 1989 1922 cula·

147 1984 263 2023 nae
294 1966 814 2041 disputationem
853 1985 1051 2040 ponere
1090 1968 1325 2041 aliquid,
1379 1969 1443 2024 ad
1473 1969 1614 2042 quod
1655 1968 1904 2032 audiam,
1943 1968 1990 2022 si

150 2067 247 2123 tibi
271 2085 376 2124 non
397 2075 479 2124 est
500 2067 812 2133 molestum,
846 2069 980 2125 vole.
1059 2070 1143 2125 An
1164 2069 1301 2126 mihi
1323 2111 1338 2136 ,
1361 2071 1581 2143 inquam
1605 2112 1619 2135 ,
1641 2076 1816 2142 potest
1836 2067 1990 2141 quid·

150 2183 313 2239 quam
346 2184 462 2223 esse
486 2166 798 2233 molestum,
838 2168 980 2239 quod
1020 2168 1119 2224 tihi
1152 2178 1369 2241 gratum
1403 2170 1667 2226 futurum
1708 2169 1823 2225 sit?
1886 2167 1989 2224 Sed

150 2268 225 2322 ita
257 2267 474 2334 audieS,
533 2274 594 2323 ut
634 2268 937 2325 Romanum
990 2269 1293 2336 hominem,
1342 2278 1402 2327 ut
1456 2270 1646 2327 timide
1686 2269 1990 2342 ingredien-

150 2374 259 2423 tem
293 2366 361 2424 ad
394 2366 492 2424 hoc
520 2385 691 2440 genus
730 2368 1079 2442 disputandi,
1114 2378 1174 2426 ut
1213 2371 1370 2442 longo
1405 2370 1688 2426 intervallo
1714 2369 1845 2424 haec
1876 2379 1987 2425 stu-

150 2468 238 2523 dia
271 2474 621 2541 repetentem.
702 2468 812 2533 Ita,
852 2470 1061 2541 inquit,
1098 2470 1315 2527 audiam
1358 2478 1412 2527 te
1463 2471 1867 2545 disputantem,
1932 2478 1990 2526 ut

152 2586 213 2624 ea
252 2569 406 2641 lego,
445 2586 583 2642 quae
619 2569 945 2642 scripsisti.”

226 2673 315 2726 50.
359 2669 588 2726 Proinde
628 2687 785 2726 orsus
823 2687 945 2726 sum
986 2671 1409 2745 disputationem
1451 2673 1528 2728 de
1562 2673 1747 2736 Fato;
1787 2691 1950 2746 quam
1974 2680 1990 2711 ¹

152 2787 322 2842 quum
355 2770 491 2836 illis,
530 2788 664 2843 quos
693 2770 835 2836 dixi,
876 2771 1244 2828 adiunxissem
1266 2773 1420 2828 libris
1450 2773 1526 2829 de
1559 2774 1814 2830 Natura
1847 2776 1994 2830 Dee·

152 2887 292 2926 rum
350 2877 405 2926 et
449 2869 523 2927 de
562 2871 1016 2939 Divinatione,
1075 2881 1192 2929 erat
1238 2874 1450 2930 abunde
1497 2874 1838 2930 satisfactum
1891 2877 1990 2930 toti

153 2971 280 3028 huic
320 2972 638 3044 quaestioni.
730 2970 925 3029 Fatum
946 2979 967 3012 ²
1007 2983 1190 3032 autem
1232 2976 1286 3031 id
1325 2975 1531 3049 appello
1551 3018 1568 3041 ,
1619 2974 1762 3047 quod
1804 2976 1994 3031 Graeci

152 3073 498 3142 εἱμαρμένην,
555 3071 610 3127 id
650 3079 733 3128 est
772 3072 1014 3130 ordinem
1068 3078 1371 3150 seriemque
1417 3093 1733 3132 caussarum
1758 3119 1772 3141 ,
1825 3094 1995 3148 quum

157 3191 347 3229 caussa
393 3191 615 3230 caussae
661 3191 798 3229 nexa
841 3193 956 3230 rem
999 3194 1063 3231 ex
1103 3195 1159 3232 se
1207 3180 1411 3250 gignat.
1494 3178 1571 3233 Ea
1616 3185 1697 3232 est
1743 3195 1808 3232 ex
1848 3179 1994 3232 omui

156 3277 473 3332 aeternitate
514 3276 686 3331 fluens
719 3278 919 3332 veritas
951 3281 1294 3351 sempiterna.
1378 3279 1731 3351 Quod-quum
1775 3281 1851 3334 ita
1893 3281 1994 3343 sit,

157 3374 291 3435 nihil
317 3384 398 3432 est
426 3376 658 3443 sactum,
699 3379 840 3450 quod
872 3397 975 3435 non
1007 3381 1254 3437 futurum
1285 3381 1474 3445 suerit,
1514 3381 1806 3454 eodemque
1837 3382 1995 3437 modo

220 3522 257 3576 ι)
290 3517 342 3564 de
376 3519 559 3567 Divinat.
596 3523 648 3565 11.
684 3537 720 3565 c.
747 3525 782 3566 l.
818 3525 900 3580 §3.
936 3552 993 3558 *—
1024 3529 1061 3584 2)
1099 3524 1205 3569 lbid.
1240 3529 1270 3569 1.
1305 3541 1340 3569 c.
1376 3528 1447 3568 55.
1483 3527 1506 3583 §
1537 3527 1637 3570 125.
