2210 3970
190 231 296 285 574
733 236 1027 279 Amnes
1065 240 1510 282 emenommr.

189 386 284 422 tam
317 373 660 420 disertissimum
677 403 691 428 ‚
737 373 1004 432 ‘magistrum
1037 373 1193 416 habuit
1207 395 1226 428 ,-
1273 375 1354 434 qui
1378 373 1523 433 flesse
1554 370 1754 428 dicitur,
1795 371 1914 433 'qaod
1935 387 2020 433 per

189 455 302 499 hunc
339 453 523 497 Graecia
539 449 815 509 eloquentiae
833 449 1246 510 laadeprivaretar.
1292 451 1460 511 Dialog.
1491 450 1545 494 de
1571 452 1738 494 Orator.
1768 448 1797 492 l.
1826 465 1864 493 c.
1901 449 2016 494 Plut.

188 533 270 577 cic.
304 547 340 575 c.
371 534 411 575 4.
444 533 489 575 2.
538 531 692 574 ςὈθεν
732 530 803 579 εἰς
842 531 1020 573 ’Λσίαν
1060 532 1142 574 καὶ
1176 529 1347 574 Ῥόδον
1390 529 1615 583 ἔπλευσε,
1670 529 1752 572 καὶ
1793 527 1889 572 τῶν
1930 525 2017 585 μὲν

185 607 429 655 ’Λσιανῶν
466 608 685 670 ῥητόρων
726 612 958 657 Ξενοκλεῖ
997 610 1062 656 τῶ
1109 609 1482 683 Ἀδραμυττηνῶ
1525 611 1607 654 καὶ
1655 609 1905 666 Διονυσίῳ
1950 607 2014 668 τῷ

183 691 408 753 Μάγνητι
442 691 523 734 καὶ
555 692 795 735 Μενίππω
826 690 891 734 τῶ
922 692 1052 751 Καρὶ
1079 691 1462 746 συνεσχόλασεν,
1496 687 1548 733 ἐν
1575 684 1631 734 δὲ
1658 680 1810 732 Ρόδω
1841 685 2013 747 ῥήτορι

182 768 271 831 μὲν
298 770 614 832 ’Λπολλωνίῳ
642 768 706 814 τῶ
733 769 996 826 Μόλωνος,
1034 769 1296 829 φιλοσόφῳ
1326 767 1381 815 δὲ
1406 766 1744 824 Ποσειδωνίῳ.
1809 764 2016 828 Λέγεται

182 847 237 897 δὲ
268 848 351 894 τὸν
378 846 715 893 ’Λπολλώνιον
744 847 803 893 οὐ
829 846 1055 893 συνιέντα
1085 846 1168 904 τήν
1195 847 1471 907 Ῥωμαϊκήν
1497 846 1753 892 διάλεκτον
1775 845 2016 903 δεηθῆναι

182 932 271 975 τοῦ
295 926 571 988 Κικέρωνος
595 923 873 983 Ἑλληνιστὶ
899 929 1186 987 μελετῆσαι·
1226 919 1312 973 τὸν
1333 924 1387 972 δὲ
1414 925 1689 972 ὑπακοῦσαι
1716 928 2011 987 προθύμως,

183 1009 407 1067 οἰόμενον
452 1003 610 1056 οὕτως
641 1004 848 1051 ἔσεσθαι
880 1005 1109 1065 βελτίονα
1148 1005 1233 1064 τήν
1264 1005 1642 1068 ἐπανόρθωσιν·
1687 1006 1794 1053 ἐπεὶ
1828 1006 1881 1054 δὲ
1913 1007 2015 1068 ἐμε-

179 1085 381 1145 λέτησε,
417 1086 536 1136 τούς
566 1082 652 1145 μὲν
685 1083 860 1137 ἄλλους
894 1083 1237 1145 ἐκπεπλῆχθαι
1267 1089 1349 1132 καὶ
1379 1086 1746 1147 διαμιλλᾶσθαι
1779 1071 1898 1147 πρὸς
1932 1086 2020 1131 άλ-

181 1165 355 1225 λήλους
389 1172 493 1217 τοῖς
525 1160 777 1221 ἐπαίνοις,
820 1163 906 1210 τὸν
940 1164 988 1210 δ’
1015 1163 1357 1223 ’Λπολλώνιον
1385 1164 1496 1212 οὔτ’
1522 1165 1826 1229 ἀκροώμενον
1859 1166 2014 1212 αὐτοῦ

181 1247 483 1303 διαχυθῆναι
532 1246 614 1290 καὶ
660 1243 968 1305 παυσαμένου
1010 1247 1220 1290 σύννουν
1262 1244 1568 1299 καθέζεσθαι
1607 1246 1766 1293 πολύν
1807 1247 2016 1307 χρόνον,

183 1323 463 1385 ἀχθομένου
487 1322 541 1371 δὲ
569 1327 658 1370 τοῦ
690 1322 963 1386 Κικέρωνος
987 1326 1172 1370 εἰπεῖν·
1208 1322 1318 1372 »Σὲ
1343 1324 1455 1385 μὲν,
1493 1317 1529 1372 ὦ
1550 1325 1802 1389 Κικέρων,
1834 1325 2017 1372 ἐπαινῶ

179 1410 264 1453 καὶ
291 1404 555 1464 θαυμάζω,
597 1407 680 1462 τῆς
712 1402 767 1450 δὲ
797 1401 1030 1456 Ἑλλάδος
1057 1407 1279 1467 οἰκτείρω
1313 1405 1400 1464 τήν
1433 1405 1604 1465 τύχην,
1644 1405 1799 1468 ὁρῶν,
1836 1405 1867 1450 ἃ
1893 1407 2022 1465 μόνα

182 1487 280 1533 τῶν
311 1486 471 1532 καλῶν
503 1484 617 1545 ἡμῖν
651 1482 968 1548 ὑπελείπετο,
1016 1487 1099 1531 καὶ
1131 1488 1290 1531 ταῦτα
1328 1487 1595 1547 ιΡωμαίοις
1629 1485 1715 1531 διὰ
1747 1502 1835 1531 σου
1876 1500 2020 1547 προσ·

181 1568 438 1631 γενόμενα,
483 1564 714 1611 παιδείαν
761 1566 843 1609 καὶ
892 1566 1086 1627 λόγον.”
1159 1563 1299 1609 Schol.
1340 1565 1447 1610 Bob.
1491 1565 1539 1609 iu
1570 1559 1692 1609 O'rat.
1732 1578 1805 1624 pro
1848 1562 2020 1606 Plancio

180 1664 222 1708 p.
252 1649 356 1691 269.
404 1646 472 1689 Et
499 1644 728 1689 verissime
760 1651 936 1688 constat
967 1645 1019 1688 in
1042 1643 1195 1705 pr'ima
1226 1642 1527 1688 adolescentia
1554 1639 1758 1706 Rhodam
1787 1640 2022 1702 navigasse

181 1727 239 1776 M.
267 1723 495 1780 Tullium,
526 1730 580 1768 at
608 1730 708 1768 arte
739 1723 937 1766 oratoria
954 1754 968 1778 ‚
997 1723 1047 1766 in
1078 1738 1168 1783 qua
1200 1721 1442 1784 insigniter
1465 1719 1738 1783 praestitit,
1770 1718 2022 1763 erudiretur

181 1797 306 1864 apud
332 1801 616 1846 notissimum
640 1799 820 1845 rhetora
850 1808 895 1844 et
924 1800 1357 1862 magistrumlillius
1387 1800 1554 1844 aetatis
1575 1795 1872 1859 Apolloniam.
1936 1798 2020 1841 Hic

182 1887 280 1936 est,
315 1879 398 1941 qui
429 1870 547 1923 Molo
578 1878 912 1939 cognominatus
945 1885 1025 1922 est.
1059 1880 1122 1936 [v.
1155 1877 1209 1923 ad
1238 1894 1276 1923 a.
1309 1881 1414 1928 673,
1449 1879 1515 1935 4.]
1589 1873 1705 1920 Cous.
1736 1874 1891 1919 Strabo
1922 1888 2020 1920 xlv.

179 1979 220 2022 p.
240 1963 344 2005 660.
388 1955 609 2019 Plutarch.
637 1958 749 2000 Caes.
777 1970 813 1999 e.
832 1958 873 2000 3.
906 1958 948 2002 1.
997 1959 1047 2001 Α.
1064 1957 1373 2002 Westermann
1391 1988 1406 2013 ‚
1442 1953 1700 1998 Geschiclae
1732 1953 1810 1997 der
1828 1953 2019 2014 griechi-

180 2036 312 2083 schen
338 2031 704 2093 Beredtsamlce‘z't.
736 2031 939 2094 Leipzig,
968 2035 1101 2079 1833.
1137 2035 1252 2091 §81.

211 2185 213 2187 .
260 2123 322 2201 (⁴)
361 2123 423 2178 In
462 2121 563 2177 hoe
602 2121 796 2175 itinere
831 2120 1123 2194 Zmyrnam
1157 2099 1370 2193 quoque
1409 2117 1604 2174 adiisse
1637 2116 1887 2183 videtur,
1928 2115 2021 2171 ubi

180 2224 448 2282 Rutilium
478 2221 681 2277 Rufum
701 2263 718 2286 ,
758 2219 1093 2283 exsulantem
1135 2227 1189 2275 et
1222 2221 1278 2274 in
1320 2217 1516 2298 studiis
1551 2217 1863 2280 ,litterarum
1897 2235 2019 2273 eon-

181 2330 576 2389 senescentem,
600 2321 838 2387 audivit,
878 2338 1047 2393 quum
1068 2321 1115 2375 is
1136 2324 1425 2393 exponeret
1453 2318 1870 2390 disputationem
1901 2335 1930 2373 a
1961 2319 2019 2372 P.

181 2429 432 2484 Africano
470 2425 536 2480 de
582 2410 893 2495 Republica*
909 2421 1146 2477 habitam
1195 2438 1242 2476 a.
1281 2421 1341 2476 U.
1378 2406 1441 2476 C.
1469 2423 1596 2475 625.
1641 2437 1766 2475 eum
1814 2404 2023 2485 Laelio3

181 2529 358 2594 Phile,
406 2524 647 2588 Manilio,
699 2524 991 2588 Mummio,
1045 2523 1361 2586 T,uherone
1405 2520 1656 2576 Scaevola
1695 2527 1749 2575 et
1787 2521 2020 2582 Fannio;

184 2642 344 2702 quem
387 2640 689 2682 sermonem
727 2622 910 2678 Cicero
953 2628 1139 2695 postea
1187 2622 1259 2695 [v.
1296 2620 1365 2677 ad
1398 2638 1449 2676 a.
1487 2624 1614 2676 700.
1654 2621 1787 2694 10.]
1821 2621 2019 2675 litteris

187 2728 536 2800 consignavit.
578 2742 644 2779 v1.
680 2741 726 2778 e.
759 2726 849 2778 56.
874 2727 964 2779 95.
1004 2740 1055 2777 x.
1081 2739 1127 2777 e
1160 2725 1246 2777 19.
1290 2726 1378 2776 54.

245 2831 330 2875 Cic.
354 2833 479 2872 Brut.
506 2842 542 2870 c.
560 2828 634 2869 22.
666 2827 739 2870 85.
770 2825 985 2868 Memoria
1015 2831 1161 2880 teneo,
1193 2825 1410 2885 Zmyrnae
1430 2838 1499 2866 me
1530 2838 1586 2867 esc
1616 2823 1669 2866 P.
1691 2822 1866 2867 Rutilio
1894 2822 2019 2882 Rufo

186 2908 369 2962 audisse
384 2940 398 2964 ‚
430 2921 567 2967 quam
598 2903 763 2949 diceret
789 2910 871 2948 eet.
920 2900 1004 2947 cfr.
1035 2905 1086 2947 A.
1114 2901 1248 2947 Maius
1278 2899 1415 2947 Praef.
1447 2899 1502 2946 ad
1531 2899 1665 2945 libros
1691 2899 1745 2945 de
1770 2903 1874 2962 Rep.
1907 2903 2016 2960 §1v.

503 3131 758 3191 ANNUS
798 3129 1040 3186 VITAE
1089 3128 1512 3185 CICERONIS
1559 3130 1722 3186 XXX.

183 3300 221 3327 a.
238 3285 287 3325 U.
306 3285 350 3325 C.
599 3281 713 3322 Coss.
746 3280 795 3322 D.
830 3276 1002 3319 IUNIUS
1034 3223 1262 3319 BRUTUS.1
1850 3293 1888 3320 a.
1906 3278 1955 3320 A.
1974 3280 2017 3319 C.

221 3373 330 3434 677.
753 3372 805 3413 Μ.
839 3369 1078 3412 AEMILIUS
1111 3371 1323 3410 LEPIDUS
1355 3367 1606 3410 LIVIANUS.
1900 3369 1974 3412 77.
2038 3398 2041 3400 -

260 3504 323 3579 (¹)
364 3503 547 3558 Cicero
580 3517 644 3557 ex
683 3502 878 3558 itinere
909 3502 966 3556 in
993 3500 1271 3557 Graeciam
1292 3505 1346 3555 et
1380 3499 1591 3563 Asiam,
1633 3498 1846 3554 biennio
1876 3506 2013 3571 post-
