2150 3990
257 220 366 278 144
722 271 725 275 s
869 229 1075 268 emano
1123 231 1191 267 on
1232 226 1368 268 νιτΑ
1407 230 1509 267 sua

331 364 334 366 ’
382 379 385 381 ·
415 363 688 435 multaque
715 380 809 436 per
837 371 1008 419 terras
1044 371 1194 420 vates
1224 363 1398 419 oracla
1438 362 1635 418 furenti
1661 412 1674 420 ,

296 504 298 506 -
353 505 356 508 -
407 471 623 535 ,pectore
650 463 976 528 fundebant,
1015 466 1200 519 tristes
1231 464 1538 519 minitantia
1570 476 1758 516 casus:

411 571 571 636 atque
609 581 669 619 ea
691 607 706 629 ,
745 581 881 636 quae
907 564 1057 636 lapsu
1098 564 1314 618 tandem
1347 562 1588 617 cecidere
1624 565 1867 617 vetustffi

411 664 540 718 haec
580 664 690 718 fore
710 706 725 728 ‚
764 665 1034 735 perpetuis
1068 664 1237 735 signis
1263 663 1528 734 clarisque
1567 659 1907 731 frequentans

411 765 523 835 ipse
549 763 711 816 deum
743 763 954 832 genitor
979 762 1122 816 caelo
1161 763 1427 832 terrisque
1458 760 1697 816 canebat.

297 867 384 918 97.
479 862 631 916 Nunc
664 878 755 924 ea,
796 861 1062 931 Torquato
1102 878 1238 932 quae
1275 861 1543 931 quondam
1576 867 1630 914 et
1667 857 1882 914 consule
1921 854 2072 909 Cotta·

406 960 608 1034 Lydius
640 958 880 1014 ediderat
914 958 1222 1032 Tyrrhenae
1248 960 1425 1030 gentis
1448 952 1722 1030 haruspex
1741 1001 1756 1022 ,

407 1061 585 1114 omnia
624 1059 731 1114 fixa
762 1065 889 1113 tuus
916 1058 1217 1130 glomerans
1243 1059 1566 1113 determinat
1598 1073 1788 1112 annuS.

405 1160 539 1215 Nam
563 1165 716 1235 pater
748 1159 1036 1214 altitonans
1057 1200 1072 1224 ,
1111 1159 1362 1215 stellanti>
1381 1159 1542 1212 nixus
1580 1155 1834 1230 Olympo,

404 1261 517 1332 ipse
550 1236 679 1313 suos¹
714 1258 984 1338 quondam
1014 1258 1252 1313 tumulos
1284 1275 1346 1313 ac
1373 1257 1571 1331 templa
1602 1244 1824 1329 petivit,

403 1366 458 1414 et
495 1358 804 1431 Capitolinis
843 1359 1028 1413 iniecit
1065 1358 1280 1413 sedibus
1318 1359 1486 1430 ignes.

403 1462 543 1516 Tum
575 1460 778 1532 species
816 1476 882 1514 ex
914 1477 1035 1514 aere
1060 1466 1214 1514 vetus
1245 1463 1607 1531 generosaque
1643 1457 1830 1512 Nattae

404 1558 669 1624 concidit,
708 1559 1023 1630 elapsaeque
1052 1565 1265 1613 vetusto
1298 1559 1520 1612 numine
1550 1557 1721 1627 leges;

403 1667 458 1714 et
488 1660 686 1714 Divum
712 1659 1000 1714 simulacra
1025 1660 1256 1732 peremit
1286 1658 1528 1713 fulminis
1554 1657 1729 1712 ardor.

404 1760 503 1815 Hic
535 1760 796 1815 silvestris
829 1765 943 1815 erat
962 1802 979 1826 ‚
1017 1761 1244 1815 Romani
1276 1759 1510 1815 nominis
1547 1758 1706 1813 altrix
1728 1800 1742 1822 ,

371 1911 373 1913 ,
405 1860 625 1924 Martia,
665 1876 804 1931 quae
832 1877 1023 1932 parvos
1060 1861 1314 1915 Mavortis
1346 1859 1551 1915 semine
1582 1863 1734 1914 natos

405 1960 658 2016 uberibus
683 1961 918 2032 gravidis
951 1953 1102 2015 vitali
1134 1978 1255 2016 rore
1292 1961 1529 2032 rigabat:

405 2077 541 2132 quae
582 2068 699 2116 tum
733 2079 860 2116 cum
890 2063 1072 2134 pueris
1106 2062 1379 2117 flammato
1410 2061 1651 2116 fulminis
1679 2062 1791 2115 ictu

404 2161 668 2227 concidit,
708 2168 869 2233 atque
901 2161 1087 2216 avulsa
1117 2162 1316 2233 pedum
1353 2161 1582 2231 vestigia
1617 2160 1792 2232 liquit.
1870 2170 1873 2173 “

258 2297 260 2300 v
289 2265 375 2316 98.
457 2253 596 2318 Tuni
628 2264 750 2335 quis
783 2281 918 2328 non,
958 2263 1094 2318 artis
1115 2263 1318 2334 scripta
1336 2278 1400 2317 ac
1432 2257 1780 2317 monumenta
1811 2261 2070 2327 volutanS,

405 2380 560 2417 voces
598 2364 876 2419 tristificas
915 2364 1118 2419 chartis
1150 2363 1425 2436 promebat
1455 2363 1735 2418 Etruscis?

407 2460 603 2516 Omnes
631 2463 775 2517 civili
803 2480 1059 2534 generosa
1097 2464 1264 2535 stirpe
1295 2461 1590 2535 profectam

403 2563 573 2617 vitare
607 2564 881 2635 ingentem
908 2563 1112 2618 cladem
1144 2569 1455 2636 pestemque
1479 2564 1793 2626 monebant;

403 2662 486 2717 vel
512 2663 694 2734 legum
726 2664 954 2718 exitium
986 2664 1254 2717 constanti
1291 2680 1419 2718 voce
1450 2663 1691 2718 ferebant
1711 2683 1729 2726 ;¹

403 2762 603 2835 templa
627 2763 894 2835 deumque
927 2763 1058 2818 adeo
1079 2748 1312 2818 flammis
1350 2763 1614 2835 urbesque
1648 2763 1900 2819 iubebant

403 2865 640 2936 eripere,
680 2871 734 2918 et
772 2870 1009 2935 stragem
1041 2864 1352 2918 horribilem
1384 2864 1707 2937 caedemque
1737 2866 1936 2920 vereri:

405 2970 566 3035 atque
593 2963 724 3019 haec
764 2963 871 3018 fixa
908 2964 1060 3034 gravi
1098 2962 1206 3018 fato
1255 2981 1318 3018 ac
1351 2963 1574 3019 fundata
1605 2965 1811 3026 teneri;

406 3065 463 3117 ni
499 3070 648 3135 post,
687 3064 957 3118 excelsum
995 3063 1062 3118 ad
1095 3063 1339 3120 columen
1372 3064 1600 3121 formata
1625 3043 1848 3128 decore,

404 3171 592 3218 sancta
630 3164 768 3219 Iovis
801 3164 1006 3237 species
1041 3164 1214 3218 claros
1238 3171 1504 3237 spectaret
1539 3166 1598 3220 in
1628 3171 1805 3219 ortus:

403 3271 521 3319 tum
561 3265 701 3331 fore,
740 3272 804 3320 ut
840 3265 1075 3321 occultos
1102 3266 1329 3338 populus
1361 3272 1685 3337 sanctusque
1718 3272 1933 3321 senatus

409 3381 628 3419 cernere
655 3372 877 3420 conatus
904 3372 1107 3438 posset,
1149 3367 1229 3430 si,
1271 3366 1395 3420 solis
1434 3366 1499 3420 ad
1540 3372 1717 3420 ortum

415 3481 703 3529 conversa,
729 3468 867 3537 ‚inde
902 3475 1113 3540 patrum
1140 3467 1289 3522 sedes
1328 3466 1612 3541 populique
1646 3466 1863 3521 videret.
