2210 3970
719 211 951 250 Annus
1010 211 1056 249 u,
1113 210 1156 248 c.
1217 195 1346 248 697.
1850 195 1958 247 685

121 358 157 388 c.
177 344 250 388 14.
283 343 356 388 38.
393 339 594 386 Clodium
627 343 669 386 si
700 341 953 403 interficere
979 341 1194 385 voluisset
1220 338 1331 383 Milo
1351 374 1363 397 ,
1396 336 1570 399 quoties
1598 345 1641 382 et
1659 335 1861 399 ‘quantae
1890 353 1958 381 oc·

122 419 351 472 cationes,
387 436 521 481 quam
543 418 1044 480 praeclaraefuerunt!
1119 417 1362 473 Potuitne,
1397 431 1533 476 quum
1565 414 1740 460 domum
1771 431 1823 459 ac
1856 413 1960 458 deos

113 505 305 559 penates
337 512 443 542 suos
470 496 552 541 illo
568 503 850 557 oppugnante
868 495 1150 555 defenderet,
1181 496 1280 539 iure
1303 510 1351 539 se
1377 494 1576 539 ulcisci?
1601 493 1839 553 potuitne,
1869 491 1962 535 eice

123 574 300 634 egregio
327 580 371 618 et
398 573 492 618 viro
510 572 797 630 fortissimo,
824 575 873 617 Ρ.
892 573 1074 628 Sextio,
1098 570 1269 632 collega
1294 587 1403 627 suo,
1430 570 1700 616 vulnerato?
1725 570 1963 631 potuitne,

129 649 180 708 Q.
199 649 433 702 Fabricio,
480 650 575 692 viro
614 651 804 711 optimo,
849 667 985 710 quum
1023 649 1076 693 de
1115 650 1264 694 reditu
1297 666 1390 694 meo
1420 649 1557 711 legem
1590 649 1766 706 serr-et,
1802 646 1965 707 pulso,

124 725 439 770 crudelissima
485 727 533 770 iu
572 726 683 786 foro
723 727 854 772 caede
884 728 1067 786 factu?
1107 729 1320 789 potuitne
1351 760 1365 783 ‚
1414 729 1463 771 L.
1507 724 1721 777 Caecilii,
1764 724 1967 767 iustissi-

125 803 191 847 mi
212 802 555 863 fortissimique
583 806 831 865 praetoris,
872 813 1128 866 oppugnata
1161 805 1325 850 domo?
1389 803 1608 850 Plutarch.
1638 802 1723 847 Cic.
1756 817 1793 845 c.
1812 805 1885 844 83.
1923 803 1965 843 2.

127 881 235 928 Τῶν
275 879 331 928 δὲ
363 885 474 944 περὶ
507 882 722 929 Λέντλον
752 882 1087 929 ὑπατευόντων
1123 887 1206 930 καὶ
1246 886 1331 942 τῆς
1369 884 1585 936 στάσεως
1627 883 1795 943 πρόσω
1831 879 1969 940 βαδι·

129 960 330 1020 ζουσης,
379 960 504 1007 ὥστε
537 965 788 1023 τρωθῆναι
817 960 904 1022 μὲν
942 959 994 1008 ὲν
1027 962 1178 1026 ἀγορᾷ
1213 963 1518 1024 δημάρχους,
1552 962 1769 1007 Κόϊντον
1801 957 1856 1006 δὲ
1885 958 1970 1006 τόν

122 1038 410 1102 Κικέρωνος
443 1040 660 1099 ἀδελφὸν
695 1039 746 1086 ὃν
781 1049 883 1093 τοῖς
916 1050 1104 1103 νεκροῖς
1135 1041 1201 1096 ὡς
1237 1043 1510 1106 τεθνηκότα
1546 1042 1768 1098 κείμενον
1797 1037 1972 1083 διαλα-

127 1122 275 1176 θεῖν,
323 1119 353 1167 ὅ
395 1136 446 1166 τε
484 1120 634 1181 δῆμος
676 1121 847 1182 ἤρχετο
880 1118 1149 1182 τρέπεσθαι
1186 1124 1245 1180 τῇ
1277 1121 1438 1186 γνώμῃ
1475 1123 1557 1166 καὶ
1590 1117 1683 1165 τῶν
1713 1117 1970 1179 δημάρχων

129 1201 334 1252 ”Arrace
364 1202 540 1246 Μίλων
584 1199 771 1261 πρῶτος
811 1199 1052 1259 ἐτόλμησε
1098 1200 1184 1247 τὸν
1218 1199 1447 1246 Κλώδιον
1479 1202 1551 1252 εἰς
1589 1199 1731 1256 δίκην
1767 1196 1972 1259 ἀπάγειν

132 1276 321 1339 βιαίων.
390 1278 469 1323 Dio
500 1276 728 1337 xxxux.!c.
751 1280 790 1322 7.
823 1281 862 1321 1.
894 1269 1050 1325 Οὗτοί
1078 1296 1127 1325 τε
1158 1273 1245 1325 οὖν
1264 1277 1347 1325 ἐπὶ
1373 1278 1520 1324 πλέον
1548 1276 1735 1339 ἧπρῑν,
1773 1277 1860 1321 ἅτε
1887 1279 1969 1321 καὶ

133 1355 369 1421 ἡγεμόνας
411 1358 529 1410 τούς
555 1342 766 1409 ὑπάτους
801 1355 1019 1414 ἔχοντες,
1057 1361 1139 1403 καὶ
1175 1358 1224 1403 οἱ
1260 1357 1402 1403 ἄλλοι
1438 1357 1486 1403 οἱ
1520 1355 1571 1402 ἐν
1607 1358 1662 1414 τῇ
1699 1356 1839 1400 πόλει
1867 1354 1971 1400 δια·

133 1437 336 1490 στάντες
365 1435 485 1499 πρὸς
513 1435 770 1499 ἑκατέρους
803 1434 1076 1498 ἐθορύβουν
1099 1469 1110 1481 .
1145 1439 1226 1482 καὶ
1262 1436 1387 1482 ἄλλα
1422 1453 1473 1482 τε
1505 1435 1559 1482 ἐκ
1592 1435 1768 1479 τούτου
1796 1433 1887 1479 οὐκ
1920 1433 1972 1479 ἐν

133 1517 302 1580 κόσμῳ
329 1517 485 1563 πολλοὶ
514 1514 754 1580 ἐγίγνετο,
779 1517 860 1560 καὶ
883 1513 935 1560 ἢν
965 1515 1088 1575 αὐτῇ
1118 1519 1175 1575 τῇ
1202 1515 1497 1578 διαψηφίσει
1524 1515 1552 1561 ὁ
1573 1511 1800 1565 Κλώδιος
1827 1515 1972 1576 γνούς

133 1595 191 1643 τὸ
223 1597 416 1654 πλῆθος
450 1596 569 1659 πρὸς
608 1598 696 1641 τοῦ
739 1592 1009 1656 Κικέρωνος
1038 1592 1297 1655 ἐσόμενον,
1333 1597 1453 1647 τοῦς
1481 1592 1790 1653 μονομάχους
1826 1591 1916 1645 οὓς
1946 1591 1973 1637 ό

137 1673 351 1733 ἀδελφός
375 1674 530 1721 αὐτοῦ
561 1675 683 1736 πρὸς
706 1673 893 1737 ἀγῶνας
921 1673 1214 1733 ἐπιταφίους
1243 1673 1325 1720 ἐπὶ
1356 1675 1421 1736 τῷ
1446 1676 1634 1735 Μάρκῳ
1662 1672 1726 1733 τῷ
1749 1679 1978 1735 συγγενεῖ

132 1755 594 1818 προπαρεσκεύαστο
630 1752 790 1814 λαβὼν
822 1751 1121 1811 ε’σεπήδησεν
1158 1750 1210 1806 ἐς
1247 1751 1330 1798 τὸν
1368 1754 1605 1816 σύλλογον
1638 1754 1719 1798 καὶ
1758 1754 1975 1804 πολλοὺς

133 1832 222 1895 μὲν
258 1832 436 1898 ἔτρωσε
465 1834 684 1886 πολλούς
717 1829 772 1878 δὲ
805 1834 886 1877 καὶ
922 1831 1163 1877 ἔκτεινεν.
1199 1831 1261 1878 οὔ
1272 1837 1307 1877 τ’
1347 1826 1435 1878 οὖν
1471 1831 1497 1890 ἡ
1531 1830 1692 1895 γνώμη
1719 1830 1972 1893 ἐκυρώθη,

134 1915 216 1962 καὶ
233 1911 445 1967 ἃκείνοις
462 1910 527 1967 ὡς
543 1913 841 1977 δορυφόροις
859 1910 1015 1957 συνὼν
1030 1909 1238 1974 φοβερὸς
1256 1914 1339 1957 καὶ
1358 1911 1407 1964 ἐς
1430 1912 1486 1958 toi
1512 1911 1636 1957 ἄλλα
1652 1914 1805 1958 πᾶσιν
1820 1905 1877 1970 ἢν
1893 1938 1974 1955 -.

210 2039 278 2117 (⁴)
321 2040 718 2096 Adiuvantibus
768 2040 1040 2096 Ciceronis
1080 2056 1332 2095 caussam
1370 2041 1622 2096 omnibus
1661 2042 1772 2097 sere
1809 2041 1978 2096 tribu-

133 2141 219 2197 nis
245 2139 445 2214 plebis,
478 2140 728 2212 inprimis
751 2139 810 2207 Q.
835 2139 1111 2204 Fabricio,
1146 2140 1213 2194 M.
1238 2138 1413 2212 Cispio
1436 2158 1482 2194 v.
1514 2158 1562 2196 c.
1587 2145 1675 2194 22.
1712 2142 1768 2196 P.
1794 2141 1975 2196 Sextio

136 2259 183 2296 c.
209 2243 297 2296 25.
338 2238 458 2315 (cfr.
503 2256 573 2296 v1.
611 2257 656 2294 c.
685 2243 770 2297 18.
811 2238 927 2312 45.)
972 2239 1035 2295 T.
1077 2240 1252 2293 Annio
1292 2240 1485 2295 Milone
1519 2258 1565 2297 c.
1591 2245 1660 2296 24
1691 2259 1773 2314 sq.
1821 2240 1975 2307 aliis,

135 2341 263 2398 item
299 2332 640 2413 praetoribus
678 2357 724 2394 c.
751 2343 840 2394 26.
878 2344 1097 2394 senatus
1131 2338 1369 2393 decrevit
1399 2345 1460 2393 ut
1498 2339 1696 2395 litteris
1734 2341 1976 2397 consula·

137 2441 372 2497 ribusex
393 2439 862 2495 senatusconsulto
896 2456 1147 2504 omneS,
1192 2440 1309 2511 qui
1345 2441 1825 2512 rempublicam
1861 2442 1978 2497 sal-

137 2557 285 2598 vam
333 2537 623 2604 vellent,
676 2545 923 2594 cuncta
966 2556 1039 2594 ex
1091 2538 1294 2594 Italia
1347 2540 1613 2595 Romam
1662 2559 1977 2598 convoca-

137 2648 390 2700 rentur.
432 2659 483 2700 ν.
521 2658 568 2697 c.
611 2643 700 2697 27.
743 2639 1055 2712 addiditque
1090 2647 1150 2695 ut
1185 2642 1344 2705 socijs
1379 2642 1559 2715 populi
1600 2643 1827 2698 Romani
1860 2661 1980 2716 gra-

137 2745 244 2800 tiae
277 2749 599 2814 agerentur,
633 2741 726 2811 qui
754 2741 1062 2814 Ciceronem
1093 2740 1294 2811 optime
1323 2741 1389 2796 de
1417 2742 1690 2812 republica
1721 2745 1977 2799 meritum

145 2834 501 2906 recepissent:
565 2838 729 2902 utque
766 2831 928 2886 huius
962 2832 1191 2886 salutem
1231 2838 1286 2886 et
1323 2832 1491 2885 vitam
1532 2838 1846 2899 tuerentur,
1885 2837 1979 2906 qui

146 2934 450 3008 provincias
479 2949 603 2988 cum
635 2932 861 3002 imperio
891 2932 1223 2997 obtinerent,
1265 2933 1465 3005 quique
1496 2940 1807 3004 quaestores
1838 2935 1977 3007 lega-

147 3037 297 3109 tique
335 3039 531 3092 essent.
573 3050 621 3087 v.
665 3036 821 3087 c.52.
860 3037 949 3088 81.
992 3038 1150 3088 (5.55.
1191 3037 1279 3088 90.

207 3135 292 3182 cte.
320 3150 397 3197 pro
429 3136 563 3178 Domo
589 3147 667 3176 sua
700 3146 735 3175 c.
757 3134 829 3176 28.
867 3135 936 3179 73.
971 3134 1167 3177 Senatus
1202 3132 1418 3185 decrevit,
1464 3141 1517 3178 ut
1547 3150 1726 3191 omnes,
1759 3137 1840 3197 qui
1869 3155 1962 3182 rem

139 3213 370 3278 publicam
408 3210 580 3255 salvam
612 3223 706 3252 esse
754 3208 945 3265 vellent,
993 3210 1056 3254 ad
1095 3228 1161 3256 me
1203 3228 1340 3255 unum
1388 3211 1710 3270 defendendum
1750 3215 1978 3272 venirent,

146 3290 450 3351 ostenditque,
494 3304 570 3332 nec
602 3294 724 3330 stare
749 3287 954 3347 potuisse
980 3288 1294 3348 rempublicam
1312 3319 1324 3340 ‚
1361 3290 1404 3332 si
1436 3305 1512 3351 ego
1539 3307 1624 3335 non
1641 3291 1865 3349 fuissem,
1900 3310 1977 3338 nec

139 3369 355 3431 futuram
386 3381 481 3412 esse
511 3365 677 3418 ullam,
704 3366 771 3409 ‘si
802 3381 887 3410 non
919 3365 1163 3412 rediissem,
1210 3383 1247 3412 e.
1277 3370 1348 3411 32.
1382 3369 1456 3412 95.
1494 3368 1606 3426 Quis
1638 3386 1706 3413 me
1737 3386 1823 3415 non
1849 3371 1975 3415 modo

149 3446 285 3505 civis,
317 3445 398 3496 secl
421 3445 568 3491 socius
596 3444 785 3504 recipere
810 3451 962 3490 contra
990 3451 1110 3489 tuam
1138 3444 1272 3505 Iegem
1297 3451 1338 3488 et
1360 3445 1514 3490 iurare
1537 3445 1798 3492 dubitat-it?
1842 3451 1977 3494 Deni-
