2210 3970
459 227 602 283 nx.
645 225 874 290 cxxv,
916 225 957 300 g
985 230 1047 280 71
1091 255 1168 267 -
1205 242 1252 279 ο.
1275 223 1435 283 xxv.
1478 224 1518 298 g
1546 230 1632 280 75.
1882 230 1987 283 491

164 392 286 439 cum
328 376 496 438 altero
540 377 855 444 contrahas,
909 393 1099 439 vacare
1127 374 1301 434 officio
1341 382 1550 448 potest;
1611 376 1668 433 in
1701 392 1868 449 eoque
1908 395 1997 434 co-

163 476 322 536 lendo
359 479 465 540 sita
492 479 634 537 vitae
666 485 748 536 est
787 478 1036 537 honestas
1073 477 1278 541 omnis,
1332 483 1387 533 et
1434 477 1488 533 in
1530 476 1848 549 negligendo
1887 484 1999 534 tur·

162 578 367 652 pitudo.
459 582 547 637 72.
602 580 780 651 Atque
832 578 964 636 haec
1022 577 1241 651 quidem
1286 578 1529 650 quaestio
1568 579 1873 635 communis
1918 586 2000 635 est

160 680 406 740 omnium
449 677 904 752 philosophorum.
985 679 1116 748 Quis
1155 686 1238 737 est
1274 679 1457 743 enim,
1509 679 1603 751 qui
1644 677 1809 736 nullis
1841 677 2002 736 officii

166 780 466 855 praeceptis
505 778 781 839 tradendis
819 779 1192 853 philosophum
1242 796 1300 838 se
1337 778 1533 838 audeat
1583 778 1804 838 dicere?
1897 779 2002 837 Sed

161 885 294 941 sunt
323 879 613 941 nonnullae
652 880 997 954 disciplinae,
1035 898 1174 955 quae
1195 882 1482 954 propositis
1513 880 1777 939 honorum
1804 887 1860 938 ot
1892 898 2002 938 ma-

161 980 339 1043 lorum
372 980 571 1041 finibus
591 981 828 1042 officium
863 999 1022 1041 omne
1043 987 1374 1056 pervertant.
1422 982 1557 1040 Nam
1591 982 1687 1055 qui
1725 998 2003 1039 summum

161 1080 364 1144 honum
402 1081 482 1142 aie
526 1082 801 1148 instituit.
859 1089 922 1138 ut
959 1082 1095 1141 nihil
1147 1082 1341 1141 haheat
1380 1099 1505 1139 cum
1538 1083 1741 1139 virtute
1781 1083 2002 1140 coniun-

160 1186 341 1247 ctum,
383 1179 544 1254 idque
581 1181 696 1241 suis
734 1181 1030 1242 commodis
1053 1224 1068 1247 ‚
1108 1199 1215 1240 non
1256 1182 1536 1240 honestate
1581 1183 1809 1240 metitur
1828 1226 1844 1249 ,
1883 1182 1972 1239 hie
1991 1226 2006 1249 ,

160 1281 210 1341 si
260 1280 378 1342 sibi-
421 1281 535 1355 ipse
557 1282 875 1362 ‘consentiat
922 1287 978 1337 et
1021 1297 1129 1341 non
1168 1282 1445 1340 interdum
1494 1289 1722 1340 naturae
1766 1283 2004 1341 bonitate

161 1381 448 1447 viaeatur,
514 1396 688 1453 neque
739 1381 1039 1439 amicitiam
1096 1381 1272 1440 colere
1310 1383 1508 1454 possit,
1560 1398 1659 1438 nec
1699 1376 1967 1439 iustitiam
1989 1427 2003 1449 ‚

160 1495 263 1545 uec
297 1460 698 1543 liberalitatem:
752 1478 909 1540 fortis
959 1496 1088 1540 vero
1107 1522 1123 1546 ,
1189 1480 1427 1539 dolorem
1467 1497 1746 1538 summum
1796 1482 2002 1539 malum

161 1581 437 1650 iudicans,
471 1587 568 1643 aut
597 1587 936 1655 temperans,
974 1580 1304 1654 voluptatem
1338 1598 1614 1639 summum
1653 1581 1854 1639 boumn
1893 1591 2003 1641 sta·

163 1689 361 1752 tunna.
397 1699 514 1744 σιω
538 1688 689 1745 certe
726 1681 873 1742 nullo
912 1681 1073 1742 modo
1116 1688 1308 1756 potest.
1369 1681 1518 1752 Quae
1556 1699 1887 1757 quamquam
1927 1686 2003 1742 ita

159 1790 301 1862 nunt
334 1785 401 1849 in·
429 1789 685 1860 promptu
705 1826 720 1850 ,
778 1789 841 1843 ut
879 1798 968 1841 res
1006 1783 1374 1858 disputatione
1422 1801 1530 1841 non
1570 1792 1761 1858 egeat,
1819 1792 2002 1844 tamen

158 1891 290 1948 eunt
325 1900 359 1943 a
395 1882 550 1944 nohis
586 1883 693 1942 alio
729 1883 846 1943 loeo
877 1882 1170 1957 disputata.
1247 1884 1361 1943 Hae
1391 1884 1709 1959 disciplinae
1746 1886 1919 1959 igitur
1955 1889 2003 1944 si

158 1985 264 2047 ibi
290 1990 680 2045 consentaneae
703 2001 823 2044 esse
853 1984 1051 2051 velint,
1089 1984 1158 2044 de
1193 1983 1369 2043 officio
1398 1985 1537 2043 nihil
1561 1994 1765 2060 queant
1796 1987 2002 2045 dicere:

160 2101 339 2161 neque
371 2085 483 2145 ulla
514 2084 677 2144 officii
719 2092 1007 2160 praecepta
1046 2086 1234 2151 firma,
1284 2086 1531 2153 stabilia,
1585 2089 1877 2146 coniuncta
1910 2105 2001 2146 na·

161 2193 319 2245 turae
353 2185 496 2245 tradi
526 2191 782 2260 possunt,
820 2186 931 2245 nisi
963 2192 1058 2244 aut
1089 2185 1157 2244 ab
1190 2186 1260 2243 iis
1278 2227 1294 2252 ,
1327 2187 1423 2259 qui
1456 2186 1650 2253 solam,
1679 2195 1777 2246 aut
1806 2188 1875 2245 ah
1909 2190 2001 2256 iis,

161 2286 258 2360 qui
308 2285 550 2349 maxime
607 2285 943 2344 honestatem
1001 2292 1221 2361 propter
1277 2303 1336 2342 se
1387 2286 1572 2343 dicant
1623 2289 1996 2363 expetendam.

165 2389 256 2447 ⁷5.
289 2385 378 2461 *lta
413 2387 628 2460 propria
679 2393 762 2444 est
804 2394 870 2444 ea
905 2387 1212 2461 praeceptio
1262 2386 1569 2447 Stoicorum
1590 2430 1607 2454 ‚
1657 2389 2001 2448 Academico·

161 2502 286 2547 rum
305 2530 322 2555 ‚
346 2489 874 2563 Peripateticorum:
919 2489 1173 2562 quoniam
1200 2488 1470 2546 Aristonis
1490 2531 1507 2555 ,
1547 2489 1868 2565 PyrrhoniS,
1897 2492 1999 2550 He·

159 2588 270 2648 riui
305 2576 416 2648 iam
437 2589 648 2664 pridem-
675 2590 890 2663 explosa
921 2590 1190 2647 sententia
1228 2597 1338 2653 est;
1377 2590 1471 2663 qui
1513 2597 1695 2647 tamen
1741 2591 2002 2652 haherent

160 2689 249 2746 ius
279 2706 440 2747 suum
478 2689 790 2764 disputandi
819 2690 885 2747 de
911 2690 1086 2747 officio
1106 2733 1122 2755 ‚
1164 2692 1213 2747 si
1238 2707 1422 2747 rerum
1461 2691 1697 2765 aliquem
1730 2693 2000 2750 delectum

6 2775 10 2784 ’
72 2846 75 2850 ,
160 2788 532 2862 reliquissent,
571 2796 634 2845 ut
661 2790 730 2845 ad
768 2789 930 2846 officii
963 2791 1329 2847 inventionem
1362 2791 1542 2847 aditus
1574 2800 1731 2849 esset.
1813 2794 1998 2868 Sequi·

162 2903 289 2952 niu·
325 2888 498 2964 igitur
541 2888 640 2946 hoc
672 2888 892 2962 quidem
930 2897 1171 2965 tempore
1209 2899 1265 2948 et
1302 2891 1403 2948 hac
1455 2893 1514 2947 in
1553 2894 1871 2965 quaestione
1905 2911 1996 2968 po-

161 2988 436 3050 tissimum
475 2987 682 3049 Stoicos
701 3030 718 3054 ‚
755 3006 862 3049 non
903 2998 964 3048 ut
996 2993 1348 3067 interpretes;
1387 2992 1513 3058 sed,
1551 2999 1614 3049 ut
1658 2993 1894 3050 solemus
1913 3035 1929 3060 ,
1968 3011 2001 3052 e

98 3087 110 3094 ’
161 3087 401 3155 fontibus
435 3106 623 3148 eorum
644 3131 659 3156 ,
700 3089 900 3150 iudicio
938 3093 1269 3168 arbitrioque
1308 3101 1495 3150 nostro
1512 3136 1527 3159 ‚
1567 3100 1834 3166 quantum
1866 3112 1996 3169 qno·

161 3206 265 3265 que
331 3190 490 3256 modo
551 3166 768 3248 videtur
786 3233 802 3258 ‚
872 3192 1171 3252 haurimus,
1271 3196 1332 3251 In
1357 3202 1373 3234 ¹
1448 3195 1646 3267 quihus
1709 3197 2000 3257 Panaetius

160 3299 279 3360 est,
314 3294 411 3367 qui
450 3294 566 3350 sine
603 3298 965 3352 controversia
1003 3297 1069 3354 de
1120 3297 1312 3355 officiis
1357 3298 1768 3357 accuratissime
1815 3298 1995 3373 dispu-

163 3431 373 3451 *ῃ

224 3525 262 3582 ¹)
293 3522 345 3568 de
370 3522 496 3569 offic.
532 3527 608 3570 111.
640 3541 675 3571 c.
710 3529 751 3571 2.
786 3529 810 3585 §
845 3530 886 3572 7.
