2210 3970
238 245 342 294 754
696 258 1022 295 ANNALES
1078 260 1590 298 ciceaomAm.

532 565 790 619 ANNUS
849 564 1090 619 VITAE
1152 564 1573 620 CICERONIS
1624 565 1805 620 LVIII.

564 715 672 773 [Kal.
703 721 868 762 Ianuar.
899 724 1028 764 incid.
1063 723 1106 760 in
1135 721 1176 761 d.
1211 721 1267 762 13
1297 721 1493 762 Novemb.
1528 722 1586 762 50
1617 735 1654 763 a.
1683 717 1745 773 C.]

235 861 272 890 a.
291 849 340 890 U.
358 849 401 889 C.
663 852 776 892 Coss.
814 853 857 892 C.
893 851 1141 891 CLAUDIUS
1174 850 1224 890 Μ.
1261 851 1303 890 F.
1339 850 1647 892 MARCELLUS.
1899 866 1935 892 a.
1955 853 2002 894 A.
2022 854 2067 894 C.

271 940 380 984 705.
812 944 856 983 L.
892 942 1167 982 CORNELIUS
1201 941 1458 981 LENTULUS
1493 943 1632 982 CRUS.
1947 946 2022 985 49.

314 1070 375 1144 (¹)
417 1070 598 1125 Cicero
632 1070 803 1141 pridie
832 1071 966 1125 Non.
1002 1071 1113 1124 Ian.
1163 1069 1257 1142 [··.::
1289 1074 1321 1123 4
1344 1070 1456 1123 Ian.
1482 1074 1587 1124 705
1612 1088 1687 1120 ==
1709 1074 1775 1124 16
1811 1071 2064 1126 Novemb.

233 1174 306 1225 50
345 1188 389 1225 a.
409 1172 487 1244 C.]
525 1171 590 1225 ad
624 1171 815 1226 Urbem
848 1171 1106 1226 accedens
1144 1171 1196 1223 in
1228 1171 1398 1242 ipsam
1447 1171 1639 1225 incidit
1683 1171 1954 1226 flammam
1997 1174 2069 1226 ci-

231 1271 353 1325 vilis
394 1271 691 1326 discordiae
734 1272 877 1326 inter
923 1272 1201 1325 Caesarem
1258 1277 1309 1325 et
1355 1271 1689 1343 Pompeium.
1746 1290 1842 1331 vn.
1893 1290 1938 1326 c.
1978 1278 2068 1327 47.

239 1375 364 1428 125.
402 1391 514 1429 vm.
557 1390 600 1427 c.
630 1378 680 1428 1.
727 1378 776 1427 1.

295 1471 516 1518 Plutarch.
550 1473 632 1518 Cic.
661 1489 696 1518 c.
717 1478 790 1518 36.
810 1476 851 1519 4.
885 1476 974 1526 Εἰς
1005 1472 1089 1531 τήν
1116 1474 1262 1518 πόλιν
1294 1471 1593 1530 ἐπανῆλθεν,
1634 1473 1722 1532 ἤδη
1741 1473 1833 1519 τῶν
1850 1476 2070 1537 πραγμά-

234 1567 330 1595 των
367 1551 526 1612 ὥσπερ
567 1550 659 1598 ὑπὸ
707 1554 973 1616 φλεγμονῆς
1014 1552 1361 1612 ἀφισταμένων
1405 1549 1488 1598 ἐπὶ
1523 1550 1606 1598 τὸν
1642 1552 1882 1613 ἐμφύλιον
1925 1555 2071 1600 πόλε-

232 1645 337 1690 μον.
402 1630 591 1674 Velleius
627 1643 677 1674 11.
711 1647 746 1674 c.
767 1634 839 1677 49.
874 1635 915 1676 2.
963 1631 1150 1676 Lentulo
1179 1639 1221 1675 et
1253 1631 1465 1675 Marcello
1497 1631 1753 1676 consulibus
1776 1640 1883 1692 post
1915 1632 2069 1677 Urbem

232 1707 454 1752 conditam
481 1708 613 1751 annis
631 1719 780 1751 neem
795 1741 808 1763 ‚
832 1717 875 1753 et
891 1717 995 1753 ante
1013 1726 1150 1753 annos
1169 1722 1374 1764 ιΧΧῊΗ,
1393 1725 1526 1769 quam
1543 1716 1619 1764 tu,
1640 1711 1697 1754 M.
1723 1709 1889 1765 Vinici,
1914 1725 2070 1755 consu·

235 1786 379 1832 latum
411 1787 549 1831 inires
577 1789 690 1844 [783
708 1813 766 1820 —
789 1790 846 1830 78
863 1803 925 1829 z
946 1789 1083 1845 705],
1118 1786 1280 1831 bellum
1303 1785 1435 1830 civile
1462 1787 1646 1831 exarsit.
1710 1787 1908 1832 Alterius
1940 1788 2068 1833 ducis

233 1881 395 1910 caussa
429 1865 584 1909 melior
622 1864 882 1919 videbatur,
927 1865 1116 1909 alterius
1152 1872 1250 1908 erat
1284 1863 1504 1924 firmior5
1540 1863 1611 1908 Izic
1659 1866 1806 1909 omnia
1843 1867 2066 1927 speciosa,

233 1941 332 1986 illic
366 1942 594 1996 oalentia;
641 1943 906 2003 Pompeium
953 1950 1136 1987 senatus
1169 1943 1444 1998 auctorita-r,
1493 1944 1720 1987 Gaesarem
1763 1943 1960 1989 militum
1996 1962 2068 1988 ar·

231 2021 371 2064 mavit
395 2020 587 2081 fiducia.

309 2124 372 2199 (2)
415 2124 616 2178 Triduo
650 2124 856 2178 scilicet
893 2133 1016 2179 ante
1050 2124 1321 2179 Ciceronis
1351 2124 1675 2191 adventum,
1717 2126 1847 2198 ipsis
1878 2125 2066 2180 Kalen-

230 2224 313 2280 dis
355 2225 620 2279 Ianuariis
678 2225 775 2298 [Ξ
822 2231 847 2278 1
887 2225 1099 2280 Ianuar.
1135 2230 1241 2280 705
1285 2247 1354 2278 r:
1396 2230 1461 2282 15
1498 2226 1749 2282 Novemb.
1799 2232 1868 2282 50
1899 2244 1944 2281 a.
1975 2227 2059 2301 C.]

229 2327 286 2381 in
317 2334 508 2381 senatu
529 2326 696 2381 lectae
718 2325 932 2381 fuerant
960 2326 1171 2382 litterae
1192 2327 1463 2393 Caesaris,
1492 2328 1688 2400 quibus
1711 2327 1864 2383 lectis
1898 2345 2067 2400 quum

233 2445 445 2482 summa
466 2435 584 2482 orta
602 2435 741 2483 esset
759 2429 1150 2483 sententiarum
1174 2429 1534 2502 discrepantia
1549 2473 1563 2495 ,
1590 2430 1804 2484 tandem
1825 2429 2068 2484 decreve-

232 2535 318 2582 rat
345 2535 590 2582 senatus:
631 2529 730 2582 uti
763 2535 916 2582 ante
950 2536 1203 2583 certam
1242 2529 1413 2584 diem
1449 2531 1812 2586 exercitum
1850 2530 2065 2584 dimit-

230 2634 402 2684 teret
444 2628 709 2689 Caesam
763 2627 975 2682 sinon
1020 2627 1308 2694 faceret,
1362 2647 1505 2684 eum
1547 2631 1871 2685 adversus
1905 2647 2062 2685 rem-

231 2727 562 2800 publicam
597 2726 928 2782 sacturum
968 2728 1202 2783 videri.
1248 2748 1358 2784 vm.
1395 2749 1439 2785 c.
1466 2737 1514 2785 1.
1555 2738 1600 2784 l.

295 2832 442 2873 Caesar
474 2832 519 2873 B.
544 2831 586 2873 C.
614 2842 642 2872 1.
671 2844 706 2873 c.
727 2833 768 2873 1.
803 2829 992 2873 Litteris
1029 2831 1071 2874 C.
1094 2831 1298 2874 Caesaris
1323 2831 1581 2876 consulibus
1602 2832 1817 2887 redditis,
1853 2848 1983 2893 aegre
2009 2832 2064 2877 ab

233 2907 296 2951 iis
322 2907 609 2968 impetratum
636 2913 704 2948 est
721 2938 734 2961 ‚
767 2921 940 2949 summa
967 2907 1244 2952 tribunorum
1252 2908 1403 2970 plebis
1428 2911 1729 2967 contentione,
1762 2920 1814 2956 ut
1836 2912 1883 2955 in
1907 2919 2065 2956 senatu

233 2985 553 3047 recitarentur:
596 2991 650 3027 ut
678 2999 777 3027 vero
810 3000 866 3027 ex
895 2983 1062 3028 litteris
1093 2985 1155 3029 ad
1182 2996 1386 3032 senatum
1414 2989 1685 3048 referretur,
1718 2992 1953 3052 impetrari
1977 3007 2064 3035 non

226 3063 395 3123 potuit.
459 3061 680 3120 Referunt
707 3061 911 3105 consules
944 3061 995 3106 de
1029 3065 1269 3125 republica.
1344 3069 1395 3112 L.
1423 3068 1690 3113 Lentulus
1722 3069 1880 3113 consul
1908 3076 2066 3113 senatu

232 3141 384 3201 reique
415 3139 626 3200 publicae
665 3154 712 3182 se
753 3157 839 3184 non
883 3139 1146 3197 defuturum
1174 3144 1438 3204 pollicetur,
1481 3147 1525 3190 si
1556 3146 1768 3190 audacter
1799 3165 1850 3191 ac
1868 3149 2071 3206 sortiter⁴

232 3219 477 3261 sententias
511 3205 652 3261 dicere
694 3217 858 3262 velint:
906 3220 977 3262 sin
1021 3221 1247 3265 Caesarem
1285 3225 1527 3284 respiciant
1561 3233 1695 3286 atque
1733 3226 1831 3269 eius
1865 3227 2062 3287 gratiam

234 3303 506 3355 sequantur,
541 3303 593 3339 ut
621 3296 925 3356 superioribus
950 3296 1143 3354 fecerint
1177 3301 1446 3361 temporibus
1465 3335 1478 3358 ‚
1510 3319 1557 3346 se
1581 3303 1670 3347 sibi
1696 3303 1932 3348 consilium
1959 3322 2061 3365 cap·

235 3380 384 3417 turum
421 3390 560 3433 neque
607 3381 790 3418 senatus
828 3376 1092 3420 auctoritati
1133 3376 1562 3439 obtemperaturum5
1606 3380 1761 3424 habere
1801 3397 1847 3426 se
1889 3398 2059 3443 quoque

236 3450 297 3495 ad
331 3453 531 3495 caesaris
555 3454 752 3512 gratiam
779 3460 912 3513 atque
939 3454 1183 3498 amicitiam
1210 3465 1444 3518 receptum.
1506 3461 1562 3503 In
1586 3459 1778 3503 eamdem
1800 3462 2061 3504 sententiam

239 3529 437 3589 loquitur
470 3530 685 3588 Scipio:
730 3532 937 3590 Pompeio
977 3548 1069 3577 esse
1103 3535 1148 3578 in
1188 3536 1356 3592 animo,
1397 3537 1663 3598 reipublicae
1700 3554 1782 3582 non
1813 3537 1984 3590 deesse,
2021 3540 2063 3582 si-
