2210 3970
259 225 374 279 <820
737 234 1064 274 ANNALns
1122 234 1630 277 omanorum.

269 368 446 428 νησῖδα
471 363 669 428 ποταμῷ
695 364 1092 428 περιρρεομένην,
1125 364 1207 411 ἐπὶ
1237 372 1366 427 τρεῖς
1397 364 1574 428 ἡμέρας
1599 365 1933 430 συνήδρευσαν.
1995 372 2097 419 Καὶ

270 443 428 494 τᾶλλα
473 446 560 508 μὲν
585 445 838 498 ,Ἐπιεικῶς
885 444 1178 508 ὡμολογεῖτο
1228 448 1312 491 καὶ
1359 444 1665 506 διενείμαντο
1711 448 1798 507 τήν
1841 453 2101 511 σύμπασαν

269 527 422 590 ἀρχήν
455 526 616 588 ὥσπερ
648 525 825 573 οὐσίαν
856 524 1083 587 πατρῴαν
1115 524 1377 582 ἀλλήλοις,
1415 523 1443 583 ἦ
1472 523 1526 572 δὲ
1564 529 1677 588 περὶ
1713 528 1810 573 τῶν
1838 527 2102 590 ἀπολουμέ-

267 624 361 653 νων
409 606 597 669 οἷνδρῶν
639 604 1005 667 ἀμφισβήτησις
1058 602 1232 655 αὐτοῖς
1287 604 1495 649 πλεῖστα
1550 606 1805 668 πράγματα
1858 606 2102 669 παρέσχε,

268 688 390 739 τούς
430 684 518 747 μὲν
556 684 777 748 ἐχθρούς
809 684 1000 730 ἀνελεῖν
1046 683 1286 740 ἑκάστου,
1327 683 1487 730 σῶσαι
1519 683 1575 732 δὲ
1619 687 2104 749 τούςπροσήκοντας

268 765 544 818 ἀξιοῦντος.
610 762 756 816 Τέλος
788 761 842 810 δὲ
881 767 938 823 τῇ
981 762 1102 825 πρὸς
1145 765 1264 815 τούς
1299 763 1620 825 μισουμένους
1664 764 1781 830 ὀργῇ
1816 769 1899 812 καὶ
1937 782 2106 830 συγγε-

268 845 366 890 νῶν
400 843 543 904 τιμήν
576 845 660 888 καὶ
693 845 853 901 φίλων
888 841 1090 889 εὔνοιαν
1134 841 1392 903 προέμενοι
1427 842 1704 906 Κικέρωνος
1737 845 1826 907 μὲν
1861 849 2104 909 Ἀντωνίῳ

269 928 464 982 Καῖσαρ
506 919 706 978 ἐξέστη,
754 923 912 984 τούτῳ
967 920 1021 968 δὲ
1063 921 1327 976 Ἀντώνιος
1370 926 1584 969 Λευκίου
1621 927 1902 987 Καίσαρος,
1954 927 2009 979 ὃς
2049 920 2108 986 ἦν

267 1004 413 1053 θεῖος
451 998 584 1061 αὐτῷ
618 997 737 1061 πρὸς
770 1001 978 1062 μητρός·
1027 997 1190 1059 ἐδόθη
1235 999 1292 1047 δὲ
1327 1005 1412 1049 καὶ
1447 1004 1648 1067 Λεπίδῳ
1681 1007 1883 1064 Παῦλον
1920 1003 2110 1052 ἀνελεῖν

268 1082 357 1129 τὸν
386 1080 619 1138 ἀδελφόν.
652 1105 714 1112 -
746 1077 903 1125 Οὐδὲν
936 1077 1184 1141 ὠμότερον
1218 1079 1336 1128 οὐδὲ
1369 1082 1663 1146 ἀγριώτερον
1695 1087 1780 1143 τῆς
1813 1083 2109 1145 διαμείψεως

270 1164 454 1221 ταύτης
479 1159 607 1206 δοκῶ
641 1156 895 1222 γενέσθαι.
940 1156 1059 1204 Conf.
1093 1159 1269 1218 Livius,
1301 1161 1523 1221 Velleius,
1555 1163 1709 1209 Florus
1731 1163 1818 1208 Lc.
1848 1163 2022 1208 Orosius
2041 1175 2106 1212 vr.

265 1256 303 1286 c.
331 1242 406 1286 18.

347 1307 434 1403 (2³)
476 1327 665 1398 Itaque
713 1325 981 1380 Antonius
1015 1325 1072 1378 in
1112 1324 1460 1392 Ciceronem,
1499 1327 1594 1398 qui
1637 1326 1778 1383 Urbe
1823 1326 2013 1382 relicta
2051 1325 2108 1381 in

267 1427 489 1503 praedia
540 1442 639 1481 sua
682 1424 1031 1497 confugerat,
1088 1442 1432 1497 percussores
1491 1427 1722 1482 immisit
1777 1427 2109 1483 Herennium

267 1527 642 1584 centurionem
693 1531 747 1580 et
797 1525 867 1580 M.
906 1524 1174 1596 Popilium
1221 1525 1549 1591 Laenatem,
1590 1543 1623 1582 a
1661 1527 1857 1600 quibus
1894 1544 1988 1585 vn.
2030 1525 2109 1583 Id.
2164 1535 2210 1608 ·3

266 1627 518 1686 Decemb.
566 1626 656 1699 [τ.-
691 1631 721 1680 7
753 1625 1026 1699 Decemb.]
1074 1625 1390 1682 interfectus
1423 1633 1521 1684 est.

331 1720 442 1765 Livii
473 1722 645 1779 Fragm.
679 1733 747 1778 ap.
787 1717 932 1762 Senec.
976 1719 1147 1763 Suasor.
1184 1730 1271 1763 vn.
1314 1735 1357 1780 p.
1386 1721 1446 1763 38
1477 1734 1540 1782 sq.
1573 1696 1709 1782 (Bip.)
1745 1722 1805 1765 M.
1843 1718 1991 1763 Cicero
2026 1717 2112 1763 sub
2168 1724 2170 1726 ’

270 1798 507 1843 adventum
533 1795 870 1840 triumvirorum
898 1803 1092 1840 cesserat
1113 1795 1249 1853 Urbe,
1276 1812 1361 1857 pro
1393 1804 1511 1842 certo
1540 1797 1732 1868 habens,
1764 1796 1818 1841 id
1835 1795 1955 1858 quod
1981 1802 2080 1840 erat
2095 1829 2112 1853 ,

269 1892 359 1922 non
386 1875 533 1936 magis
561 1871 751 1918 Antonio
784 1872 901 1933 eripi
938 1887 1015 1926 se,
1051 1890 1184 1934 quam
1217 1875 1398 1919 Caesari
1422 1875 1625 1920 Cassium
1642 1882 1687 1919 et
1711 1876 1905 1919 Brutum
1921 1906 1935 1931 ,
1961 1889 2110 1935 posse.
2176 1889 2183 1910 .-
2207 1915 2210 1946 ζ

268 1955 424 1999 Primo
466 1953 516 1996 in.
568 1949 867 1995 Tusculanum
895 1949 1035 2012 fugit
1052 1982 1067 2008 ,
1112 1950 1215 1995 inde
1259 1953 1528 1996 transversis
1558 1951 1798 1996 itineribus
1830 1951 1880 1995 in
1912 1951 2112 1995 Formia·
2176 1956 2206 2016 ’Ἴ

270 2049 409 2088 num,
453 2038 506 2074 ut
538 2030 593 2074 ab
630 2027 784 2072 Caieta
823 2027 973 2070 navim
1012 2043 1362 2086 conscensurus,
1388 2029 1716 2091 proficiscitur.
1784 2027 1904 2073 Unde
1938 2027 2113 2090 aliquo-
2174 2046 2210 2088 f<

273 2111 362 2155 ties
391 2110 441 2154 in
477 2107 621 2152 altum
655 2111 917 2169 provectum
959 2120 1097 2165 quum
1128 2105 1255 2150 modo
1295 2108 1419 2152 venti
1460 2107 1637 2152 adversi
1665 2105 1955 2162 retulissent,
1987 2104 2113 2150 modo

270 2184 370 2246 ipse
410 2182 697 2227 iactationem
732 2182 891 2239 navis,
935 2198 1061 2226 caeco
1102 2183 1301 2228 volvente
1340 2184 1523 2243 fluctu,
1546 2185 1655 2246 pati
1690 2200 1778 2230 non
1807 2191 1991 2246 posset,
2023 2192 2115 2230 tae·
2174 2199 2205 2257 j

273 2263 398 2308 elium
425 2260 603 2306 tandem
635 2276 733 2305 eum
771 2267 816 2305 et
833 2260 982 2320 fugae
1014 2267 1070 2323 et·
1088 2261 1208 2306 vitae
1236 2261 1386 2323 cepit:
1418 2277 1734 2324 regressusque
1756 2262 1818 2307 ad
1845 2262 2116 2324 superiorem
2171 2262 2205 2322 *⁶45ss

270 2341 459 2397 villam,
502 2356 616 2401 quae
653 2338 811 2400 paullo
844 2337 957 2399 plus
990 2338 1116 2383 mille
1143 2339 1361 2400 passibus
1386 2356 1416 2384 a
1446 2340 1564 2385 mari
1590 2339 1744 2398 abest,
1777 2341 2013 2397 Moriar,
2045 2340 2138 2384 in··
2168 2329 2210 2390 5⁹³5·

270 2420 398 2482 quit,
441 2419 497 2463 in
527 2417 723 2479 patria
760 2431 920 2477 saepe
963 2424 1197 2463 servata.
1261 2418 1389 2462 Satis
1419 2425 1626 2476 constat,
1658 2434 1807 2463 servos
1839 2418 2027 2476 sortiter
2055 2417 2116 2479 fi-
2171 2426 2202 2475 ,J

274 2497 521 2557 deliterque
543 2502 736 2556 paratos
768 2494 928 2553 fuisse
958 2494 1020 2539 ad
1052 2494 1351 2540 dimicandum
1365 2517 1384 2552 ,·
1413 2497 1565 2557 ipsum
1606 2495 1766 2558 deponi
1808 2496 2039 2553 lecticam,
2072 2502 2118 2541 et
2194 2490 2210 2554 ζ

274 2575 452 2634 quietos
475 2572 612 2632 pati,
645 2569 767 2630 quod
785 2586 884 2614 sors
909 2571 1069 2631 iniqua
1097 2579 1273 2632 cogeret
1288 2604 1303 2628 ,
1335 2572 1540 2618 iussisse.
1572 2574 1853 2620 Prominenti
1877 2592 1935 2620 ex
1959 2574 2118 2619 lectica
2164 2623 2166 2625 ,
2203 2579 2210 2626 Γ·

265 2649 587 2712 praebentique
617 2648 846 2692 immotam
877 2636 1085 2693 cervicem
1116 2656 1254 2709 caput
1283 2650 1543 2710 praecisum
1573 2660 1654 2696 est.
1717 2654 1803 2698 Nec
1835 2654 1952 2698 satis
1988 2652 2116 2698 stoli·
2168 2639 2208 2714 'ff

274 2727 357 2773 dae
388 2725 650 2771 crudelitati
684 2725 883 2770 militum
910 2724 1031 2784 fuit.
1094 2727 1256 2770 Manus
1287 2743 1484 2789 quoque,
1520 2729 1758 2791 scripsisse
1786 2731 1836 2776 in
1876 2731 2117 2775 Antonium
2170 2730 2196 2778 ἐτ’

276 2803 458 2866 aliquid
504 2802 819 2864 exprobrantes
836 2837 849 2858 ,
884 2801 1214 2864 praeciderunt.
1263 2804 1330 2850 Id.
1364 2805 1479 2868 Epit.
1513 2810 1619 2853 120.
1681 2809 1862 2867 Huius,
1911 2809 2047 2854 occisi
2087 2825 2117 2853 a

272 2882 455 2944 Popilio
498 2881 742 2942 legionario
771 2882 920 2927 milite
937 2914 951 2939 ,
993 2899 1130 2944 quum
1169 2882 1347 2928 haberet
1387 2900 1528 2930 annos
1558 2889 1797 2949 sea-aginta
1828 2895 1921 2933 tres
1936 2920 1951 2945 ‚
1982 2893 2119 2949 caput

215 3006 218 3008 .
274 2976 449 3024 quoque
488 2975 588 3004 cum
631 2958 791 3005 dextra
826 2977 962 3005 manu
1006 2961 1056 3005 in
1097 2961 1276 3005 Rostris
1298 2963 1505 3023 positum
1546 2973 1627 3010 est.
1684 2966 1851 3028 Dialog.
1894 2965 1948 3011 de
1994 2968 2116 3011 Orat.

271 3055 311 3084 c.
339 3042 412 3084 17.
444 3041 487 3082 2.
555 3040 613 3082 Ut
643 3037 696 3082 de
732 3038 935 3082 Cicerone
974 3038 1074 3099 ipso
1119 3038 1279 3100 loquar
1294 3067 1308 3090 ‚
1358 3041 1510 3085 Hirtio
1541 3058 1695 3105 nempe
1730 3051 1775 3089 et
1807 3046 1962 3088 Pansa
2004 3041 2116 3089 coss.
2180 3055 2182 3059 ’

274 3125 328 3161 ut
359 3116 460 3161 Tiro
505 3115 692 3160 libertus
724 3117 822 3160 eius
864 3117 1080 3177 scripsit,
1112 3131 1194 3162 vu.
1223 3116 1336 3163 Idus
1367 3120 1626 3165 Decembres
1668 3121 1842 3165 occisus
1884 3127 1981 3177 est,
2029 3134 2116 3181 quo

274 3210 389 3238 anno
421 3193 551 3238 divus
582 3195 814 3254 Augustus
837 3194 887 3238 in
920 3193 1062 3239 locum
1090 3196 1269 3240 Pansae
1295 3204 1339 3241 et
1370 3198 1517 3242 Hirtii
1548 3214 1596 3242 se
1629 3195 1674 3243 et
1709 3198 1758 3256 Q.
1786 3198 1976 3243 Pedium
2001 3213 2113 3242 coss.

273 3271 470 3330 suffecit.
520 3269 723 3315 Aufidius
755 3274 907 3316 Bassus
941 3287 1006 3332 ap.
1040 3275 1244 3318 Senecam
1283 3273 1313 3318 l.
1342 3289 1380 3320 e.
1413 3293 1455 3337 p.
1483 3278 1557 3322 39.
1593 3273 1788 3332 'Cicer-0,
1812 3274 2024 3337 paullum
2046 3291 2114 3320 re·

274 3356 391 3391 moto
421 3347 547 3405 celo,
571 3356 816 3409 postquam
852 3357 1049 3393 armatos
1090 3350 1236 3395 vidit:
1284 3353 1400 3413 Ego
1447 3369 1568 3398 vero
1602 3354 1870 3411 consisto,
1901 3354 2000 3397 ait:
2033 3369 2112 3397 ac-

277 3424 399 3468 cede
441 3432 725 3483 veterane,
759 3433 810 3470 et
852 3427 903 3470 si
936 3427 1028 3471 hoc
1062 3427 1257 3472 saltem
1291 3438 1455 3489 potes
1489 3438 1633 3476 recte
1659 3430 1883 3490 facere,
1932 3429 2112 3475 incide

276 3502 544 3546 cervicem.
615 3505 832 3549 Trementi
865 3504 1018 3549 deinde
1051 3505 1391 3567 ‹tabita-ntique:
1445 3509 1588 3566 Quid
1622 3510 1671 3554 si
1703 3508 1772 3554 ad
1798 3525 1898 3566 me,
1930 3508 2101 3568 inquit,

2208 3166 2210 3214 }
