2158 4030
498 234 551 288 L.
576 233 639 291 11.
683 233 838 288 avi.
882 234 1015 307 81⁷
1049 264 1123 273 -
1158 251 1202 286 (ι.
1233 234 1340 288 νιι.
1385 234 1423 306 g
1453 239 1538 288 21.
1866 240 1935 289 65

112 384 533 457 diuturnamque
565 383 878 440 memoriam
912 381 1234 456 quaesturae
1269 385 1607 456 nominisque
1640 386 1744 438 mei
1781 386 1938 440 relin-

113 501 355 559 querem3
397 483 598 540 factum
631 491 741 549 est,
795 485 874 538 uti
917 500 1084 555 quum
1132 501 1406 538 summum
1450 485 1501 538 in
1544 484 1813 538 veteribus
1853 503 1939 557 pa-

113 586 284 640 tronis
316 585 530 650 multiS,
574 592 688 640 tum
722 583 1038 639 nonnullum
1067 586 1229 638 etiam
1267 587 1319 639 in
1348 603 1433 639 me
1468 585 1795 656 praesidium
1829 587 1942 639 suis

113 686 343 742 fortunis
377 687 733 741 constitutum
763 702 878 741 esse
911 685 1323 740 arbitrarentur.
1404 687 1506 753 Qui
1544 694 1672 740 tunc
1708 685 1942 758 populati

111 793 272 860 atque
322 788 530 853 vexati,
589 787 773 842 cuncti
815 785 881 841 ad
928 802 1014 841 me
1066 786 1278 858 publice
1330 802 1486 858 saepe
1538 795 1829 850 venerunt,
1884 794 1944 840 ut

111 905 334 946 suarum
376 889 716 944 fortunarum
749 888 990 943 omnium
1026 904 1273 943 caussam
1324 887 1792 959 defensionemque
1832 904 1945 941 sus-

113 991 364 1064 ciperem.
442 990 525 1046 Me
564 1006 719 1062 saepe
760 1005 876 1044 esse
907 988 1235 1061 pollicitum,
1275 1004 1432 1060 saepe
1472 988 1768 1042 ostendisse
1806 987 1946 1041 dice-

115 1092 274 1157 bant,
315 1090 359 1146 si
395 1090 535 1164 quod
564 1097 778 1163 tempus
811 1089 1125 1155 accidisset,
1165 1106 1270 1162 quo
1302 1097 1541 1161 tempore
1568 1088 1771 1160 aliquid
1802 1106 1834 1144 a
1862 1106 1948 1143 me

111 1193 479 1265 requirerent,
519 1191 813 1246 commodis
846 1208 1031 1246 eorum
1067 1207 1152 1245 me
1181 1208 1284 1244 non
1313 1189 1644 1245 defuturum.
1727 1191 1948 1245 Venisse

115 1299 330 1365 tempus
374 1291 620 1355 aiebant,
661 1307 766 1344 non
808 1291 914 1343 iam
956 1297 1018 1343 ut
1057 1290 1337 1344 commoda
1378 1307 1505 1354 sua,
1559 1291 1651 1345 scd
1687 1298 1747 1345 ut
1780 1294 1944 1346 vitam

114 1392 450 1465 salutemque
484 1391 650 1446 totius
682 1390 990 1462 provinciae
1029 1389 1398 1446 defenderem:
1440 1407 1558 1447 sese
1587 1392 1692 1446 iam
1723 1408 1789 1445 ne
1823 1392 1948 1446 deos

115 1492 333 1567 quidem
362 1492 417 1548 in
445 1492 558 1547 suis
584 1490 839 1556 urbibus,
867 1489 933 1545 ad
962 1507 1095 1562 quos
1124 1489 1507 1561 confugerent,
1547 1490 1766 1556 babere,
1808 1493 1948 1564 quod

115 1590 302 1651 eoru'm'
338 1591 628 1666 simulacra
662 1591 1004 1646 sanctissima
1049 1591 1103 1646 C.
1135 1590 1329 1645 Verres
1370 1608 1434 1646 ex
1468 1591 1707 1646 delubris
1741 1592 1950 1663 religio-

115 1693 346 1751 sissimis
372 1692 724 1754 sustulissetz,
747 1708 881 1764 quas
902 1708 988 1746 res
1023 1690 1265 1747 luxuries
1294 1693 1347 1746 in
1378 1692 1627 1764 flagitiis,
1661 1693 1955 1748 crudelitas

35 1809 37 1813 ·
117 1795 172 1851 in
217 1793 526 1868 suppliciiS,
579 1792 808 1848 avaritia
841 1793 895 1847 in
937 1794 1171 1866 rapiniS,
1222 1793 1475 1866 superbia
1510 1794 1563 1848 in
1612 1795 1955 1850 contumeliis

76 1909 78 1913 ·
115 1894 326 1953 efficere
370 1894 662 1968 potuisset,
714 1910 804 1948 eas
855 1910 1042 1949 omnes
1093 1911 1210 1950 sese
1263 1894 1362 1950 hoc
1410 1912 1517 1950 uno
1563 1903 1807 1968 praetore
1861 1913 1955 1968 per

120 1996 421 2057 triennium·
462 1994 778 2068 pertulisse:
834 2010 1025 2067 rogare
1074 2002 1129 2051 et
1178 2012 1361 2061 orare,
1416 2013 1483 2051 ne
1530 1995 1647 2050 illos
1686 1995 1956 2068 supplices

119 2113 466 2173 aspernarer,
499 2075 656 2170 quos,
696 2112 783 2151 me
813 2096 1095 2162 incolumi,
1130 2098 1332 2152 nemini
1362 2098 1631 2171 supplices
1662 2115 1778 2154 esse
1805 2114 1955 2169 opor·

119 2194 277 2255 teret.
356 2200 471 2254 20.
527 2195 649 2252 Tuli
677 2195 916 2268 graviter
941 2202 995 2250 et
1029 2196 1247 2261 acerbe,
1289 2193 1357 2251 in'
1378 2214 1502 2252 eum
1532 2215 1618 2253 me
1656 2197 1833 2252 locum
1866 2196 1957 2251 ad-
1990 2191 2013 2225 ’-

121 2298 283 2363 duci,
335 2303 398 2352 ut
442 2302 537 2351 aut
581 2313 671 2351 eos
720 2295 964 2366 homines
1013 2313 1133 2367 spes
1174 2295 1410 2361 falleret,
1463 2298 1556 2369 qui
1601 2315 1754 2370 opem
1795 2314 1826 2352 a
1871 2314 1958 2352 me

123 2405 303 2472 atque
311 2397 575 2460 auxilium
602 2396 892 2468 petissent,
934 2402 1030 2451 aut
1062 2412 1196 2466 ego,
1237 2398 1330 2467 qui
1364 2414 1451 2451 me
1491 2397 1558 2451 ad
1599 2397 1958 2452 defendendos

122 2498 365 2555 homines
377 2473 493 2570 'fab
520 2496 740 2551 ineunte
784 2494 1142 2550 adolescentia
1188 2496 1483 2562 dedissem,
1526 2506 1764 2571 tempore
1797 2505 1958 2569 atque

120 2598 294 2655 officio
319 2603 538 2654 coactus
566 2596 633 2652 ad
660 2596 1026 2652 accusandum
1055 2596 1386 2653 traducerer.
1450 2598 1733 2664 Dicebam,
1762 2598 1958 2653 habere

52 2762 57 2764 ,
121 2717 210 2757 eos
235 2705 471 2755 actorem
494 2698 554 2766 Q.
583 2698 904 2762 Caecilium,
935 2698 1029 2770 qui
1057 2699 1378 2770 praesertim
1406 2707 1659 2770 quaestor
1689 2700 1742 2753 in
1771 2699 1957 2754 eadem

122 2802 398 2876 provincia
429 2807 551 2874 post
588 2817 675 2855 me
707 2806 1046 2872 quaestorem
1081 2798 1288 2854 fuisset.
1369 2801 1484 2869 Quo
1517 2819 1614 2872 ego
1648 2801 1959 2855 adiumento

124 2901 404 2977 sperabam
444 2901 580 2957 hanc
623 2919 653 2957 a
697 2918 784 2956 me
828 2901 1129 2956 molestiam
1175 2919 1327 2972 posse
1373 2901 1674 2967 demoveri,
1727 2903 1780 2956 id
1827 2902 1959 2955 mihi

125 3010 241 3060 erat
273 3004 642 3059 adversarium
668 3003 918 3057 maxime.
998 3002 1133 3056 Nam
1161 3001 1238 3055 illi
1267 3002 1437 3056 multo
1464 3002 1598 3055 mihi
1622 3002 1721 3056 hoc
1750 3001 1961 3056 facilius

126 3107 491 3171 remisissent,
549 3106 595 3159 si
648 3106 814 3159 istum
862 3121 966 3158 non
1014 3110 1261 3167 nossent,
1314 3110 1409 3157 aut
1449 3104 1493 3156 si
1543 3081 1643 3157 iste
1688 3103 1830 3175 apud
1871 3120 1960 3158 cos

127 3214 378 3278 quaestor
404 3202 510 3279 non
545 3205 749 3260 fuisset.
831 3209 919 3259 21.
963 3204 1241 3259 Adductus
1269 3222 1389 3258 sum
1413 3204 1614 3269 officio,
1644 3205 1774 3269 fide,
1802 3207 1959 3260 mise-

128 3307 384 3371 ricordia,
423 3300 718 3391 multorum
759 3306 1018 3360 bonorum
1054 3306 1323 3377 exemp10‚
1364 3307 1532 3360 veteri
1573 3308 1962 3362 consuetudine

130 3398 493 3481 institutoque.
510 3409 806 3472 maiorum,
849 3414 909 3462 ut
941 3423 1075 3461 onus
1110 3406 1208 3460 hoc
1242 3406 1438 3460 laboris
1472 3413 1631 3479 atquc
1659 3407 1819 3462 officii
1856 3426 1958 3461 non

132 3524 196 3564 ex
228 3525 373 3575 meo,
414 3509 506 3568 scd
538 3525 601 3567 ex
636 3526 881 3569 meorum
908 3508 1334 3567 necessarioriun
1369 3515 1635 3582 tempore,
1677 3509 1810 3565 inihi
1846 3527 1959 3564 sus-
