2210 3970
833 479 1029 532 AMIGO
1064 477 1404 532 cfflssmo

400 674 699 755 loANNI
753 673 1225 744 HERMANNo
1280 670 1825 751 oos'rssnnvlss

256 821 554 855 autumnum«)
584 821 675 851 oux
707 821 918 851 nocuum!
951 821 1200 851 extulerunt
1234 821 1456 851 ΙΠΤΙΙΡΙΒΤῙ
1490 821 1530 850 m
1565 820 1662 849 noo
1696 819 1717 848 1.
1727 818 1752 848 U
1761 819 1784 847 Ι
1795 818 1817 847 ἲ
1826 818 1849 847 Ι
1858 817 1882 846 Ι
1894 819 1915 847 B
1928 820 1949 847 K
1971 837 1984 858 ,

296 914 396 946 NUNC
428 914 555 945 Auru
588 915 628 943 m
662 914 886 943 Auxuma
920 913 1138 943 mmmm
1183 914 1207 942 0
1220 913 1276 942 n.
1290 913 1314 942 D
1326 913 1383 942 tn
1395 914 1414 941 8
1446 912 1524 942 ΕΡῚ
1535 912 1565 941 1
1577 912 1600 941 Ι
1611 912 1636 940 Ι
1674 909 1934 941 ΠΟΠΕΠΒΒΙΙΙ

727 1005 842 1036 orum
874 1005 973 1035 SUU!
1006 1005 1044 1035 111
1081 1004 1223 1035 Omns
1256 1004 1489 1059 cqssmssfl'l'l

990 1147 1043 1202 S.
1085 1148 1143 1202 P.
1183 1147 1244 1202 D.

640 1321 740 1367 W.
791 1321 871 1368 Π.
928 1319 1008 1372 1).
1067 1316 1583 1366 SUBINGAB.

264 1816 494 1876 Alteram
519 1813 704 1866 laboris
737 1814 837 1865 mei
873 1821 1068 1881 partem
1099 1802 1165 1863 ad
1200 1810 1270 1863 'l'e
1305 1813 1452 1871 misi,
1488 1813 1576 1865 Vir
1610 1814 1940 1878 amicissime,
1978 1825 2038 1868 ut

195 1915 249 1959 et
281 1914 483 1959 nostrae
525 1904 775 1956 amicitiae
810 1903 1160 1955 testimonium
1192 1912 1393 1965 exstet,
1425 1920 1578 1970 quam
1612 1919 1641 1956 a
1675 1905 1851 1956 multia
1890 1908 2036 1958 annis

197 1996 331 2047 inter
362 2011 454 2048 nos
488 1995 714 2047 colimne.
783 1994 938 2046 Doleo
971 1994 1109 2051 enim
1141 1993 1341 2045 dudum
1381 1994 1494 2051 vel,
1531 2003 1591 2045 ut
1635 2010 1754 2046 vere
1789 2012 1845 2047 ac
1879 1998 2036 2050 libere

197 2086 404 2151 loquar,
440 2084 692 2151 suppudet
736 2100 818 2135 me
869 2083 995 2135 adeo
1040 2083 1178 2149 quod
1212 2082 1378 2133 adbuc
1422 2083 1630 2148 quidem
1674 2085 1802 2136 nihil
1847 2087 2035 2139 habue-

199 2175 322 2236 rim,
356 2174 493 2239 quod
527 2173 637 2224 Tibi
671 2189 760 2240 pro
796 2182 887 2223 tuo
926 2189 1046 2239 erga
1090 2188 1171 2222 me
1217 2187 1385 2222 amore
1429 2174 1788 2239 rependerem,
1822 2178 2037 2242 plurima

197 2280 357 2331 quum
403 2264 515 2314 Tibi
559 2263 771 2315 debeam
811 2261 1080 2328 equidem,
1113 2261 1202 2327 qui
1236 2260 1535 2312 duodecima
1568 2263 1668 2313 iam
1703 2275 1893 2317 aestate
1927 2283 2037 2333 par·

198 2363 301 2405 tem
342 2354 582 2404 seriarum
622 2368 851 2403 mearum
894 2351 1081 2402 Tecum
1114 2352 1389 2402 rusticatus
1425 2354 1518 2403 sim
1552 2353 1605 2403 in
1635 2355 1752 2405 villa
1789 2365 1876 2406 tua
1913 2358 2037 2408 Am·

198 2443 470 2503 hemiensi,
503 2443 848 2494 liberalissime
882 2458 911 2491 a
947 2441 1016 2491 Te
1050 2439 1308 2491 invitatus,

267 2625 376 2686 Qua
416 2625 468 2676 in
507 2624 866 2679 rusticatione,
902 2620 1172 2671 dicendum
1218 2622 1353 2672 enim
1388 2621 1658 2688 aliquando
1690 2634 1800 2685 est,
1836 2635 2035 2679 tantum

198 2714 522 2767 relaxationis
566 2715 817 2782 percipere
858 2712 993 2762 soleo
1027 2720 1080 2763 et
1119 2728 1267 2762 verae
1312 2712 1612 2778 voluptatis»,
1662 2725 1909 2778 quantum
1951 2719 2037 2769 vix

199 2820 331 2871 queo
376 2805 557 2861 dicere.
628 2801 793 2863 Quid?
828 2801 1003 2852 Nonne
1038 2802 1320 2852 oblectabat
1348 2817 1462 2858 me,
1496 2818 1655 2867 quum
1688 2819 1778 2854 rus
1811 2821 1874 2856 ex
1910 2809 2035 2859 urbe

203 2905 458 2960 tamquam
491 2909 520 2944 e
554 2893 769 2944 vinculis
803 2892 1149 2953 evolaveram‚
1184 2892 1391 2942 abiectis
1430 2893 1566 2941 curis
1599 2891 1663 2941 ad
1697 2907 1898 2945 omnem
1932 2899 2036 2947 ani·

198 2986 269 3036 mi
302 2983 644 3036 remissionem
689 2983 876 3033 Tecum
905 2981 1209 3032 descendere
1228 3021 1241 3039 ,
1277 2997 1406 3047 quae
1439 2981 1653 3031 honesta
1687 2993 1820 3033 esset
1871 2994 1924 3034 et
1957 3002 2036 3037 ae·

202 3085 358 3128 tatem
393 3083 616 3125 nostram
644 3070 884 3123 deceret?
952 3070 1265 3135 Quamquam
1309 3071 1443 3121 enim
1482 3086 1585 3120 non
1618 3070 1763 3121 inviti
1804 3089 1895 3123 nos
1928 3077 2036 3140 qui·

199 3166 317 3216 dem
358 3179 532 3214 omnes
573 3164 697 3213 istos
729 3161 908 3218 ludos,
943 3161 1028 3225 qui
1063 3175 1165 3210 non
1199 3169 1319 3212 sunt
1352 3160 1506 3209 moris
1549 3161 1740 3218 nostri,
1786 3164 2035 3230 relinque-

202 3255 380 3306 bamus
432 3254 573 3327 aliis,
625 3268 718 3302 nee
751 3249 1069 3300 cantharides
1117 3251 1263 3300 nobis
1304 3250 1482 3300 sectari
1534 3259 1586 3299 et
1632 3252 1892 3304 scarabeos
1942 3272 2035 3307 nec

201 3344 415 3395 conchas
443 3345 609 3411 legere
645 3341 928 3392 solebamus
957 3349 1009 3391 et
1038 3340 1326 3397 umbilicos,
1363 3349 1422 3390 ut
1452 3339 1551 3400 illi,
1585 3339 1649 3390 de
1682 3342 1868 3406 quibus
1893 3344 2035 3397 Scae«-

204 3435 313 3485 vola
343 3434 475 3501 apud
521 3432 840 3487 Ciceronem;
885 3439 1029 3482 erant
1069 3438 1238 3482 tamen
1273 3428 1368 3479 alia
1403 3444 1532 3496 quae
1560 3428 1776 3483 libenter
1806 3449 2037 3500 sequere.
