2150 3990
229 246 345 295 206..
802 262 1013 299 menno
1061 263 1131 299 ni:
1181 255 1317 300 viu
1368 265 1470 301 sm

282 392 386 447 IX.
470 396 557 447 25.
600 392 679 447 Ad
696 399 718 431 ¹¹
749 394 878 452 haee
913 396 1145 464 Quintus
1173 396 1360 463 frater,
1402 399 1559 453 homo
1589 399 1792 462 miruS‚
1834 402 1926 471 qui
1958 419 2047 458 me

220 500 331 548 tam
351 492 509 548 valde.
534 502 680 549 amat
699 536 714 560 ,
754 498 933 551 omnia
966 498 1214 552 mittebat
1247 488 1361 570 spei
1394 498 1574 570 plena,
1606 505 1888 566 metuenS,
1927 518 2040 556 cre-

218 595 284 650 do
305 638 319 659 ‚
370 594 719 651 desectionem
773 599 938 651 animi
991 599 1114 653 mei.
1189 600 1355 654 Attici
1407 606 1587 654 autem
1626 599 1838 655 litterae
1889 610 2045 657 erant

216 698 418 751 variae:
460 714 631 769 neque
665 698 807 752 enim
842 715 929 752 me
962 699 1244 770 desperare
1276 700 1513 766 volebat,
1552 717 1650 756 nec
1683 707 1886 757 temere
1926 720 2041 774 spe-

214 814 352 852 rare.
406 797 656 851 Attamen
678 803 700 834 2
738 813 858 851 mea
880 814 1000 869 spes
1019 799 1183 852 etiam
1215 798 1433 853 tenuior
1468 816 1678 872 semper
1708 799 1842 866 fui-t,
1876 819 2039 873 quam

211 898 374 952 huius
412 898 640 952 litterae.
720 897 937 963 Quoad³
978 899 1146 969 igitur
1184 898 1448 952 eiusmodi
1483 900 1620 954 mihi
1663 902 1879 956 litterae
1914 902 2037 957 affe-

211 998 503 1061 rebantur,
543 1004 605 1050 ut
631 996 833 1067 aliquid
866 1013 933 1051 ex
970 997 1038 1051 iis
1070 1004 1211 1052 esset
1251 999 1703 1069 exspectandum,
1741 1019 1834 1073 spe
1861 1009 1919 1057 et
1946 1019 2038 1058 efu-

211 1096 436 1168 piditate
470 1096 878 1151 Thessalonicae
910 1102 1156 1151 retentus
1194 1114 1333 1152 sum.
1414 1099 1508 1152 24.
1544 1099 1900 1171 Posteaquam
1928 1119 2039 1156 om-

210 1199 294 1251 nis
327 1198 467 1251 aetio
504 1198 620 1251 eius
654 1197 782 1251 anni
819 1196 1061 1253 confecta
1093 1198 1247 1253 nobis
1277 1198 1595 1264 videbatur,
1648 1200 1704 1254 in
1735 1200 1922 1256 Asiam
1958 1203 2045 1256 ire*

207 1298 382 1362 nolui,
423 1297 564 1369 quod
592 1296 976 1352 -etcelebritas
1014 1298 1151 1353 mihi
1188 1298 1310 1353 odio
1346 1305 1504 1365 erat,
1544 1306 1627 1365 et,
1670 1301 1721 1355 si·
1749 1300 1907 1357 lieret
1944 1302 2043 1357 ali·-

206 1398 334 1470 quid
374 1414 407 1451 a
448 1398 598 1451 novis
637 1397 1042 1468 magistratibus
1062 1440 1077 1464 ,
1116 1397 1305 1453 abesse
1327 1397 1484 1470 longe
1515 1398 1779 1454 nolebam.
1842 1403 2035 1473 Itaque

205 1501 261 1554 in
300 1500 527 1571 Epirum
567 1499 638 1554 ad·
673 1499 915 1553 Atticum
949 1500 1118 1552 statui
1162 1516 1251 1554 me
1288 1498 1531 1554 conferre
1549 1541 1565 1564 ‚
1617 1516 1724 1554 non
1770 1516 1877 1573 quo
1914 1518 2036 1558 mea

204 1602 492 1654 interesset
525 1597 629 1652 loci
649 1640 663 1663 ,
711 1599 805 1669 qui
842 1598 1020 1652 lucem
1052 1598 1581 1670 omninofugerem
1633 1598 1726 1654 sed
1754 1606 1810 1654 et
1845 1600 1915 1655 ad
1952 1619 2034 1657 sa-

202 1701 371 1755 lutem
408 1698 763 1753 libentissime
801 1715 867 1753 ex
899 1699 1066 1753 Attici
1103 1705 1264 1771 portu
1300 1699 1571 1772 proficisci
1602 1699 1919 1772 cupiebam,
1951 1708 2037 1768 et,

199 1803 246 1856 si
286 1817 348 1856 ea
392 1801 635 1872 praecisa
673 1806 847 1865 esset,
907 1816 1189 1872 nusquam
1215 1799 1444 1856 facilius·
1478 1801 1619 1856 hano
1665 1803 2034 1859 miserrimam

197 1903 365 1957 vitam
386 1902 471 1957 vel
496 1892 900 1956 sustentaturus
919 1901 1053 1955 mihi
1074 1900 1320 1968 videbar,
1339 1902 1425 1957 vel
1438 1944 1454 1967 ,
1481 1901 1624 1974 quod
1643 1903 1815 1958 multo
1835 1904 2030 1960 melius

197 2009 342 2068 erat,
384 2002 709 2057 aliiee-turus
791 2005 879 2056 25.
920 2001 1085 2056 Eram
1132 2008 1321 2056 auteur
1354 2018 1480 2056 cum
1504 2003 1732 2074 'paucis;
1783 2003 2027 2060 multitu-

196 2103 379 2157 dinem
419 2102 747 2156 dimiseram.
829 2103 872 2156 E
914 2101 1109 2172 quibus
1129 2106 1171 2138 ⁴1
1197 2101 1257 2154 Τ.
1299 2102 1568 2172 Agusius,
1608 2117 1750 2156 unus
1788 2102 1854 2158 de
1892 2106 2030 2159 meis

198 2202 506 2259 domesticis
544 2207 599 2255 et
635 2201 871 2255 maxime
910 2202 1256 2266 necessariiS‚
1297 2207 1361 2256 et·
1390 2217 1569 2255 eomes
1609 2217 1763 2256 meus
1803 2201 1907 2258 fuit
1939 2203 2037 2258 illo·

196 2305 500 2359 miserrimo
551 2309 791 2374 tempore
837 2308 892 2357 et
935 2303 1179 2358 omnium
1232 2303 1527 2367 itinerum,
1585 2303 1989 2374 navigationum
2011 2348 2026 2370 ,

196 2406 469 2469 laborum,
508 2403 872 2475 periculorum
911 2419 1155 2459 meorum
1196 2404 1389 2458 socius,
1419 2402 1716 2459 :Clodium
1764 2404 2022 2460 Philetae-

194 2524 318 2562 rum
338 2513 377 2570 ⁵,
437 2503 578 2575 quod
624 2502 927 2557 valetudine
966 2503 1244 2559 oculorum
1290 2502 1711 2575 impediebatur,
1751 2504 2034 2563 hominem:
2136 2501 2148 2573 ζ’

198 2607 409 2663 fidelem·
427 2627 447 2670 ,·
490 2604 691 2658 remisi.
773 2603 1077 2658 Sallustius
1098 2603 1288 2659 officio
1321 2604 1569 2659 vincebat
1619 2610 1828 2660 omnes.
1896 2607 2021 2661 Pes·
2133 2531 2150 2672 ἓ

194 2710 419 2765 cennius
451 2713 577 2761 erat·
598 2700 980 2777 perbenevolus
1020 2705 1202 2766 nohis:
1244 2721 1405 2778 quem
1431 2721 1645 2780 semper
1663 2722 1822 2778 spero
1850 2709 2024 2762 nostri

194 2813 304 2865 sore
351 2809 742 2866 observantem.
823 2807 957 2861 Erat
973 2813 998 2844 Β
1029 2807 1214 2862 'etiam
1257 2808 1311 2861 in
1353 2805 1530 2861 officio
1584 2813 1704 2861 tum
1755 2806 2034 2879 Orpheus:
2128 2813 2147 2895 ’Ξ

194 2913 489 2982 Denique*
526 2909 590 2964 Ι..
624 2909 895 2962 Livineius
935 2907 1179 2981 Trypho,
1238 2908 1294 2963 L.
1337 2906 1551 2980 Reguli,
1611 2907 2031 2964 familiarissimi·
2096 2898 2150 3022 ,3

192 3014 322 3078 mei,
361 3010 586 3066 libertus
607 3053 621 3075 ,
662 3009 763 3065 ad⁸
802 3025 890 3063 me
927 3024 962 3062 a
991 3009 1194 3080 Regulo
1231 3010 1436 3064 missus
1468 3008 1879 3064 venit..C-uius⁹
1918 3025 2016 3081 ego
2119 3000 2150 3097 {i

190 3115 444 3170 libertum
484 3129 583 3184 per
618 3128 675 3166 se
720 3112 894 3182 ipsum
927 3109 1128 3165 dilexi:
1171 3126 1386 3166 summa
1423 3110 1570 3166 enim
1607 3110 1725 3164 eius
1763 3126 1890 3181 erga
1927 3126 2015 3164 me
2116 3091 2150 3127 ’μ’

236 3319 274 3374 ¹)
292 3317 343 3360 ad
362 3319 690 3374 Att.111.18.§
711 3320 752 3360 2.
771 3344 831 3350 -
847 3318 883 3374 ²)
901 3314 955 3361 ad
974 3318 1066 3361 Att.
1087 3318 1165 3359 111.
1187 3317 1254 3360 19.
1274 3317 1298 3373 §
1320 3317 1362 3359 2.
1380 3313 1667 3371 —v⁵)1bid.§
1687 3318 1727 3359 1.
1747 3315 1863 3374 -4)
1879 3314 2014 3376 Epist.

192 3393 247 3436 ad
264 3397 306 3438 P.
325 3394 556 3439 Servilium
576 3394 646 3451 (ad
670 3397 787 3438 Fam,
820 3396 937 3438 XIII.
970 3396 1066 3452 71.)
1098 3421 1154 3426 —
1187 3397 1227 3452 ⁵)
1261 3393 1394 3454 Epist.
1427 3391 1482 3437 ad
1515 3393 1763 3438 Terentiam
1789 3392 1862 3451 (ad
1891 3397 2010 3438 Fam.

190 3474 299 3515 XIV.
335 3474 374 3517 4.
410 3474 527 3531 §6.)
561 3500 618 3506 -
648 3474 687 3530 ὃ)
726 3470 829 3515 ibid.
870 3473 894 3528 ᾗ
923 3475 962 3515 4.
997 3498 1052 3503 —
1094 3475 1135 3529 7)
1164 3472 1295 3532 Epist.
1328 3470 1380 3516 ad
1420 3473 1584 3515 Manat.
1621 3469 1696 3529 (ad
1736 3473 1856 3516 Fam.
1889 3473 2011 3516 xm.

191 3554 286 3608 60.)
307 3578 363 3585 —-—
384 3553 422 3609 ⁵³)
447 3551 498 3595 ad
536 3556 626 3595 Ait.
664 3554 738 3595 lll.
775 3554 845 3593 17.
880 3552 904 3607 ς)
926 3553 965 3595 1.
985 3577 1040 3583 --
1059 3554 1097 3610 9)
1124 3550 1253 3611 Epist.
1288 3549 1338 3594 ad
1374 3552 1533 3593 Munat.
1552 3547 1624 3606 (ad
1644 3552 1760 3594 Fam.
1782 3550 1895 3594 xm.
1917 3551 2011 3607 60.)
