<?xml version="1.0" encoding="UTF-8"?>
<!DOCTYPE html PUBLIC "-//W3C//DTD XHTML 1.0 Transitional//EN"
    "http://www.w3.org/TR/xhtml1/DTD/xhtml1-transitional.dtd">
<html xmlns="http://www.w3.org/1999/xhtml" xml:lang="en" lang="en">
 <head>
  <title>
</title>
<meta http-equiv="Content-Type" content="text/html;charset=utf-8" />
  <meta name='ocr-system' content='tesseract 3.04.00' />
  <meta name='ocr-capabilities' content='ocr_page ocr_carea ocr_par ocr_line ocrx_word'/>
</head>
<body>
  <div class='ocr_page' id='page_1' title='image "./mtulliiciceronis00suriuoft/mtulliiciceronis00suriuoft_0153.png"; bbox 0 0 2150 3990; ppageno 0'>
   <div class='ocr_carea' id='block_1_1' title="bbox 420 224 1926 298">
    <p class='ocr_par' dir='ltr' id='par_1_1' title="bbox 420 224 1926 298">
     <span class='ocr_line' id='line_1_1' title="bbox 420 224 1926 298; baseline -0.003 -16"><span class='ocrx_word' id='word_1_1' title='bbox 420 227 474 282; x_wconf 85' lang='lat'><strong>1..</strong></span> <span class='ocrx_word' id='word_1_2' title='bbox 498 226 586 284; x_wconf 83' lang='grc' dir='ltr'><strong><em>ιιι.</em></strong></span> <span class='ocrx_word' id='word_1_3' title='bbox 629 243 673 280; x_wconf 68' lang='lat' dir='ltr'>a.</span> <span class='ocrx_word' id='word_1_4' title='bbox 699 224 880 280; x_wconf 87' lang='lat' dir='ltr'><strong>xx1v.</strong></span> <span class='ocrx_word' id='word_1_5' title='bbox 925 225 963 298; x_wconf 62' lang='lat'>5</span> <span class='ocrx_word' id='word_1_6' title='bbox 990 229 1058 279; x_wconf 83' lang='lat'>76</span> <span class='ocrx_word' id='word_1_7' title='bbox 1097 254 1170 264; x_wconf 86' lang='lat'>--</span> <span class='ocrx_word' id='word_1_8' title='bbox 1209 241 1254 277; x_wconf 77' lang='lat' dir='ltr'><strong>c.</strong></span> <span class='ocrx_word' id='word_1_9' title='bbox 1279 224 1435 279; x_wconf 83' lang='lat' dir='ltr'><strong>xxv.</strong></span> <span class='ocrx_word' id='word_1_10' title='bbox 1480 225 1518 297; x_wconf 61' lang='lat' dir='ltr'><strong><em>g</em></strong></span> <span class='ocrx_word' id='word_1_11' title='bbox 1543 230 1628 279; x_wconf 83' lang='lat' dir='ltr'>s1.</span> <span class='ocrx_word' id='word_1_12' title='bbox 1828 229 1926 279; x_wconf 77' lang='lat'>155</span> 
     </span>
    </p>
   </div>
   <div class='ocr_carea' id='block_1_2' title="bbox 106 373 1925 1253">
    <p class='ocr_par' dir='ltr' id='par_1_2' title="bbox 106 373 1925 1253">
     <span class='ocr_line' id='line_1_2' title="bbox 113 373 1920 438; baseline -0.001 -7"><span class='ocrx_word' id='word_1_13' title='bbox 113 378 255 432; x_wconf 87' lang='lat' dir='ltr'>niam</span> <span class='ocrx_word' id='word_1_14' title='bbox 295 376 529 432; x_wconf 77' lang='lat' dir='ltr'>nondum</span> <span class='ocrx_word' id='word_1_15' title='bbox 583 384 664 434; x_wconf 90' lang='lat' dir='ltr'>cst</span> <span class='ocrx_word' id='word_1_16' title='bbox 701 375 947 431; x_wconf 86' lang='lat' dir='ltr'>omnibus</span> <span class='ocrx_word' id='word_1_17' title='bbox 999 381 1183 430; x_wconf 88' lang='lat' dir='ltr'>notum</span> <span class='ocrx_word' id='word_1_18' title='bbox 1241 373 1762 430; x_wconf 77' lang='lat' dir='ltr'>senatusconsultum</span> <span class='ocrx_word' id='word_1_19' title='bbox 1786 414 1799 438; x_wconf 91' lang='lat'>,</span> <span class='ocrx_word' id='word_1_20' title='bbox 1856 390 1920 430; x_wconf 84' lang='lat' dir='ltr'>ex</span> 
     </span>
     <span class='ocr_line' id='line_1_3' title="bbox 110 475 1916 548; baseline -0.002 -16"><span class='ocrx_word' id='word_1_21' title='bbox 110 476 366 532; x_wconf 88' lang='lat' dir='ltr'>memoria</span> <span class='ocrx_word' id='word_1_22' title='bbox 435 476 532 533; x_wconf 86' lang='lat' dir='ltr'>boc</span> <span class='ocrx_word' id='word_1_23' title='bbox 597 477 708 532; x_wconf 91' lang='lat' dir='ltr'>loco</span> <span class='ocrx_word' id='word_1_24' title='bbox 731 518 745 542; x_wconf 91' lang='lat'>,</span> <span class='ocrx_word' id='word_1_25' title='bbox 810 475 938 548; x_wconf 91' lang='lat' dir='ltr'>quid</span> <span class='ocrx_word' id='word_1_26' title='bbox 997 481 1216 531; x_wconf 91' lang='lat' dir='ltr'>senatus</span> <span class='ocrx_word' id='word_1_27' title='bbox 1271 475 1577 538; x_wconf 78' lang='lat' dir='ltr'>censuerit,</span> <span class='ocrx_word' id='word_1_28' title='bbox 1640 490 1916 547; x_wconf 83' lang='lat' dir='ltr'>exponam.</span> 
     </span>
     <span class='ocr_line' id='line_1_4' title="bbox 112 575 1921 649; baseline -0.002 -18"><span class='ocrx_word' id='word_1_29' title='bbox 112 581 200 632; x_wconf 87' lang='grc'>78.</span> <span class='ocrx_word' id='word_1_30' title='bbox 261 577 500 632; x_wconf 88' lang='lat' dir='ltr'>Primum</span> <span class='ocrx_word' id='word_1_31' title='bbox 558 577 691 632; x_wconf 87' lang='lat' dir='ltr'>mihi</span> <span class='ocrx_word' id='word_1_32' title='bbox 750 577 952 649; x_wconf 79' lang='lat' dir='ltr'>gratiae</span> <span class='ocrx_word' id='word_1_33' title='bbox 1009 575 1186 631; x_wconf 86' lang='lat' dir='ltr'>verbis</span> <span class='ocrx_word' id='word_1_34' title='bbox 1250 575 1595 648; x_wconf 82' lang='lat' dir='ltr'><strong>amplissimis</strong></span> <span class='ocrx_word' id='word_1_35' title='bbox 1649 581 1921 646; x_wconf 79' lang='lat' dir='ltr'>aguntur,</span> 
     </span>
     <span class='ocr_line' id='line_1_5' title="bbox 109 674 1920 750; baseline -0.001 -19"><span class='ocrx_word' id='word_1_36' title='bbox 109 674 250 749; x_wconf 85' lang='lat' dir='ltr'>quod</span> <span class='ocrx_word' id='word_1_37' title='bbox 280 676 510 741; x_wconf 78' lang='lat' dir='ltr'>virtute,</span> <span class='ocrx_word' id='word_1_38' title='bbox 549 676 798 742; x_wconf 81' lang='lat' dir='ltr'>consilio,</span> <span class='ocrx_word' id='word_1_39' title='bbox 838 675 1168 750; x_wconf 84' lang='lat' dir='ltr'>providentia</span> <span class='ocrx_word' id='word_1_40' title='bbox 1209 691 1326 731; x_wconf 88' lang='lat' dir='ltr'>mea</span> <span class='ocrx_word' id='word_1_41' title='bbox 1366 675 1665 748; x_wconf 77' lang='lat' dir='ltr'>respublica</span> <span class='ocrx_word' id='word_1_42' title='bbox 1714 675 1920 748; x_wconf 86' lang='lat' dir='ltr'>pericu-</span> 
     </span>
     <span class='ocr_line' id='line_1_6' title="bbox 106 775 1918 848; baseline -0.002 -15"><span class='ocrx_word' id='word_1_43' title='bbox 106 777 172 834; x_wconf 91' lang='lat' dir='ltr'>lis</span> <span class='ocrx_word' id='word_1_44' title='bbox 207 776 571 831; x_wconf 17' lang='lat' dir='ltr'>sitwmaximis</span> <span class='ocrx_word' id='word_1_45' title='bbox 608 776 864 834; x_wconf 86' lang='lat' dir='ltr'>liberata:</span> <span class='ocrx_word' id='word_1_46' title='bbox 904 775 1095 833; x_wconf 87' lang='lat' dir='ltr'>deinde</span> <span class='ocrx_word' id='word_1_47' title='bbox 1139 776 1195 832; x_wconf 98' lang='lat' dir='ltr'><strong>L.</strong></span> <span class='ocrx_word' id='word_1_48' title='bbox 1229 776 1454 833; x_wconf 77' lang='lat' dir='ltr'>Flaccus</span> <span class='ocrx_word' id='word_1_49' title='bbox 1491 783 1547 832; x_wconf 89' lang='lat' dir='ltr'>et</span> <span class='ocrx_word' id='word_1_50' title='bbox 1593 776 1648 834; x_wconf 80' lang='lat' dir='ltr'><strong>G.</strong></span> <span class='ocrx_word' id='word_1_51' title='bbox 1689 777 1918 848; x_wconf 84' lang='lat' dir='ltr'>Pompti-</span> 
     </span>
     <span class='ocr_line' id='line_1_7' title="bbox 109 876 1917 951; baseline -0.002 -17"><span class='ocrx_word' id='word_1_52' title='bbox 109 891 211 934; x_wconf 90' lang='lat' dir='ltr'>nus</span> <span class='ocrx_word' id='word_1_53' title='bbox 230 917 246 942; x_wconf 90' lang='lat'>,</span> <span class='ocrx_word' id='word_1_54' title='bbox 285 883 555 950; x_wconf 83' lang='lat' dir='ltr'>praetores</span> <span class='ocrx_word' id='word_1_55' title='bbox 575 919 590 943; x_wconf 91' lang='lat'>,</span> <span class='ocrx_word' id='word_1_56' title='bbox 627 877 770 950; x_wconf 88' lang='lat' dir='ltr'>quod</span> <span class='ocrx_word' id='word_1_57' title='bbox 808 893 992 934; x_wconf 89' lang='lat' dir='ltr'>eorum</span> <span class='ocrx_word' id='word_1_58' title='bbox 1032 894 1190 951; x_wconf 89' lang='lat' dir='ltr'>opera</span> <span class='ocrx_word' id='word_1_59' title='bbox 1227 876 1352 933; x_wconf 74' lang='lat' dir='ltr'>sorti</span> <span class='ocrx_word' id='word_1_60' title='bbox 1391 876 1640 951; x_wconf 79' lang='lat' dir='ltr'>fidelique</span> <span class='ocrx_word' id='word_1_61' title='bbox 1677 892 1809 932; x_wconf 87' lang='lat' dir='ltr'>usus</span> <span class='ocrx_word' id='word_1_62' title='bbox 1839 892 1917 931; x_wconf 80' lang='lat' dir='ltr'>es-</span> 
     </span>
     <span class='ocr_line' id='line_1_8' title="bbox 109 976 1917 1052; baseline -0.002 -18"><span class='ocrx_word' id='word_1_63' title='bbox 109 994 257 1044; x_wconf 87' lang='lat' dir='ltr'>sem,</span> <span class='ocrx_word' id='word_1_64' title='bbox 306 978 501 1035; x_wconf 83' lang='lat' dir='ltr'>merito</span> <span class='ocrx_word' id='word_1_65' title='bbox 535 995 598 1034; x_wconf 90' lang='lat' dir='ltr'>ac</span> <span class='ocrx_word' id='word_1_66' title='bbox 638 979 756 1035; x_wconf 91' lang='lat' dir='ltr'>iure</span> <span class='ocrx_word' id='word_1_67' title='bbox 794 978 1115 1035; x_wconf 81' lang='lat' dir='ltr'>laudantur:</span> <span class='ocrx_word' id='word_1_68' title='bbox 1173 985 1335 1052; x_wconf 87' lang='lat' dir='ltr'>atque</span> <span class='ocrx_word' id='word_1_69' title='bbox 1371 979 1535 1034; x_wconf 87' lang='lat' dir='ltr'>etiam</span> <span class='ocrx_word' id='word_1_70' title='bbox 1591 978 1707 1033; x_wconf 78' lang='lat' dir='ltr'>viro</span> <span class='ocrx_word' id='word_1_71' title='bbox 1757 976 1917 1041; x_wconf 74' lang='lat' dir='ltr'>forti,</span> 
     </span>
     <span class='ocr_line' id='line_1_9' title="bbox 106 1078 1919 1153; baseline -0.002 -17"><span class='ocrx_word' id='word_1_72' title='bbox 106 1078 336 1152; x_wconf 82' lang='lat' dir='ltr'>collegae</span> <span class='ocrx_word' id='word_1_73' title='bbox 374 1096 491 1135; x_wconf 91' lang='lat' dir='ltr'>meo</span> <span class='ocrx_word' id='word_1_74' title='bbox 511 1121 526 1144; x_wconf 90' lang='lat'>,</span> <span class='ocrx_word' id='word_1_75' title='bbox 565 1079 682 1134; x_wconf 87' lang='lat' dir='ltr'>laus</span> <span class='ocrx_word' id='word_1_76' title='bbox 733 1081 1075 1153; x_wconf 79' lang='lat' dir='ltr'>impertitur,</span> <span class='ocrx_word' id='word_1_77' title='bbox 1124 1079 1266 1153; x_wconf 84' lang='lat' dir='ltr'>quod</span> <span class='ocrx_word' id='word_1_78' title='bbox 1305 1097 1428 1145; x_wconf 87' lang='lat' dir='ltr'>eos,</span> <span class='ocrx_word' id='word_1_79' title='bbox 1466 1080 1569 1153; x_wconf 82' lang='lat' dir='ltr'>qui¹</span> <span class='ocrx_word' id='word_1_80' title='bbox 1599 1078 1761 1134; x_wconf 85' lang='lat' dir='ltr'>buius</span> <span class='ocrx_word' id='word_1_81' title='bbox 1796 1095 1919 1134; x_wconf 87' lang='lat' dir='ltr'>con·</span> 
     </span>
     <span class='ocr_line' id='line_1_10' title="bbox 107 1178 1925 1253; baseline 0 -19"><span class='ocrx_word' id='word_1_82' title='bbox 107 1179 388 1236; x_wconf 86' lang='lat' dir='ltr'>iurationis</span> <span class='ocrx_word' id='word_1_83' title='bbox 419 1179 707 1252; x_wconf 82' lang='lat' dir='ltr'>participes</span> <span class='ocrx_word' id='word_1_84' title='bbox 747 1178 996 1245; x_wconf 81' lang='lat' dir='ltr'>fuissent,</span> <span class='ocrx_word' id='word_1_85' title='bbox 1036 1197 1066 1235; x_wconf 90' lang='lat' dir='ltr'>a</span> <span class='ocrx_word' id='word_1_86' title='bbox 1100 1181 1213 1235; x_wconf 89' lang='lat' dir='ltr'>suis</span> <span class='ocrx_word' id='word_1_87' title='bbox 1245 1187 1299 1235; x_wconf 90' lang='lat' dir='ltr'>et</span> <span class='ocrx_word' id='word_1_88' title='bbox 1337 1180 1659 1253; x_wconf 90' lang='lat' dir='ltr'>reipublicae</span> <span class='ocrx_word' id='word_1_89' title='bbox 1686 1178 1925 1235; x_wconf 85' lang='lat' dir='ltr'>consiliis</span> 
     </span>
    </p>
   </div>
   <div class='ocr_carea' id='block_1_3' title="bbox 0 1278 1923 1454">
    <p class='ocr_par' dir='ltr' id='par_1_3' title="bbox 0 1278 1923 1454">
     <span class='ocr_line' id='line_1_11' title="bbox 0 1278 1923 1352; baseline -0.002 -16"><span class='ocrx_word' id='word_1_90' title='bbox 0 1334 1 1352; x_wconf 15' lang='grc' dir='ltr'>χ</span> <span class='ocrx_word' id='word_1_91' title='bbox 107 1281 436 1344; x_wconf 80' lang='lat' dir='ltr'>removisset.</span> <span class='ocrx_word' id='word_1_92' title='bbox 519 1282 605 1334; x_wconf 83' lang='lat'><strong>79.</strong></span> <span class='ocrx_word' id='word_1_93' title='bbox 659 1280 832 1350; x_wconf 83' lang='lat' dir='ltr'>Atque</span> <span class='ocrx_word' id='word_1_94' title='bbox 885 1280 959 1333; x_wconf 90' lang='lat' dir='ltr'>ita</span> <span class='ocrx_word' id='word_1_95' title='bbox 1009 1287 1369 1344; x_wconf 87' lang='lat' dir='ltr'>censuerunt,</span> <span class='ocrx_word' id='word_1_96' title='bbox 1421 1287 1484 1334; x_wconf 91' lang='lat' dir='ltr'>ut</span> <span class='ocrx_word' id='word_1_97' title='bbox 1534 1280 1589 1334; x_wconf 88' lang='lat' dir='ltr'>P.</span> <span class='ocrx_word' id='word_1_98' title='bbox 1631 1278 1923 1344; x_wconf 80' lang='lat' dir='ltr'>LentuluS,</span> 
     </span>
     <span class='ocr_line' id='line_1_12' title="bbox 0 1378 1922 1454; baseline -0.002 -17"><span class='ocrx_word' id='word_1_99' title='bbox 0 1406 3 1445; x_wconf 67' lang='grc' dir='ltr'><strong>ῑ</strong></span> <span class='ocrx_word' id='word_1_100' title='bbox 105 1395 273 1454; x_wconf 88' lang='lat' dir='ltr'>quum</span> <span class='ocrx_word' id='word_1_101' title='bbox 308 1395 368 1436; x_wconf 89' lang='lat' dir='ltr'>se</span> <span class='ocrx_word' id='word_1_102' title='bbox 405 1385 657 1454; x_wconf 83' lang='lat' dir='ltr'>praetura</span> <span class='ocrx_word' id='word_1_103' title='bbox 706 1378 1035 1443; x_wconf 84' lang='lat' dir='ltr'>abdicasset,</span> <span class='ocrx_word' id='word_1_104' title='bbox 1087 1386 1205 1436; x_wconf 92' lang='lat' dir='ltr'>tum</span> <span class='ocrx_word' id='word_1_105' title='bbox 1245 1380 1300 1434; x_wconf 93' lang='lat' dir='ltr'>in</span> <span class='ocrx_word' id='word_1_106' title='bbox 1339 1379 1637 1435; x_wconf 86' lang='lat' dir='ltr'>custodiam</span> <span class='ocrx_word' id='word_1_107' title='bbox 1689 1380 1922 1436; x_wconf 86' lang='lat' dir='ltr'>tradere·</span> 
     </span>
    </p>
   </div>
   <div class='ocr_carea' id='block_1_4' title="bbox 106 1478 1922 1553">
    <p class='ocr_par' dir='ltr' id='par_1_4' title="bbox 0 1454 1922 1564">
     <span class='ocr_line' id='line_1_13' title="bbox 106 1478 1922 1553; baseline -0.001 -15.11"><span class='ocrx_word' id='word_1_108' title='bbox 106 1489 230 1538; x_wconf 85' lang='lat' dir='ltr'>tur:</span> <span class='ocrx_word' id='word_1_109' title='bbox 269 1479 506 1553; x_wconf 80' lang='lat' dir='ltr'>itemque</span> <span class='ocrx_word' id='word_1_110' title='bbox 544 1478 624 1534; x_wconf 88' lang='lat' dir='ltr'>uti</span> <span class='ocrx_word' id='word_1_111' title='bbox 663 1478 718 1534; x_wconf 82' lang='lat' dir='ltr'><strong>C.</strong></span> <span class='ocrx_word' id='word_1_112' title='bbox 745 1478 1047 1551; x_wconf 68' lang='lat' dir='ltr'>Cethegum,</span> <span class='ocrx_word' id='word_1_113' title='bbox 1102 1480 1157 1535; x_wconf 89' lang='lat' dir='ltr'><strong>L.</strong></span> <span class='ocrx_word' id='word_1_114' title='bbox 1198 1479 1480 1545; x_wconf 84' lang='lat' dir='ltr'>Statilius,</span> <span class='ocrx_word' id='word_1_115' title='bbox 1532 1481 1588 1536; x_wconf 90' lang='lat' dir='ltr'>P.</span> <span class='ocrx_word' id='word_1_116' title='bbox 1630 1480 1922 1543; x_wconf 85' lang='lat' dir='ltr'>Gabinius,</span> 
     </span>
    </p>
   </div>
   <div class='ocr_carea' id='block_1_5' title="bbox 3 1580 1922 1658">
    <p class='ocr_par' dir='ltr' id='par_1_5' title="bbox 3 1580 1922 1658">
     <span class='ocr_line' id='line_1_14' title="bbox 3 1580 1922 1658; baseline -0.004 -15"><span class='ocrx_word' id='word_1_117' title='bbox 3 1585 5 1643; x_wconf 78' lang='lat'>3</span> <span class='ocrx_word' id='word_1_118' title='bbox 103 1583 197 1658; x_wconf 88' lang='lat' dir='ltr'>qui</span> <span class='ocrx_word' id='word_1_119' title='bbox 229 1596 414 1637; x_wconf 84' lang='lat' dir='ltr'>omnes</span> <span class='ocrx_word' id='word_1_120' title='bbox 447 1586 756 1654; x_wconf 78' lang='lat' dir='ltr'>praesentes</span> <span class='ocrx_word' id='word_1_121' title='bbox 793 1586 975 1646; x_wconf 90' lang='lat' dir='ltr'>erant,</span> <span class='ocrx_word' id='word_1_122' title='bbox 1017 1581 1071 1635; x_wconf 90' lang='lat' dir='ltr'>in</span> <span class='ocrx_word' id='word_1_123' title='bbox 1104 1581 1402 1637; x_wconf 85' lang='lat' dir='ltr'>custodiam</span> <span class='ocrx_word' id='word_1_124' title='bbox 1435 1580 1804 1637; x_wconf 87' lang='lat' dir='ltr'>traderentur:</span> <span class='ocrx_word' id='word_1_125' title='bbox 1846 1588 1922 1636; x_wconf 84' lang='lat' dir='ltr'>at·</span> 
     </span>
    </p>
   </div>
   <div class='ocr_carea' id='block_1_6' title="bbox 104 1680 1922 1757">
    <p class='ocr_par' dir='ltr' id='par_1_6' title="bbox 3 1648 1922 1757">
     <span class='ocr_line' id='line_1_15' title="bbox 104 1680 1922 1757; baseline 0.003 -17.737"><span class='ocrx_word' id='word_1_126' title='bbox 104 1699 208 1757; x_wconf 83' lang='lat' dir='ltr'>que</span> <span class='ocrx_word' id='word_1_127' title='bbox 256 1682 399 1739; x_wconf 86' lang='lat' dir='ltr'>idem</span> <span class='ocrx_word' id='word_1_128' title='bbox 441 1680 543 1738; x_wconf 78' lang='lat' dir='ltr'>hoc</span> <span class='ocrx_word' id='word_1_129' title='bbox 579 1680 856 1737; x_wconf 86' lang='lat' dir='ltr'>decretum</span> <span class='ocrx_word' id='word_1_130' title='bbox 895 1689 979 1737; x_wconf 89' lang='lat' dir='ltr'>est</span> <span class='ocrx_word' id='word_1_131' title='bbox 1016 1683 1072 1737; x_wconf 87' lang='lat' dir='ltr'>in</span> <span class='ocrx_word' id='word_1_132' title='bbox 1112 1682 1167 1738; x_wconf 92' lang='lat' dir='ltr'><strong>L.</strong></span> <span class='ocrx_word' id='word_1_133' title='bbox 1202 1683 1444 1739; x_wconf 83' lang='lat' dir='ltr'>Cassium</span> <span class='ocrx_word' id='word_1_134' title='bbox 1467 1725 1480 1748; x_wconf 93' lang='lat'><strong><em>‚</em></strong></span> <span class='ocrx_word' id='word_1_135' title='bbox 1529 1683 1624 1756; x_wconf 84' lang='lat' dir='ltr'>qui</span> <span class='ocrx_word' id='word_1_136' title='bbox 1664 1682 1765 1738; x_wconf 91' lang='lat' dir='ltr'>sibi</span> <span class='ocrx_word' id='word_1_137' title='bbox 1806 1698 1922 1756; x_wconf 84' lang='lat' dir='ltr'>pro·</span> 
     </span>
    </p>
   </div>
   <div class='ocr_carea' id='block_1_7' title="bbox 5 1773 1922 1958">
    <p class='ocr_par' dir='ltr' id='par_1_7' title="bbox 5 1773 1922 1958">
     <span class='ocr_line' id='line_1_16' title="bbox 5 1773 1922 1857; baseline -0.001 -16"><span class='ocrx_word' id='word_1_138' title='bbox 5 1773 7 1794; x_wconf 59' lang='lat'>¹</span> <span class='ocrx_word' id='word_1_139' title='bbox 104 1782 435 1842; x_wconf 77' lang='lat' dir='ltr'>curationem</span> <span class='ocrx_word' id='word_1_140' title='bbox 475 1782 836 1839; x_wconf 84' lang='lat' dir='ltr'>incendendae</span> <span class='ocrx_word' id='word_1_141' title='bbox 875 1782 1031 1839; x_wconf 88' lang='lat' dir='ltr'>Urbis</span> <span class='ocrx_word' id='word_1_142' title='bbox 1074 1782 1485 1857; x_wconf 77' lang='lat' dir='ltr'>depoposcerat:</span> <span class='ocrx_word' id='word_1_143' title='bbox 1524 1785 1582 1841; x_wconf 91' lang='lat' dir='ltr'>in</span> <span class='ocrx_word' id='word_1_144' title='bbox 1622 1784 1688 1839; x_wconf 71' lang='lat' dir='ltr'><strong>M.</strong></span> <span class='ocrx_word' id='word_1_145' title='bbox 1728 1784 1922 1857; x_wconf 84' lang='lat' dir='ltr'>Caepa-</span> 
     </span>
     <span class='ocr_line' id='line_1_17' title="bbox 8 1883 1921 1958; baseline -0.003 -12"><span class='ocrx_word' id='word_1_146' title='bbox 8 1943 9 1946; x_wconf 74' lang='grc'>,</span> <span class='ocrx_word' id='word_1_147' title='bbox 105 1886 247 1942; x_wconf 84' lang='lat' dir='ltr'>rium</span> <span class='ocrx_word' id='word_1_148' title='bbox 268 1927 282 1951; x_wconf 89' lang='lat'>,</span> <span class='ocrx_word' id='word_1_149' title='bbox 333 1886 423 1941; x_wconf 87' lang='lat' dir='ltr'>cui</span> <span class='ocrx_word' id='word_1_150' title='bbox 460 1883 528 1942; x_wconf 80' lang='lat' dir='ltr'>ad</span> <span class='ocrx_word' id='word_1_151' title='bbox 566 1883 927 1944; x_wconf 82' lang='lat' dir='ltr'>sollicitandos</span> <span class='ocrx_word' id='word_1_152' title='bbox 963 1891 1204 1958; x_wconf 83' lang='lat' dir='ltr'>pastores</span> <span class='ocrx_word' id='word_1_153' title='bbox 1244 1885 1491 1958; x_wconf 73' lang='lat' dir='ltr'>Apuliam</span> <span class='ocrx_word' id='word_1_154' title='bbox 1540 1902 1657 1942; x_wconf 87' lang='lat' dir='ltr'>esse</span> <span class='ocrx_word' id='word_1_155' title='bbox 1695 1886 1921 1941; x_wconf 86' lang='lat' dir='ltr'>attribu·</span> 
     </span>
    </p>
   </div>
   <div class='ocr_carea' id='block_1_8' title="bbox 0 1569 38 3990">
    <p class='ocr_par' dir='ltr' id='par_1_8' title="bbox 0 1569 38 3990">
     <span class='ocr_line' id='line_1_18' title="bbox 0 1569 38 3990; baseline 0 0"><span class='ocrx_word' id='word_1_156' title='bbox 0 1569 38 3990; x_wconf 95' lang='lat' dir='ltr'> </span> 
     </span>
    </p>
   </div>
   <div class='ocr_carea' id='block_1_9' title="bbox 35 1983 1923 3569">
    <p class='ocr_par' dir='ltr' id='par_1_9' title="bbox 35 1983 1923 3569">
     <span class='ocr_line' id='line_1_19' title="bbox 73 1983 1920 2059; baseline 0 -17"><span class='ocrx_word' id='word_1_157' title='bbox 73 2011 76 2015; x_wconf 54' lang='grc'><strong><em>&gt;</em></strong></span> <span class='ocrx_word' id='word_1_158' title='bbox 106 1994 247 2052; x_wconf 74' lang='lat' dir='ltr'>tam,</span> <span class='ocrx_word' id='word_1_159' title='bbox 283 1991 402 2041; x_wconf 82' lang='lat' dir='ltr'>erat</span> <span class='ocrx_word' id='word_1_160' title='bbox 433 1983 753 2041; x_wconf 89' lang='lat' dir='ltr'>indicatum:</span> <span class='ocrx_word' id='word_1_161' title='bbox 796 1985 851 2040; x_wconf 87' lang='lat' dir='ltr'>in</span> <span class='ocrx_word' id='word_1_162' title='bbox 885 1985 940 2039; x_wconf 81' lang='grc' dir='ltr'>Ρ.</span> <span class='ocrx_word' id='word_1_163' title='bbox 964 1985 1215 2051; x_wconf 84' lang='lat' dir='ltr'>Furium,</span> <span class='ocrx_word' id='word_1_164' title='bbox 1253 1986 1348 2059; x_wconf 87' lang='lat' dir='ltr'>qui</span> <span class='ocrx_word' id='word_1_165' title='bbox 1378 2003 1445 2041; x_wconf 78' lang='lat' dir='ltr'>ex</span> <span class='ocrx_word' id='word_1_166' title='bbox 1467 1987 1535 2041; x_wconf 90' lang='lat' dir='ltr'>iis</span> <span class='ocrx_word' id='word_1_167' title='bbox 1553 1985 1756 2042; x_wconf 89' lang='lat' dir='ltr'>colonis</span> <span class='ocrx_word' id='word_1_168' title='bbox 1775 1993 1920 2051; x_wconf 85' lang='lat' dir='ltr'>erat,</span> 
     </span>
     <span class='ocr_line' id='line_1_20' title="bbox 104 2085 1922 2160; baseline -0.001 -17"><span class='ocrx_word' id='word_1_169' title='bbox 104 2102 238 2160; x_wconf 85' lang='lat' dir='ltr'>quos</span> <span class='ocrx_word' id='word_1_170' title='bbox 273 2086 527 2144; x_wconf 62' lang='lat' dir='ltr'>Faesulas</span> <span class='ocrx_word' id='word_1_171' title='bbox 565 2086 621 2141; x_wconf 91' lang='lat' dir='ltr'><strong>L.</strong></span> <span class='ocrx_word' id='word_1_172' title='bbox 658 2085 805 2142; x_wconf 89' lang='lat' dir='ltr'>Sulla</span> <span class='ocrx_word' id='word_1_173' title='bbox 843 2085 1092 2141; x_wconf 86' lang='lat' dir='ltr'>deduxit:</span> <span class='ocrx_word' id='word_1_174' title='bbox 1134 2087 1190 2141; x_wconf 90' lang='lat' dir='ltr'>in</span> <span class='ocrx_word' id='word_1_175' title='bbox 1230 2086 1289 2155; x_wconf 88' lang='lat' dir='ltr'>Q.</span> <span class='ocrx_word' id='word_1_176' title='bbox 1325 2086 1579 2142; x_wconf 81' lang='lat' dir='ltr'>Manlium</span> <span class='ocrx_word' id='word_1_177' title='bbox 1619 2087 1922 2152; x_wconf 84' lang='lat' dir='ltr'>Chilonem,</span> 
     </span>
     <span class='ocr_line' id='line_1_21' title="bbox 104 2184 1921 2260; baseline 0 -18"><span class='ocrx_word' id='word_1_178' title='bbox 104 2187 198 2260; x_wconf 85' lang='lat' dir='ltr'>qui</span> <span class='ocrx_word' id='word_1_179' title='bbox 241 2201 350 2244; x_wconf 82' lang='lat' dir='ltr'>una</span> <span class='ocrx_word' id='word_1_180' title='bbox 398 2201 524 2242; x_wconf 86' lang='lat' dir='ltr'>oum</span> <span class='ocrx_word' id='word_1_181' title='bbox 557 2184 662 2240; x_wconf 80' lang='lat' dir='ltr'>hoc</span> <span class='ocrx_word' id='word_1_182' title='bbox 712 2184 876 2241; x_wconf 79' lang='lat' dir='ltr'>Furio</span> <span class='ocrx_word' id='word_1_183' title='bbox 926 2202 1137 2258; x_wconf 88' lang='lat' dir='ltr'>semper</span> <span class='ocrx_word' id='word_1_184' title='bbox 1180 2192 1297 2241; x_wconf 88' lang='lat' dir='ltr'>erat</span> <span class='ocrx_word' id='word_1_185' title='bbox 1335 2186 1391 2241; x_wconf 91' lang='lat' dir='ltr'>in</span> <span class='ocrx_word' id='word_1_186' title='bbox 1439 2185 1540 2241; x_wconf 91' lang='lat' dir='ltr'>hac</span> <span class='ocrx_word' id='word_1_187' title='bbox 1579 2186 1921 2260; x_wconf 76' lang='lat' dir='ltr'>Allobrogum</span> 
     </span>
     <span class='ocr_line' id='line_1_22' title="bbox 102 2286 1920 2351; baseline 0.001 -8"><span class='ocrx_word' id='word_1_188' title='bbox 102 2286 485 2344; x_wconf 78' lang='lat' dir='ltr'>sollicitatione</span> <span class='ocrx_word' id='word_1_189' title='bbox 508 2288 788 2342; x_wconf 75' lang='lat' dir='ltr'>versatus:</span> <span class='ocrx_word' id='word_1_190' title='bbox 830 2287 903 2342; x_wconf 91' lang='lat' dir='ltr'>in.</span> <span class='ocrx_word' id='word_1_191' title='bbox 919 2287 974 2341; x_wconf 87' lang='lat' dir='ltr'>P.</span> <span class='ocrx_word' id='word_1_192' title='bbox 1000 2286 1327 2342; x_wconf 84' lang='lat' dir='ltr'>Umbrenum</span> <span class='ocrx_word' id='word_1_193' title='bbox 1348 2328 1363 2351; x_wconf 91' lang='lat'>,</span> <span class='ocrx_word' id='word_1_194' title='bbox 1402 2286 1713 2343; x_wconf 87' lang='lat' dir='ltr'>libertinum</span> <span class='ocrx_word' id='word_1_195' title='bbox 1753 2288 1920 2345; x_wconf 86' lang='lat' dir='ltr'>bomi-</span> 
     </span>
     <span class='ocr_line' id='line_1_23' title="bbox 107 2385 1923 2459; baseline 0.002 -17"><span class='ocrx_word' id='word_1_196' title='bbox 107 2400 230 2444; x_wconf 86' lang='lat' dir='ltr'>nem</span> <span class='ocrx_word' id='word_1_197' title='bbox 249 2421 266 2452; x_wconf 75' lang='lat'>,</span> <span class='ocrx_word' id='word_1_198' title='bbox 308 2403 343 2442; x_wconf 92' lang='lat' dir='ltr'>a</span> <span class='ocrx_word' id='word_1_199' title='bbox 378 2401 487 2459; x_wconf 84' lang='lat' dir='ltr'>quo</span> <span class='ocrx_word' id='word_1_200' title='bbox 515 2386 759 2459; x_wconf 77' lang='lat' dir='ltr'>primum</span> <span class='ocrx_word' id='word_1_201' title='bbox 800 2385 978 2442; x_wconf 79' lang='lat' dir='ltr'>Gallos</span> <span class='ocrx_word' id='word_1_202' title='bbox 1029 2385 1096 2443; x_wconf 88' lang='lat' dir='ltr'>ad</span> <span class='ocrx_word' id='word_1_203' title='bbox 1135 2385 1420 2442; x_wconf 80' lang='lat' dir='ltr'>Gabinium</span> <span class='ocrx_word' id='word_1_204' title='bbox 1472 2386 1757 2459; x_wconf 88' lang='lat' dir='ltr'>perductos</span> <span class='ocrx_word' id='word_1_205' title='bbox 1807 2405 1923 2446; x_wconf 86' lang='lat' dir='ltr'>esse</span> 
     </span>
     <span class='ocr_line' id='line_1_24' title="bbox 35 2485 1922 2559; baseline 0.002 -17"><span class='ocrx_word' id='word_1_206' title='bbox 35 2488 37 2491; x_wconf 77' lang='grc'>’</span> <span class='ocrx_word' id='word_1_207' title='bbox 105 2485 398 2548; x_wconf 71' lang='lat' dir='ltr'>constabat.</span> <span class='ocrx_word' id='word_1_208' title='bbox 444 2494 447 2502; x_wconf 87' lang='grc'><strong>“</strong></span> <span class='ocrx_word' id='word_1_209' title='bbox 475 2485 652 2559; x_wconf 75' lang='lat' dir='ltr'>Atque</span> <span class='ocrx_word' id='word_1_210' title='bbox 679 2502 744 2541; x_wconf 86' lang='lat' dir='ltr'>ea</span> <span class='ocrx_word' id='word_1_211' title='bbox 777 2485 998 2542; x_wconf 85' lang='lat' dir='ltr'>lenitate</span> <span class='ocrx_word' id='word_1_212' title='bbox 1017 2491 1236 2541; x_wconf 87' lang='lat' dir='ltr'>senatus</span> <span class='ocrx_word' id='word_1_213' title='bbox 1269 2502 1400 2541; x_wconf 89' lang='lat' dir='ltr'>usus</span> <span class='ocrx_word' id='word_1_214' title='bbox 1429 2492 1542 2551; x_wconf 91' lang='lat' dir='ltr'>est,</span> <span class='ocrx_word' id='word_1_215' title='bbox 1580 2492 1643 2542; x_wconf 89' lang='lat' dir='ltr'>ut</span> <span class='ocrx_word' id='word_1_216' title='bbox 1673 2504 1739 2543; x_wconf 87' lang='lat' dir='ltr'>ex</span> <span class='ocrx_word' id='word_1_217' title='bbox 1771 2494 1922 2546; x_wconf 85' lang='lat' dir='ltr'>tanta</span> 
     </span>
     <span class='ocr_line' id='line_1_25' title="bbox 102 2585 1923 2659; baseline 0.002 -16"><span class='ocrx_word' id='word_1_218' title='bbox 102 2586 468 2643; x_wconf 78' lang='lat' dir='ltr'>coniuratione</span> <span class='ocrx_word' id='word_1_219' title='bbox 499 2592 755 2659; x_wconf 84' lang='lat' dir='ltr'>tantaque</span> <span class='ocrx_word' id='word_1_220' title='bbox 791 2586 844 2641; x_wconf 90' lang='lat' dir='ltr'>vi</span> <span class='ocrx_word' id='word_1_221' title='bbox 889 2602 955 2642; x_wconf 89' lang='lat' dir='ltr'>ac</span> <span class='ocrx_word' id='word_1_222' title='bbox 991 2585 1340 2641; x_wconf 87' lang='lat' dir='ltr'>multitudine</span> <span class='ocrx_word' id='word_1_223' title='bbox 1377 2585 1792 2645; x_wconf 85' lang='lat' dir='ltr'>domesticorum</span> <span class='ocrx_word' id='word_1_224' title='bbox 1833 2590 1923 2646; x_wconf 86' lang='lat' dir='ltr'>ho·</span> 
     </span>
     <span class='ocr_line' id='line_1_26' title="bbox 101 2685 1920 2761; baseline 0.002 -18"><span class='ocrx_word' id='word_1_225' title='bbox 101 2687 267 2743; x_wconf 84' lang='lat' dir='ltr'>stium</span> <span class='ocrx_word' id='word_1_226' title='bbox 288 2728 303 2753; x_wconf 92' lang='lat'>,</span> <span class='ocrx_word' id='word_1_227' title='bbox 348 2701 539 2743; x_wconf 75' lang='lat' dir='ltr'>novem</span> <span class='ocrx_word' id='word_1_228' title='bbox 590 2685 868 2742; x_wconf 85' lang='lat' dir='ltr'>hominum</span> <span class='ocrx_word' id='word_1_229' title='bbox 916 2686 1402 2760; x_wconf 90' lang='lat' dir='ltr'>perditissimorum</span> <span class='ocrx_word' id='word_1_230' title='bbox 1441 2702 1610 2760; x_wconf 83' lang='lat' dir='ltr'>poena</span> <span class='ocrx_word' id='word_1_231' title='bbox 1647 2690 1920 2761; x_wconf 84' lang='lat' dir='ltr'>republica</span> 
     </span>
     <span class='ocr_line' id='line_1_27' title="bbox 102 2787 1916 2861; baseline 0.002 -17"><span class='ocrx_word' id='word_1_232' title='bbox 102 2794 412 2844; x_wconf 80' lang='lat' dir='ltr'>conservata</span> <span class='ocrx_word' id='word_1_233' title='bbox 430 2828 446 2854; x_wconf 93' lang='lat'>,</span> <span class='ocrx_word' id='word_1_234' title='bbox 503 2788 834 2861; x_wconf 84' lang='lat' dir='ltr'>reliquorum</span> <span class='ocrx_word' id='word_1_235' title='bbox 877 2794 1085 2844; x_wconf 88' lang='lat' dir='ltr'>mentes</span> <span class='ocrx_word' id='word_1_236' title='bbox 1135 2787 1314 2843; x_wconf 87' lang='lat' dir='ltr'>sanari</span> <span class='ocrx_word' id='word_1_237' title='bbox 1353 2804 1506 2860; x_wconf 90' lang='lat' dir='ltr'>posse</span> <span class='ocrx_word' id='word_1_238' title='bbox 1543 2789 1916 2847; x_wconf 84' lang='lat' dir='ltr'>arbitraretur.</span> 
     </span>
     <span class='ocr_line' id='line_1_28' title="bbox 103 2883 1918 2964; baseline 0.003 -21"><span class='ocrx_word' id='word_1_239' title='bbox 103 2889 408 2962; x_wconf 39' lang='lat' dir='ltr'>ausique</span> <span class='ocrx_word' id='word_1_240' title='bbox 444 2888 608 2945; x_wconf 82' lang='lat' dir='ltr'>etiam</span> <span class='ocrx_word' id='word_1_241' title='bbox 659 2890 977 2963; x_wconf 88' lang='lat' dir='ltr'>supplicatio</span> <span class='ocrx_word' id='word_1_242' title='bbox 1015 2889 1120 2944; x_wconf 89' lang='lat' dir='ltr'>diis</span> <span class='ocrx_word' id='word_1_243' title='bbox 1159 2888 1554 2946; x_wconf 88' lang='lat' dir='ltr'>immortalibus</span> <span class='ocrx_word' id='word_1_244' title='bbox 1602 2883 1700 2963; x_wconf 86' lang='lat' dir='ltr'>pro</span> <span class='ocrx_word' id='word_1_245' title='bbox 1735 2894 1918 2964; x_wconf 84' lang='lat' dir='ltr'>singu-</span> 
     </span>
     <span class='ocr_line' id='line_1_29' title="bbox 102 2989 1918 3064; baseline 0.002 -18"><span class='ocrx_word' id='word_1_246' title='bbox 102 2989 204 3046; x_wconf 91' lang='lat' dir='ltr'>lari</span> <span class='ocrx_word' id='word_1_247' title='bbox 253 3005 440 3046; x_wconf 87' lang='lat' dir='ltr'>eorum</span> <span class='ocrx_word' id='word_1_248' title='bbox 494 2990 688 3047; x_wconf 85' lang='lat' dir='ltr'>merito</span> <span class='ocrx_word' id='word_1_249' title='bbox 738 3007 857 3047; x_wconf 85' lang='lat' dir='ltr'>meo</span> <span class='ocrx_word' id='word_1_250' title='bbox 902 2991 1116 3049; x_wconf 88' lang='lat' dir='ltr'>nomine</span> <span class='ocrx_word' id='word_1_251' title='bbox 1166 2991 1382 3046; x_wconf 88' lang='lat' dir='ltr'>decreta</span> <span class='ocrx_word' id='word_1_252' title='bbox 1419 2996 1533 3046; x_wconf 91' lang='lat' dir='ltr'>est:</span> <span class='ocrx_word' id='word_1_253' title='bbox 1591 2991 1734 3064; x_wconf 83' lang='lat' dir='ltr'>quod</span> <span class='ocrx_word' id='word_1_254' title='bbox 1785 2994 1918 3050; x_wconf 89' lang='lat' dir='ltr'>mihi</span> 
     </span>
     <span class='ocr_line' id='line_1_30' title="bbox 76 3071 1919 3163; baseline 0.003 -19"><span class='ocrx_word' id='word_1_255' title='bbox 76 3071 339 3162; x_wconf 28' lang='lat' dir='ltr'>&#39;primum</span> <span class='ocrx_word' id='word_1_256' title='bbox 374 3096 495 3163; x_wconf 88' lang='lat' dir='ltr'>post</span> <span class='ocrx_word' id='word_1_257' title='bbox 529 3090 668 3146; x_wconf 88' lang='lat' dir='ltr'>hanc</span> <span class='ocrx_word' id='word_1_258' title='bbox 701 3091 890 3147; x_wconf 89' lang='lat' dir='ltr'>urbem</span> <span class='ocrx_word' id='word_1_259' title='bbox 921 3091 1191 3147; x_wconf 86' lang='lat' dir='ltr'>conditam</span> <span class='ocrx_word' id='word_1_260' title='bbox 1223 3097 1405 3163; x_wconf 84' lang='lat' dir='ltr'>togato</span> <span class='ocrx_word' id='word_1_261' title='bbox 1442 3091 1702 3162; x_wconf 86' lang='lat' dir='ltr'>contigit:</span> <span class='ocrx_word' id='word_1_262' title='bbox 1741 3099 1796 3148; x_wconf 89' lang='lat' dir='ltr'>et</span> <span class='ocrx_word' id='word_1_263' title='bbox 1832 3093 1919 3151; x_wconf 86' lang='lat' dir='ltr'>his</span> 
     </span>
     <span class='ocr_line' id='line_1_31' title="bbox 106 3189 1916 3264; baseline 0.003 -18"><span class='ocrx_word' id='word_1_264' title='bbox 106 3189 317 3246; x_wconf 84' lang='lat' dir='ltr'>decreta</span> <span class='ocrx_word' id='word_1_265' title='bbox 344 3190 525 3264; x_wconf 72' lang='lat' dir='ltr'>verbis</span> <span class='ocrx_word' id='word_1_266' title='bbox 569 3197 685 3257; x_wconf 87' lang='lat' dir='ltr'>est,</span> <span class='ocrx_word' id='word_1_267' title='bbox 725 3209 853 3255; x_wconf 79' lang='lat' dir='ltr'>ouon</span> <span class='ocrx_word' id='word_1_268' title='bbox 891 3209 1053 3247; x_wconf 69' lang='lat' dir='ltr'>unam</span> <span class='ocrx_word' id='word_1_269' title='bbox 1092 3209 1335 3248; x_wconf 62' lang='lat' dir='ltr'>{acaunus</span> <span class='ocrx_word' id='word_1_270' title='bbox 1353 3234 1367 3256; x_wconf 93' lang='lat'>‚</span> <span class='ocrx_word' id='word_1_271' title='bbox 1406 3209 1562 3246; x_wconf 65' lang='lat' dir='ltr'>cuns</span> <span class='ocrx_word' id='word_1_272' title='bbox 1597 3209 1741 3248; x_wconf 72' lang='lat' dir='ltr'>cives</span> <span class='ocrx_word' id='word_1_273' title='bbox 1758 3236 1773 3259; x_wconf 93' lang='lat'>,</span> <span class='ocrx_word' id='word_1_274' title='bbox 1813 3211 1916 3251; x_wconf 65' lang='lat' dir='ltr'>nu-</span> 
     </span>
     <span class='ocr_line' id='line_1_32' title="bbox 104 3292 1920 3365; baseline 0.004 -21"><span class='ocrx_word' id='word_1_275' title='bbox 104 3306 222 3345; x_wconf 72' lang='lat' dir='ltr'>um</span> <span class='ocrx_word' id='word_1_276' title='bbox 271 3307 448 3346; x_wconf 14' lang='lat' dir='ltr'>nanto?</span> <span class='ocrx_word' id='word_1_277' title='bbox 480 3308 794 3347; x_wconf 60' lang='lat' dir='ltr'>mannassen.</span> <span class='ocrx_word' id='word_1_278' title='bbox 886 3292 1032 3360; x_wconf 84' lang='lat' dir='ltr'>Quae</span> <span class='ocrx_word' id='word_1_279' title='bbox 1083 3292 1401 3365; x_wconf 88' lang='lat' dir='ltr'>supplicatio</span> <span class='ocrx_word' id='word_1_280' title='bbox 1452 3292 1498 3345; x_wconf 88' lang='lat' dir='ltr'>si</span> <span class='ocrx_word' id='word_1_281' title='bbox 1544 3309 1669 3347; x_wconf 89' lang='lat' dir='ltr'>cum</span> <span class='ocrx_word' id='word_1_282' title='bbox 1726 3297 1920 3352; x_wconf 89' lang='lat' dir='ltr'>ceteris</span> 
     </span>
     <span class='ocr_line' id='line_1_33' title="bbox 105 3387 1918 3464; baseline 0.004 -21"><span class='ocrx_word' id='word_1_283' title='bbox 105 3387 459 3457; x_wconf 65' lang='lat' dir='ltr'>conferatur„</span> <span class='ocrx_word' id='word_1_284' title='bbox 496 3390 594 3446; x_wconf 82' lang='lat' dir='ltr'>hoc</span> <span class='ocrx_word' id='word_1_285' title='bbox 633 3392 882 3456; x_wconf 88' lang='lat' dir='ltr'>intersit,</span> <span class='ocrx_word' id='word_1_286' title='bbox 935 3392 1074 3464; x_wconf 90' lang='lat' dir='ltr'>quod</span> <span class='ocrx_word' id='word_1_287' title='bbox 1123 3399 1330 3447; x_wconf 87' lang='lat' dir='ltr'>ceterae</span> <span class='ocrx_word' id='word_1_288' title='bbox 1369 3391 1501 3447; x_wconf 90' lang='lat' dir='ltr'>bene</span> <span class='ocrx_word' id='word_1_289' title='bbox 1546 3400 1730 3464; x_wconf 84' lang='lat' dir='ltr'>gesta,</span> <span class='ocrx_word' id='word_1_290' title='bbox 1790 3396 1918 3452; x_wconf 87' lang='lat' dir='ltr'>haec</span> 
     </span>
     <span class='ocr_line' id='line_1_34' title="bbox 106 3480 1916 3569; baseline 0.004 -25"><span class='ocrx_word' id='word_1_291' title='bbox 106 3505 211 3544; x_wconf 86' lang='lat' dir='ltr'>una</span> <span class='ocrx_word' id='word_1_292' title='bbox 251 3498 559 3549; x_wconf 85' lang='lat' dir='ltr'>conservata</span> <span class='ocrx_word' id='word_1_293' title='bbox 599 3492 870 3566; x_wconf 85' lang='lat' dir='ltr'>republica</span> <span class='ocrx_word' id='word_1_294' title='bbox 910 3495 1202 3550; x_wconf 86' lang='lat' dir='ltr'>constituta</span> <span class='ocrx_word' id='word_1_295' title='bbox 1241 3500 1336 3548; x_wconf 87' lang='lat' dir='ltr'>est.</span> <span class='ocrx_word' id='word_1_296' title='bbox 1419 3498 1505 3551; x_wconf 88' lang='lat'><strong>81.</strong></span> <span class='ocrx_word' id='word_1_297' title='bbox 1549 3495 1722 3569; x_wconf 84' lang='lat' dir='ltr'>Atque</span> <span class='ocrx_word' id='word_1_298' title='bbox 1756 3480 1916 3561; x_wconf 84' lang='lat' dir='ltr'>illud,</span> 
     </span>
    </p>
   </div>
  </div>
 </body>
</html>
