2150 3990
583 219 720 273 nv.
763 236 808 271 ο.
834 217 923 273 111.
967 217 1062 291 §5
1102 249 1177 257 --
1215 235 1261 270 ο.
1288 217 1347 269 ν.
1391 218 1503 290 §a
1887 221 1988 271 199

156 369 320 442 Epiro
339 385 540 434 essem,
560 369 805 425 voluntas
826 367 958 424 mihi
987 367 1138 423 valde
1168 374 1324 439 grata
1356 374 1474 424 erat
1500 367 1662 424 huius
1681 374 1736 422 et
1757 370 1979 424 minime

157 486 321 535 nova,
342 468 454 524 sed
493 474 555 523 ut
587 467 871 525 consilium
902 467 1037 523 mihi
1066 466 1286 540 quidem
1318 473 1592 539 optatum,
1631 467 1677 521 si
1699 466 1885 522 liceret
1907 469 1978 522 ibi

153 574 557 640 omnetempus
581 567 922 625 consumere:
963 568 1179 624 oderam
1210 568 1357 623 enim
1383 567 1778 629 celebritatem;
1812 565 1977 639 fugie-

152 669 276 725 bam
315 667 586 732 hminem
636 669 813 725 lucem
853 670 1090 743 aspicere
1126 670 1217 723 vix
1256 675 1529 742 poteram:
1593 668 1806 743 (suisset
1843 669 1977 724 mihi

152 768 258 823 ieta
293 766 527 822 solitudo
547 809 561 831 ,
601 770 919 841 praesertim
957 776 1070 826 tam
1102 769 1356 825 familiari
1391 770 1446 824 in
1486 764 1602 824 loco
1622 810 1637 834 ,
1689 785 1794 824 non
1834 785 1976 824 ama-

151 866 234 941 ra)
294 867 372 924 sic
422 869 636 925 itineris
676 885 868 926 caussa
907 877 969 927 ut
1019 869 1351 927 deverteram
1373 912 1388 936 ‚
1440 872 1676 944 primum
1729 878 1847 926 erat
1890 871 1976 926 de-

150 969 336 1033 vium-3
374 969 567 1026 deinde
605 971 672 1027 ab
710 973 971 1028 Autronio
1001 980 1057 1030 et
1087 974 1284 1029 ceteris
1322 973 1615 1046 quatridui.
1697 977 1748 1028 8.
1790 972 1973 1042 Quod¹

150 1077 333 1126 autem
360 1086 448 1127 me
479 1070 549 1126 ad
585 1071 753 1128 vitam
781 1073 1039 1140 vocabat,
1079 1088 1249 1129 unum
1289 1071 1464 1130 effecit
1486 1103 1521 1139 ,ι
1554 1079 1616 1128 ut
1657 1088 1693 1128 a
1731 1089 1819 1128 me
1867 1089 1977 1129 ma·

150 1185 262 1226 nus·
299 1171 651 1236 abstinerem;
703 1175 935 1230 alterum
972 1190 1080 1230 non
1122 1176 1336 1247 potuit,
1394 1182 1457 1230 ut
1507 1190 1595 1231 me
1645 1187 1751 1229 non
1808 1174 1979 1229 nostri

149 1270 360 1326 consilii
399 1272 648 1344 vitaeque
674 1274 988 1343 poeniteret.
1069 1271 1211 1340 Quid
1244 1274 1389 1327 enim
1415 1279 1562 1337 crat,
1593 1273 1736 1344 quod
1773 1287 1861 1327 mc
1900 1287 1979 1327 re-

147 1370 377 1435 tineret,
417 1368 746 1444 praesertim
785 1372 832 1425 si
871 1385 993 1444 spes
1029 1386 1093 1427 ea
1132 1373 1236 1426 non
1276 1379 1423 1437 erat,
1473 1384 1612 1444 quae
1645 1389 1741 1427 nos
1774 1371 1981 1444 protici-

146 1461 357 1528 sce'nt'es
381 1466 845 1546 piumquehatur?
918 1467 1038 1527 ‘Non
1067 1472 1261 1527 faciem
1276 1514 1291 1538 ,
1318 1472 1381 1528 ut
1400 1486 1712 1529 enumerem
1735 1474 1980 1529 miserias

147 1587 357 1638 omnes,
409 1573 465 1627 in
497 1588 633 1645 quas
666 1571 965 1628 incideram
1004 1588 1101 1645 per
1138 1588 1406 1627 summam
1441 1573 1698 1628 iniuriam
1721 1614 1735 1638 ,
1772 1581 1827 1629 et
1865 1590 1978 1630 sce·

146 1670 366 1727 lusnon
403 1677 517 1728 tam
551 1673 898 1728 inimicorum
919 1689 1194 1738 meorum,
1233 1689 1397 1744 quam
1438 1673 1743 1729 invidorum
1767 1717 1781 1737 ,
1822 1691 1888 1729 ne
1926 1682 1981 1729 et

145 1766 961 1844 mammaemrem‘ex'agitem
990 1778 1049 1828 et
1086 1767 1220 1828 alios
1259 1774 1315 1828 in
1351 1773 1606 1829 eumdem
1647 1774 1857 1829 luctum
1893 1792 1977 1830 vo·

145 1870 285 1933 bem:
318 1869 428 1928 Hoc
453 1871 663 1930 affirmo
683 1914 699 1938 ,
733 1874 1005 1928 neminem
1039 1886 1300 1946 umquam
1338 1880 1490 1930 tanta
1515 1874 1823 1930 calamitate
1860 1889 1978 1932 esse

142 1969 398 2029 affectum
417 1974 672 2040 ,memini
693 1978 922 2030 mortem
943 1975 1120 2047 magis
1145 1974 1435 2048 optandam
1465 1974 1663 2038 fuisse:
1690 1977 1849 2031 cuius
1886 1994 1974 2050 op-

146 2073 406 2147 petendae
436 2073 651 2148 tempus
702 2073 1142 2132 honestissimum
1182 2073 1627 2147 praetermissum
1664 2083 1799 2131 erat.
1879 2077 1977 2132 Re·

146 2174 305 2246 liqna·
328 2180 713 2247 temptum-non
745 2182 902 2230 erant
935 2176 1043 2230 iam
1081 2174 1151 2229 ad
1187 2174 1545 2239 medicinam,
1583 2174 1676 2230 sed
1714 2175 1782 2230 ad
1818 2176 1976 2234 finem

147 2275 383 2337 dolutis..
410 2278 414 2285 “
446 2298 452 2302 ·
775 2292 780 2297 ·

199 2471 412 2534 ‘'Va-vv&
453 2473 631 2532 Veni²
675 2475 846 2548 igitur
889 2474 1267 2540 Brundisium,
1320 2473 1402 2530 vel
1438 2475 1619 2547 potius
1658 2476 1724 2532 ad
1762 2483 1973 2536 moenia

141 2580 360 2637 accessi.
439 2578 638 2636 Urbem
677 2592 842 2634 unam
879 2578 1016 2633 mihi
1064 2576 1448 2634 amicissimam
1489 2576 1788 2645 declinavi,
1834 2598 1975 2652 quae

141 2696 198 2738 se
242 2681 325 2738 vel
361 2681 546 2755 potius
593 2680 871 2745 exscindi,
912 2696 1099 2752 quam,
1149 2696 1182 2735 e
1214 2696 1313 2734 suo
1363 2678 1643 2751 complexu
1684 2687 1746 2735 ut
1802 2683 1971 2754 cripe-

29 2806 33 2814 ·
141 2792 266 2847 rer,
293 2776 461 2837 'facile
497 2785 791 2853 pateretur.
871 2780 933 2834 In
966 2780 1148 2835 hortos
1186 2794 1273 2833 me
1301 2779 1368 2833 M.
1409 2776 1592 2833 Laenii
1631 2780 1810 2836 Flacci
1850 2800 1972 2837 con-

143 2880 279 2938 tuli-t
306 2883 782 2955 cui-quumomnis
814 2888 1015 2948 mctuS,
1049 2881 1340 2954 publicatio
1362 2881 1622 2935 honorum
1642 2924 1657 2946 ‚
1689 2883 1971 2949 exsilium,

143 2990 756 3056 mors'pr'oponerctur,
795 2983 927 3038 haec
966 2984 1208 3056 perpeti,
1262 2984 1307 3037 si
1361 2983 1695 3046 acciderent,
1748 2984 1969 3050 maluit,

141 3099 305 3158 quam
336 3085 638 3139 'custodiam
670 3085 777 3139 mei
804 3085 996 3156 capitis
1028 3084 1319 3138 dimittere.
1400 3084 1533 3136 Hic⁸
1566 3084 1711 3137 enim
1732 3085 1816 3137 vir
1835 3087 1967 3157 opti-

144 3203 265 3242 mus
308 3185 608 3258 periculum
651 3185 990 3239 fortunarum
1025 3191 1078 3239 et
1117 3184 1309 3256 capitis
1355 3183 1438 3236 sui
1473 3199 1600 3253 prae
1632 3200 1750 3239 mea
1797 3186 1968 3242 salute

204 3446 243 3502 ¹)
273 3438 385 3489 ibid.
418 3444 502 3500 §2
537 3467 597 3476 —-
628 3445 669 3500 2)
689 3457 762 3502 pro
795 3441 963 3486 Plancio
987 3456 1022 3486 c.
1058 3444 1129 3485 41.
1163 3443 1187 3498 §
1224 3443 1295 3484 97.
1331 3464 1387 3472 —-
1422 3440 1463 3499 ⁵)
1482 3439 1614 3501 Epist.
1639 3440 1692 3485 ad
1717 3443 1960 3489 'l‘creutiam

144 3522 367 3580 (ad'Fam.
403 3524 512 3567 xlv.
545 3525 586 3565 4.
617 3523 640 3579 ᾗ
675 3523 739 3577 2.)
