2158 4030
479 226 534 279 L.
559 225 596 278 1.
641 243 685 278 c.
711 225 844 280 xvi.
889 223 928 296 g
953 228 1023 279 48
1055 256 1130 264 —
1162 243 1207 278 c.
1233 225 1392 281 xvll.
1436 225 1476 297 S
1502 231 1587 280 52.
1857 231 1926 281 25

109 381 190 429 est
228 375 402 430 omnis
445 374 736 446 antiquitas
768 373 1239 446 exemplorumque
1279 374 1387 436 vis;
1446 390 1618 445 ncquc
1650 374 1830 445 legum
1863 393 1925 431 ac

109 475 244 531 iuris
276 474 449 531 civilis
481 475 704 531 scientia
743 473 1058 546 negligenda
1091 480 1190 529 est.
1271 478 1358 528 50.
1401 473 1534 529 Nam
1567 473 1698 546 quid
1730 491 1828 545 ego
1860 474 1927 530 de

108 575 316 631 actione
342 576 457 647 ipsa
490 576 643 648 plura
670 575 880 631 dicam?
921 592 1057 647 quae
1091 581 1239 629 motu
1273 575 1540 647 corporis,
1578 591 1716 647 quae
1742 582 1929 646 gestu,

106 690 245 747 quae
270 675 465 741 .vultu,
516 693 654 750 quae
703 677 849 732 vocis
893 675 1313 732 conformatione
1350 691 1413 730 ac
1445 676 1705 731 varietate
1749 676 1926 731 mode·

106 774 274 831 randa
318 781 428 839 est;
479 792 616 849 quac
653 776 764 833 sola
802 792 898 850 per
940 792 998 832 se
1044 776 1161 849 ipsa
1203 782 1406 849 quanta
1450 776 1552 840 sit,
1604 775 1928 831 histrionum

104 875 236 933 levis
267 892 356 932 ars
387 883 442 933 et
480 894 640 934 scena
678 877 942 940 declarat;
980 878 1035 932 in
1068 893 1176 949 qua
1212 883 1382 949 quum
1415 893 1602 932 omnes
1641 877 1697 932 in
1730 877 1840 932 oris
1872 883 1926 931 et

103 977 249 1032 vocis
293 983 347 1033 et
385 984 564 1034 motus
596 978 957 1035 moderatione
988 977 1288 1043 elaborent,
1327 978 1451 1050 quis
1483 978 1726 1049 ignorat,
1763 994 1924 1050 quam

103 1077 261 1150 pauci
294 1078 405 1133 sint
432 1077 767 1152 fuerintque,
806 1095 940 1152 quos
959 1079 1139 1134 animo
1158 1094 1328 1151 aequo
1347 1083 1590 1150 spectare
1622 1078 1926 1150 possimus?

5 1215 7 1222 „
107 1177 247 1245 Quid
279 1176 454 1234 dicam
487 1179 553 1235 de
585 1179 837 1234 thesauro
869 1192 1053 1235 rerum
1085 1178 1358 1243 omnium,
1396 1177 1698 1232 memoria?
1778 1178 1926 1246 Quae

104 1278 210 1334 nisi
243 1285 425 1334 custos
450 1279 682 1334 inventis
713 1280 1070 1350 cogitatisque
1102 1278 1263 1333 rebus
1296 1284 1351 1331 et
1377 1277 1554 1331 verbis
1580 1277 1927 1342 adhibeatur,

5 1357 7 1376 ζ
105 1375 458 1449 intelligimus
478 1377 657 1432 omnia
670 1418 686 1443 ,
706 1378 920 1433 etiamsi
940 1376 1371 1451 praeclarissima
1391 1376 1594 1432 fuerint
1615 1378 1670 1431 in
1691 1383 1901 1432 oratore
1916 1420 1931 1442 ,

102 1478 360 1553 peritura.
447 1478 804 1547 Quamobrem
842 1479 1031 1534 mirari
1072 1478 1411 1543 desinamus,
1450 1494 1589 1551 quae
1627 1495 1820 1534 caussa
1857 1480 1931 1533 sit

99 1578 465 1653 eloquentium
509 1581 826 1654 paucitatiS,
878 1596 1048 1654 quum
1091 1597 1157 1636 cx
1204 1580 1272 1635 iis
1315 1578 1478 1635 rebus
1516 1580 1786 1636 universis
1824 1579 1926 1635 elo·

4 1663 6 1677 ¹
100 1681 320 1754 quentia
339 1686 576 1748 constet,
602 1681 801 1755 quibus
822 1682 877 1736 in
897 1680 1128 1753 singulis
1151 1679 1425 1737 elaborare
1450 1697 1805 1753 permagnum
1825 1687 1926 1737 est.

176 1881 339 1940 XVII.
419 1871 507 1939 5⁹1.
550 1881 724 1948 Sed1,
763 1882 809 1937 si
843 1882 973 1955 quid
1006 1883 1170 1939 estin
1197 1899 1283 1938 mc
1310 1883 1543 1955 ingenii,
1581 1881 1722 1954 quod
1756 1884 1930 1937 sentio

101 1991 266 2055 quam
297 1982 370 2038 sit
401 1982 657 2054 exiguum
678 2024 693 2048 ,
733 1990 828 2038 aut
867 1984 913 2038 si
946 1999 1053 2056 qua
1084 1984 1399 2039 exercitatio
1437 1982 1687 2047 dicendi,
1729 1983 1783 2037 in
1822 2000 1929 2055 qua

0 2113 6 2157 3,
101 2098 190 2139 me
233 2099 338 2139 non
363 2082 580 2138 *infitior
618 2082 962 2139 mediocriter
992 2100 1110 2139 esse
1147 2090 1452 2148 versatum,
1491 2090 1587 2138 aut
1624 2084 1671 2138 si
1707 2082 1933 2138 huiusce

0 2178 6 2254 „ss
103 2182 188 2237 rei-
216 2183 354 2238 ratio
379 2182 586 2255 aliqua,
625 2181 692 2238 ab
723 2183 1051 2256 optimarum
1085 2183 1288 2238 artium
1321 2182 1518 2237 studiis
1549 2198 1613 2237 ac
1643 2181 1929 2253 disciplina

0 2263 6 2281 '¹
102 2279 368 2353 profecta,
418 2298 450 2338 a
481 2295 602 2355 qua>
618 2299 717 2354 ego
756 2282 965 2338 nullum
1011 2282 1272 2338 confiteor
1309 2282 1503 2338 aetatis
1534 2299 1686 2337 meae
1718 2289 1933 2354 tempus

103 2380 476 2438 abhorruisse:
523 2398 711 2438 earum
755 2399 940 2438 rerum
979 2384 1222 2438 omnium
1255 2382 1339 2437 vel
1380 2383 1436 2436 in
1469 2382 1661 2454 primis
1699 2382 1761 2436 Λ.
1796 2382 1931 2437 Lici·

100 2483 227 2538 nius
259 2482 513 2548 ArchiaS,
551 2483 645 2555 qui
665 2488 687 2522 ²
721 2499 753 2539 a
783 2482 842 2538 1..
876 2483 1067 2539 Crasso
1104 2483 1381 2539 colebatur
1402 2525 1416 2547 ,
1455 2482 1696 2538 fructum
1716 2488 1738 2521 ³
1777 2499 1809 2538 a
1842 2499 1930 2538 mc

102 2587 343 2655 repetere
373 2599 536 2656 prope
567 2600 666 2639 suo
685 2583 803 2640 iure
822 2583 995 2640 debet.
1047 2584 1182 2640 Nam
1215 2584 1390 2657 quoad
1411 2583 1723 2655 longissime
1755 2590 1931 2655 potest

5 2731 7 2735 .
52 2671 55 2678 ’
102 2699 254 2738 mens
278 2698 400 2739 mea
431 2684 699 2757 respicere
729 2685 965 2757 spatium
990 2685 1268 2758 praeteriti
1295 2684 1554 2756 temporis
1585 2690 1640 2738 et
1666 2685 1933 2756 pueritiae

5 2815 7 2818 -
102 2785 416 2840 memoriam
430 2785 699 2841 reeordari
714 2786 987 2851 ultimam,
1003 2786 1127 2842 inde
1142 2802 1312 2858 usque
1332 2791 1596 2856 repetcnS,
1612 2784 1756 2839 hunc
1777 2786 1929 2840 video

102 2883 236 2938 mihi
257 2885 553 2957 principem
573 2892 628 2941 et
652 2886 720 2941 ad
746 2886 1142 2959 suscipiendam
1168 2893 1224 2941 et
1255 2885 1322 2941 ad
1345 2885 1749 2957 ingrediendam
1769 2887 1929 2940 ratio·

6 3014 7 3017 =
102 3002 226 3040 nem
241 2985 433 3067 horum
447 2986 748 3043 studiorum
762 2989 1049 3044 exstitisse.
1092 2993 1180 3044 52.
1210 2988 1313 3056 Qui
1334 2993 1356 3026 ⁴
1383 2994 1444 3042 ut
1458 2988 1696 3059 primum
1716 3003 1781 3040 ex
1802 3004 1927 3058 pue-

104 3087 181 3141 ris
213 3089 476 3153 excessit,
516 3094 677 3160 atque
709 3089 775 3144 ab
808 3090 876 3144 iis
913 3090 1151 3154 artibus,
1191 3088 1387 3161 quibus
1426 3093 1573 3142 aetas
1606 3086 1829 3158 puerilis
1861 3088 1928 3141 ad

105 3186 494 3243 humanitatem
522 3187 801 3244 informari
836 3190 997 3255 solet,
1037 3207 1094 3245 se
1127 3189 1194 3244 ad
1229 3187 1496 3244 scribendi
1531 3187 1771 3241 studium
1805 3206 1926 3242 con-

102 3287 255 3342 tulit:
307 3290 543 3360 primum
584 3291 897 3347 Antiochiae
939 3293 1086 3366 (nam
1119 3292 1193 3346 ibi
1235 3298 1394 3345 natus
1434 3297 1545 3355 est,
1583 3290 1699 3345 loco
1737 3289 1926 3354 nobili,

165 3443 208 3501 ι)
224 3459 297 3503 pro
313 3442 469 3490 Archia
486 3461 520 3491 c.
539 3447 580 3490 1.
602 3447 626 3501 §
646 3449 686 3492 1.
708 3474 762 3481 —
782 3449 821 3506 2)
839 3445 948 3493 lbid.
967 3463 1001 3492 c.
1021 3450 1060 3491 3.
1094 3449 1178 3504 §6.
1201 3474 1256 3482 —
1275 3445 1438 3507 ⁵)1bid.
1458 3462 1494 3492 c.
1518 3450 1556 3493 1.
1583 3448 1667 3506 §1.
1688 3473 1744 3481 —
1759 3449 1801 3507 4)
1819 3445 1926 3492 lbid.

107 3536 144 3566 c.
161 3524 201 3566 3.
235 3522 318 3577 Μ.
700 3529 705 3538 “
