2150 3990
609 236 772 292 1,.νι.
815 235 970 291 0.1v.
1014 236 1111 310 §s
1150 267 1225 278 --
1262 255 1309 289 «ι.
1339 238 1395 291 v.
1438 240 1477 312 g
1508 244 1588 293 ιι.
1902 242 2001 292 241

178 395 271 444 aut
303 389 381 443 rei
417 387 799 444 frumentariae
831 385 1179 461 praefuissem
1202 429 1217 453 ,
1256 394 1351 442 aut
1389 403 1756 461 compressum
1792 387 2005 460 aliquod

178 488 509 545 frumentum
549 495 818 554 tenerem,
857 495 953 544 aut
990 489 1045 543 in
1086 489 1189 544 isto
1226 505 1422 560 genere
1460 490 1678 545 omnino
1709 489 2003 561 quidquam

175 595 270 645 aut
308 590 585 645 curatione
623 595 718 644 aut
758 595 1019 661 potestate
1056 588 1360 644 valuissem.
1441 587 1544 644 Sed
1586 589 1742 643 homo
1781 588 1848 643 ad
1888 606 2002 644 cae-

177 689 298 745 dem
345 688 634 744 imminens
667 706 849 745 meum
883 706 1077 745 nomen
1108 689 1284 762 operis
1316 688 1586 753 ediderat,
1627 690 1894 762 imperitis
1927 690 2004 743 in-

176 790 389 845 iecerat.
469 789 647 857 Quum
671 796 687 828 ¹
725 806 820 863 per
852 807 941 845 eos
961 789 1074 844 dies
1108 794 1327 845 senatus
1355 788 1421 844 de
1442 805 1653 844 annona
1687 788 2005 854 haberetur,

169 895 226 945 et
253 889 319 944 ad
353 890 470 945 eius
496 891 929 962 procurationem
963 906 1207 945 sermone
1235 905 1340 945 non
1373 888 1547 944 solum
1576 887 1774 962 plebis,
1813 905 2001 945 verum

170 991 337 1046 etiam
387 989 650 1046 bonorum
689 990 973 1063 Pompeius
1011 997 1323 1056 vocaretur,
1377 989 1537 1063 idque
1590 990 1704 1063 ipse
1754 997 2004 1064 cuperet,

171 1091 570 1165 multitudoque
614 1109 646 1148 a
679 1109 766 1148 me
804 1092 1123 1149 nominatim
1146 1134 1160 1156 ,
1200 1100 1263 1147 ut
1303 1091 1355 1147 id
1402 1091 1745 1147 decernerem
1769 1133 1783 1156 ,
1823 1097 2003 1164 postu-

161 1191 337 1256 ‘laret;
390 1191 526 1258 seci,
579 1199 633 1247 et
671 1198 923 1247 accurate
968 1180 1290 1247 sententiam
1342 1191 1489 1256 dixi,
1543 1208 1711 1264 quum
1757 1191 2006 1247 abessent

170 1292 505 1356 consulareS,
545 1291 687 1362 quod
716 1297 834 1345 tuto
874 1307 931 1345 se
964 1297 1223 1361 negarent
1250 1307 1405 1361 posse
1439 1292 1761 1345 sententiam
1794 1290 2002 1354 dicere,

167 1396 382 1463 praeter
417 1390 716 1446 Messallam
756 1396 810 1443 et
842 1388 1143 1444 Afranium.
1228 1392 1314 1442 10.
1355 1387 1579 1443 Multis²
1606 1389 1751 1443 enim
1792 1394 2001 1445 senten-

167 1490 261 1545 tiis
305 1489 413 1545 iam
452 1487 642 1554 dictis,
695 1494 950 1560 rogatuS,
991 1487 1316 1543 sententiam
1355 1486 1467 1541 dixi
1502 1487 1829 1561 reipublicae
1862 1489 2000 1544 salu-

164 1589 486 1655 berrimam,
525 1587 661 1644 mihi
693 1588 1067 1644 necessariam.
1148 1587 1395 1659 Delegavi
1431 1587 1606 1643 amico
1637 1587 1972 1662 locupletior-i
1990 1633 2004 1655 ,

167 1706 272 1745 non
324 1706 430 1763 quo
480 1689 595 1755 illi,
647 1690 724 1745 ita
775 1689 840 1745 de
891 1705 978 1745 me
1024 1689 1249 1755 merito,
1301 1705 1438 1744 onus
1488 1688 1623 1744 illud
1669 1689 1999 1763 imponerem

168 1790 594 1865 (succubuissem
615 1792 761 1847 enim
783 1791 963 1864 potius
990 1790 1160 1864 ipse),
1190 1789 1282 1846 sed
1304 1791 1431 1864 quia
1460 1790 1707 1847 videbam
1734 1791 1788 1846 id
1804 1833 1818 1857 ,
1858 1792 2000 1865 quod

161 1908 379 1949 omnes:
430 1892 572 1966 quod
624 1909 720 1948 nos
765 1891 831 1948 de
875 1891 969 1948 Cn.
1011 1892 1262 1965 Pompeio
1300 1891 1706 1966 polliceremur,
1759 1892 1815 1948 id
1848 1893 2000 1950 illum

167 1990 307 2059 fide,
345 1992 597 2059 consilio,
636 1994 840 2050 virtute
861 2035 875 2059 ,
923 1993 1247 2048 auctoritate
1268 2035 1283 2057 ,
1337 1991 1594 2049 felicitate
1632 1992 1865 2066 denique
1903 2010 2001 2050 sua

164 2091 417 2148 facillime
454 2091 840 2165 perfecturum.
919 2092 1109 2165 Itaque
1128 2097 1151 2133 ⁸
1203 2091 1407 2148 sactum
1447 2099 1531 2148 est
1568 2094 1999 2149 senatusconsul-

165 2201 286 2249 tum
324 2194 382 2249 in
420 2209 598 2251 meam
641 2194 996 2259 sententiam,
1036 2199 1106 2247 ut
1145 2209 1286 2248 cum
1327 2194 1624 2265 Pompeio
1662 2201 1999 2265 ageretur,

163 2300 234 2349 ut
265 2309 400 2349 eam
434 2309 565 2348 rem
599 2293 970 2365 susciperet
1001 2292 1232 2365 lexque
1267 2292 1572 2348 serretur.
1615 2294 1730 2361 Quo
1756 2301 1998 2350 senatus·

162 2393 407 2451 consulto
449 2395 706 2459 recitato,
758 2410 928 2467 quum
968 2394 1226 2448 continuo
1262 2425 1338 2434 —
1377 2410 1526 2448 more
1565 2392 1665 2448 hoc
1707 2394 1911 2450 insulso
1943 2403 1997 2451 et

163 2511 300 2551 novo
335 2525 412 2536 -—
447 2494 699 2568 plausum
738 2510 858 2550 meo
903 2494 1120 2549 nomine
1156 2491 1437 2549 recitando
1474 2492 1775 2558 dedissent;
1833 2494 1997 2552 habui

161 2595 500 2651 concionem:
554 2611 741 2651 omnes
772 2594 1127 2666 magistratus
1166 2598 1506 2667 praesenteS,
1558 2601 1775 2667 praeter
1826 2612 1995 2652 unum

162 2700 464 2769 praetorem
496 2701 552 2752 et
570 2694 707 2751 duos
724 2695 973 2751 tribunos
1005 2694 1203 2768 plebiS,
1236 2693 1519 2750 dederunt.
1605 2700 1689 2750 11.
1732 2696 1997 2753 Postridie

163 2802 384 2853 senatus
415 2794 667 2871 frequens
698 2804 754 2854 et
791 2814 977 2853 omnes
1014 2796 1324 2853 consulares
1357 2796 1492 2851 nihil
1533 2796 1786 2870 Pompeio
1816 2805 1997 2871 postu-

161 2897 297 2952 lanti
347 2905 632 2971 negarunt.
711 2899 806 2955 Ille
848 2899 1053 2972 legatos
1096 2898 1407 2972 quindecim
1460 2913 1628 2969 quum
1674 2899 1995 2969 postularet,

161 3014 251 3053 me
282 2998 585 3073 principem
627 3001 925 3056 nominavit
955 3007 1017 3056 -et
1050 3000 1120 3055 ad
1163 3001 1344 3055 omnia
1390 3015 1477 3054 me
1516 2997 1749 3053 alterum
1787 3017 1844 3054 se
1884 2998 1996 3054 sore

156 3098 314 3154 dixit.
394 3099 590 3172 Legem
628 3100 874 3156 consules
907 3101 1373 3173 conscripserunt,
1414 3115 1520 3170 qua
1554 3098 1852 3170 Pompeio
1884 3117 1995 3172 per

156 3200 679 3272 quinquennium
705 3202 915 3257 omnis
943 3207 1236 3274 potestas
1271 3201 1362 3255 rei
1398 3198 1877 3255 frumentariae
1906 3207 2029 3254 to·-

223 3470 261 3526 ι)
291 3467 346 3512 ad
379 3472 471 3515 Att.
504 3472 573 3515 1v.
606 3473 646 3514 1.
681 3471 766 3525 ὃὸ.
811 3494 866 3503 --
910 3472 948 3529 ¹)
982 3485 1056 3530 pro
1091 3471 1222 3513 Domo
1258 3482 1333 3510 sua
1367 3482 1401 3512 c.
1431 3468 1471 3509 7.
1499 3468 1614 3523 §16.
1651 3493 1707 3500 —
1741 3469 1782 3527 ³)
1815 3468 1866 3513 ad
1902 3474 1993 3513 Ait.

163 3545 234 3589 1v.
271 3548 309 3589 1.
337 3546 420 3603 §6.

1664 3622 1719 3669 16
