2150 3990
485 224 539 279 L.
565 223 649 279 lV.
694 240 737 276 c.
763 220 875 276 ΧΠ.
917 219 957 292 S
983 225 1052 276 50
1091 250 1164 259 ——
1204 238 1247 272 c.
1274 219 1411 276 xlll.
1453 220 1495 294 S
1521 225 1606 276 35.
1864 228 1967 281 169

155 383 250 432 set.
331 374 433 430 Sed
465 390 635 447 neque
673 389 865 444 magno
902 387 1060 443 opere
1097 369 1208 425 dixi
1247 387 1363 426 csse
1396 371 1547 426 nobis
1587 369 1933 428 laborandum
1957 415 1971 437 ‚

155 477 295 551 quod
341 475 506 532 nihilo
543 475 718 546 magis
760 474 809 528 ei
848 472 1126 528 liciturum
1159 478 1300 526 esset
1339 471 1541 544 plebeio
1587 471 1971 545 rempublicam

155 576 378 650 perdere
398 616 412 639 ,
450 590 614 647 quam
643 572 906 630 similibus
926 571 1043 628 eius
1063 611 1079 638 ,
1111 586 1196 627 me
1230 571 1449 627 consule
1469 614 1484 637 ,
1523 573 1765 645 patriciis
1786 572 1976 629 fuisset

154 676 381 733 licitum.
460 675 574 731 Iam
595 716 610 740 ,
669 690 838 747 quum
875 690 934 730 se
974 672 1062 728 ille
1098 673 1326 746 septimo
1364 672 1451 729 die
1488 675 1696 730 venisse
1733 690 1766 729 a
1806 673 1942 731 freto
1961 717 1976 740 ,

154 790 326 848 neque
370 774 472 832 sihi
499 775 720 831 obviam
759 790 1084 848 quemquam
1116 772 1331 847 prodire
1369 774 1605 846 potuisse
1636 781 1692 830 et
1719 782 1884 832 noctu
1921 793 1978 831 se

155 876 404 932 introisse
441 876 700 942 dixisset,
740 877 796 932 in
836 891 1002 949 eoque
1040 891 1097 931 se
1137 875 1192 930 in
1230 875 1485 931 concione
1518 875 1804 933 iactasset:
1842 877 1981 931 nihil

152 978 201 1034 ei
221 978 340 1034 novi
371 977 486 1034 dixi
522 977 802 1040 accidisse:
837 993 902 1034 ex
934 975 1118 1033 Sicilia
1150 977 1377 1049 septimo
1403 975 1490 1032 die
1522 976 1774 1034 Romam:
1813 978 1980 1033 tribus

154 1077 297 1134 horis
341 1078 504 1134 Roma
541 1078 899 1134 Interamnam
915 1096 932 1140 ‚·
986 1082 1150 1133 noctu
1195 1078 1480 1133 introisse:
1520 1078 1645 1132 item
1681 1087 1832 1142 ante,-
1873 1095 1978 1134 non

154 1196 272 1236 esse
304 1180 443 1237 itum
473 1179 716 1235 obviam:
756 1197 822 1234 ne
851 1187 962 1233 tum
981 1179 1191 1251 quidem
1210 1219 1226 1243 ,
1252 1196 1415 1250 quum
1439 1179 1511 1233 iri
1535 1180 1768 1235 maxime
1786 1179 1978 1234 debuit.

155 1278 299 1347 Quid
332 1279 590 1351 quaeris?
630 1278 902 1333 hominem
942 1276 1272 1349 petulantem
1311 1277 1616 1333 modestum
1654 1278 1841 1344 reddo,
1873 1295 1978 1335 non

152 1378 328 1435 solum
360 1383 625 1452 perpetua
663 1376 927 1449 gravitate
964 1376 1224 1433 orationis
1244 1417 1260 1442 ,
1304 1375 1398 1431 sed
1435 1377 1602 1434 etiam
1646 1375 1747 1434 hoc
1787 1394 1981 1450 genere

150 1477 435 1537 dictorum.

229 1679 371 1739 xm.
451 1683 541 1738 52.
585 1678 818 1737 Verum¹
843 1678 1005 1746 illud,
1031 1678 1173 1753 quod
1199 1679 1543 1737 institueram
1571 1679 1780 1746 dicere,
1800 1679 1981 1736 liuius·

154 1779 300 1839 modi
348 1788 451 1841 esta
515 1779 834 1838 Pulcheuus
853 1786 875 1819 ²
925 1786 1109 1839 noster
1162 1779 1387 1846 volitat,
1431 1778 1565 1837 l'urit
1585 1822 1602 1847 ‚
1654 1779 1788 1837 nihil
1826 1781 1984 1838 habet

146 1883 313 1947 certi:
350 1881 539 1940 multis
577 1881 896 1945 denuntiat;
932 1880 1076 1956 quod
1113 1880 1223 1939 sors
1254 1880 1535 1947 obtulerit,
1566 1881 1620 1937 id
1658 1869 1883 1940 acturus
1910 1885 1983 1940 vi·

150 1982 328 2041 detur.
404 1984 587 2054 Quum
623 1983 806 2051 videt,
845 2000 951 2058 quo
986 1984 1061 2040 sit
1093 1983 1149 2039 in
1188 1982 1310 2039 odio
1346 1989 1524 2040 status
1550 1982 1639 2040 hic
1668 2001 1852 2041 rerum
1875 2027 1890 2049 ,
1930 1986 1984 2040 iu

151 2100 243 2140 eos
256 2114 278 2150 ·,
316 2085 413 2158 qui
444 2084 582 2142 haec
619 2090 849 2156 egerunt
870 2127 885 2150 ,
919 2084 1184 2157 impetum
1224 2082 1470 2140 facturus
1496 2083 1726 2152 videtur.
1806 2084 1984 2152 Quum

151 2186 332 2240 autem
371 2199 564 2240 rursus
605 2199 732 2257 opes
775 2190 831 2238 et
869 2184 982 2239 vim
1021 2183 1293 2240 exercitus
1330 2182 1676 2249 recordatur,
1722 2185 1987 2241 convertit

152 2301 219 2341 se,
250 2285 308 2339 in
357 2301 470 2340 nos,
550 2283 712 2340 Nobis
749 2291 932 2340 autem
972 2284 1105 2356 ipsis
1155 2299 1324 2356 quum
1372 2284 1482 2339 vim
1503 2324 1519 2348 ,
1564 2290 1683 2340 tum
1722 2284 1984 2342 iudicium

153 2382 410 2441 minatur.
472 2383 623 2440 -Gum
659 2382 762 2439 hoc
801 2384 1086 2456 Pompeius
1118 2382 1264 2455 egit,
1303 2390 1393 2449 et,
1426 2389 1490 2439 ut
1520 2382 1589 2439 ad
1627 2400 1715 2440 me
1753 2385 1868 2457 ipse
1905 2402 1985 2442 re-

150 2483 382 2550 ferebat,
423 2482 612 2558 (alium
650 2484 796 2539 enim
837 2482 1006 2540 habeo
1037 2484 1309 2540 neminem
1351 2489 1546 2540 testem
1564 2484 1602 2557 ‚)
1641 2483 1986 2542 vehementer

153 2583 266 2658 egit
283 2619 311 2651 ,=
333 2600 503 2658 quum
539 2584 746 2641 diceret
786 2585 843 2640 in
874 2600 1090 2642 summa
1126 2600 1185 2640 se
1223 2583 1477 2657 perfidiae
1514 2592 1571 2641 et
1607 2585 1827 2643 sceleris
1853 2586 1985 2644 insa·

151 2684 274 2741 mia*
301 2683 415 2743 fore
434 2726 450 2751 ,
506 2684 556 2741 si
600 2685 735 2742 mihi
774 2685 1076 2759 periculum
1121 2692 1402 2742 crearetur
1436 2685 1506 2741 ab
1536 2703 1635 2752 eo,
1672 2704 1834 2760 quem
1873 2690 1987 2762 ipse

155 2791 455 2851 armasset,
481 2801 651 2859 quum
689 2786 954 2859 plebeium
995 2785 1113 2842 fieri
1144 2802 1335 2859 passus
1365 2794 1540 2850 esset;
1572 2787 1667 2844 sed
1706 2788 1865 2845 tidem
1906 2807 1986 2846 re-

158 2883 363 2958 cepisse
396 2885 504 2942 sihi
540 2892 595 2942 et
633 2887 812 2960 ipsum
850 2893 905 2943 et
949 2888 1182 2962 Appium
1222 2887 1289 2943 de
1326 2905 1435 2944 me:
1476 2887 1617 2943 hanc
1656 2890 1706 2944 si
1755 2890 1843 2946 ille
1868 2892 1985 2964 jnon

157 2992 434 3054 servaret,
487 2988 562 3043 ita
598 2986 837 3044 laturum
859 3024 874 3053 ,
928 2995 989 3044 ut
1025 3004 1211 3044 omnes
1250 2987 1611 3059 intelligerent
1629 3029 1645 3053 ,
1698 2987 1833 3043 nihil
1883 2989 1985 3047 sibi

62 3142 63 3147 χ
158 3086 436 3159 antiquius
473 3083 712 3142 amicitia
745 3094 928 3142 nostra
966 3086 1146 3144 fuisse.
1229 3093 1318 3144 55.
1360 3088 1501 3143 Haec
1534 3094 1588 3143 et
1621 3089 1675 3143 in
1715 3106 1835 3148 eam
1866 3108 1983 3147 sen·

158 3187 384 3242 tentiam
423 3204 591 3260 quum
632 3187 803 3243 multa
837 3187 1088 3253 dixisset,
1123 3189 1295 3244 aiebat
1329 3188 1479 3243 illum
1520 3190 1694 3260 primo
1731 3207 1859 3247 sane
1891 3192 1983 3249 diu

160 3286 331 3342 multa
370 3294 589 3344 contra:
626 3288 691 3342 ad
726 3294 1027 3344 extremum
1069 3296 1248 3344 autem
1280 3306 1471 3345 manus
1511 3288 1719 3346 dedisse
1759 3299 1811 3347 et
1845 3293 1981 3350 affir-

224 3533 260 3588 ¹)
290 3531 335 3578 in
370 3535 542 3580 Verrem
576 3535 669 3581 Act.
705 3536 734 3578 1.
771 3548 803 3578 c.
842 3535 909 3578 12.
945 3535 970 3591 ᾗ
1006 3537 1074 3578 34.
1111 3559 1167 3568 -—-
1204 3535 1241 3593 ²)
1273 3532 1324 3579 ad
1359 3537 1452 3580 Att.
1487 3537 1539 3579 ll.
1567 3537 1639 3581 22.
1679 3538 1760 3595 §1.
