2210 3970
253 205 357 256 5324
831 210 1073 254 vcrosno
1121 215 1190 253 DE
1237 211 1376 256 vlu
1415 212 1517 253 suA

256 353 326 405 tis
366 358 481 406 erat
515 351 632 404 iure
666 347 977 421 parendum.
1058 348 1197 402 Haec
1232 347 1376 403 illius
1415 349 1671 402 sever-itas
1711 349 1899 403 acerba
1934 351 2071 406 vide÷

255 457 434 514 retur,
469 451 572 504 nisi
602 448 788 504 multis
820 449 1174 503 condimentis
1195 447 1549 502 humanitatis
1581 449 1940 519 mitigaretur.
1984 455 2071 504 75.

253 551 403 619 Quod
455 552 502 605 si
539 550 671 605 haec
704 550 895 604 lenitas
930 555 1084 620 grata
1116 549 1314 604 Romae
1346 556 1457 614 est,
1510 549 1601 603 ubi
1640 555 1791 603 tanta
1823 565 2072 619 arrogan-

251 653 327 706 tia
372 658 484 718 est,
529 658 642 706 tam
688 649 1041 705 immoderata
1078 649 1327 714 libertaS‚
1379 655 1492 710 tam
1538 649 1749 703 infinita
1793 648 2074 703 hominum

250 753 497 818 licentia,
550 752 780 823 denique
831 757 910 805 tot
962 751 1342 820 magistratuS,
1390 757 1469 805 tot
1518 751 1748 814 auxilia,
1800 756 1953 804 tanta
1996 750 2077 802 vis

247 854 458 926 populi,
509 859 661 906 tanta
712 857 931 904 senatus
977 850 1300 910 auctoritas3
1351 866 1514 919 quam
1567 849 1803 906 iucunda
1857 848 2074 904 tandem

246 951 583 1025 proconsulis
622 950 847 1003 comitas
881 949 937 1001 in
978 948 1254 1019 provincia
1286 954 1461 1018 potest
1493 966 1638 1012 esse,
1690 951 1746 1002 in
1785 966 1892 1020 qua
1922 955 2074 1012 tanta

247 1050 538 1106 multitudo
570 1049 801 1112 civium,
847 1053 1000 1101 tanta
1034 1047 1328 1112 sociorum,
1362 1053 1444 1101 tot
1484 1048 1672 1113 urbeS,
1708 1054 1787 1102 tot
1831 1049 2078 1104 civitates

247 1153 411 1206 unius
449 1149 684 1204 homini-s
716 1153 912 1202 nutum
946 1147 1265 1202 intuentur?
1301 1147 1394 1202 ubi
1427 1147 1636 1208 nullum
1670 1148 1934 1203 auxilium
1966 1155 2078 1212 est,

245 1251 392 1305 nulla
442 1249 784 1321 conquestio,
837 1247 1018 1304 nullus
1077 1255 1326 1313 senatuS,
1385 1248 1533 1304 nulla
1583 1248 1802 1304 concio?
1903 1249 2078 1316 Quare

243 1351 523 1424 permagni
555 1349 790 1404 hominis
829 1355 940 1414 est,
974 1356 1027 1403 et
1062 1366 1230 1420 quum
1258 1350 1373 1422 ipsa
1400 1357 1594 1405 natura
1626 1349 1918 1414 moderati,
1958 1357 2081 1405 tum.

242 1469 368 1506 vero
419 1454 585 1507 etiam
624 1450 871 1504 doctrina
911 1456 1072 1522 atque
1118 1451 1446 1522 optimarum
1486 1452 1688 1506 artium
1722 1451 1918 1507 studiis
1957 1468 2076 1506 eru-

243 1551 370 1616 diti,
422 1553 500 1606 sic
533 1568 590 1606 se
623 1549 879 1606 adhibere
912 1551 969 1603 in
1005 1556 1155 1604 tanta
1186 1557 1479 1621 potestate,
1516 1558 1583 1606 >ut
1609 1550 1757 1606 nulla
1787 1551 1893 1605 alia
1931 1559 2079 1624 pote·

244 1658 356 1705 stas
399 1652 467 1706 ab
501 1653 568 1705 iis
589 1693 604 1716 ,
643 1650 841 1722 quibus
874 1651 988 1722 ipse
1027 1651 1258 1722 praesit,
1299 1650 1652 1707 desideretur.
1735 1654 1822 1706 74.
1864 1651 2037 1724 Caput
2060 1659 2076 1690 ¹

245 1760 426 1809 autem
455 1758 542 1807 est
571 1753 628 1806 in
661 1752 807 1806 omni
842 1752 1219 1823 procuratione
1252 1753 1454 1823 negotii
1486 1758 1540 1807 et
1574 1753 1816 1810 muneris
1848 1752 2080 1825 publici,

248 1863 311 1909 ut
344 1854 599 1909 avaritiae
620 1851 853 1924 pellatur
885 1852 1049 1906 etiam
1070 1852 1297 1906 minima
1324 1852 1574 1924 suspicio.
1635 1851 1853 1906 Nullum
1874 1858 1895 1889 2
1933 1855 2078 1908 enim

250 1957 442 2009 vitium
497 1955 725 2008 taetrius
778 1960 887 2018 est,
941 1970 1103 2024 quam
1155 1954 1408 2018 avaritia,
1461 1954 1778 2025 praesertim
1832 1955 1887 2008 in
1934 1955 2078 2025 prin-

249 2055 458 2127 cipibus
495 2053 886 2126 rempublicam
916 2053 1359 2124 gubernantibus.
1425 2053 1631 2107 Habere
1659 2054 1803 2108 enim
1831 2057 2079 2125 quaestui

246 2156 634 2228 rempublicam
678 2172 782 2209 non
817 2154 974 2209 modo
1009 2162 1164 2226 turpe
1197 2160 1309 2218 est,
1349 2153 1442 2208 sed
1476 2153 1798 2208 sceleratum
1830 2156 1994 2210 etiam
2026 2161 2080 2210 et

245 2256 530 2312 nefarium.
607 2255 765 2311 Nulla
797 2262 979 2310 autem
1014 2272 1072 2310 re
1101 2254 1390 2310 conciliare
1419 2253 1631 2310 facilius
1658 2254 2080 2311 benevolentiam

247 2356 613 2411 multitudinis
660 2361 884 2428 possunt
931 2356 999 2419 ii,
1059 2356 1154 2427 qui
1203 2354 1529 2427 reipublicae
1578 2362 1870 2427 praesunt,
1918 2373 2080 2428 quam

249 2457 577 2510 abstinentia
617 2463 671 2509 et
710 2455 1060 2510 continentia.

320 2554 429 2609 ,Sed
451 2561 489 2618 ³,
530 2554 709 2626 nescio
741 2570 847 2624 quo
885 2560 1068 2624 pacto,
1103 2554 1170 2607 ad
1198 2555 1562 2628 praecipiendi
1584 2557 1846 2610 rationem
1869 2556 2081 2630 delapsa

251 2662 333 2710 est
365 2654 536 2708 oratio
564 2669 683 2707 mea
704 2695 719 2717 ,
755 2669 923 2723 quum
955 2652 1007 2706 id
1038 2653 1171 2708 mihi
1195 2655 1526 2725 propositum
1562 2655 1716 2709 initio
1737 2673 1841 2709 non
1873 2655 2078 2711 suisset.

252 2756 566 2827 Cognosce⁴
607 2771 751 2808 nunc
793 2760 988 2808 cetera.

329 2955 574 3012 XXVIII..
649 2961 735 3012 75.
777 2956 982 3011 Nonis⁵
1035 2957 1154 3011 Mai.
1203 2959 1258 3011 in
1308 2958 1549 3014 Ciliciam
1602 2939 1874 3031 profectus
1925 2977 2081 3026 sum,

254 3064 314 3112 ut
334 3063 356 3095 ⁶
390 3056 464 3111 ibi
493 3056 683 3111 Iunius
712 3063 1142 3112 consumeretur:
1180 3057 1436 3125 Quintilis
1464 3060 1608 3114 enim
1640 3061 1695 3114 in
1723 3061 1914 3115 itinere
1942 3068 2081 3125 erat,

254 3175 348 3229 per
387 3158 715 3229 provinciam
755 3157 1134 3221 redeuntibus,
1176 3159 1586 3213 consumendus.
1668 3160 1838 3213 Mihi⁷
1878 3168 1991 3214 erat
2027 3162 2081 3214 in

260 3276 463 3289 ———

317 3340 356 3394 ¹)
387 3336 440 3380 de
464 3334 549 3380 off.
582 3339 637 3380 11.
669 3339 795 3381 c.21.
832 3339 946 3396 §75.
980 3365 1039 3371 ——
1073 3341 1111 3397 2)
1145 3337 1255 3383 lbid.
1283 3342 1411 3383 c.22.
1444 3341 1560 3397 §72
1592 3366 1651 3372 —
1684 3341 1724 3398 5)
1754 3339 1807 3385 ad
1831 3345 1882 3400 Q.
1900 3339 2080 3386 fratrem

254 3418 287 3460 1.
321 3418 361 3458 1.
393 3430 427 3458 c.
463 3417 503 3458 6.
536 3415 654 3471 §18.
687 3440 745 3446 ——-
777 3416 818 3475 4)
851 3416 903 3461 ad
932 3419 1025 3461 Att.
1042 3420 1113 3462 VI.
1150 3419 1191 3460 2.
1226 3418 1342 3475 §10.
1375 3443 1435 3451 —--
1467 3420 1507 3477 ⁵)
1539 3416 1649 3463 Ibid.
1674 3419 1698 3474 §
1728 3422 1769 3463 6.
1803 3447 1860 3453 —
1894 3422 1935 3479 6)
1969 3419 2079 3476 ibid,

254 3496 303 3537 V.
327 3494 399 3537 21,
434 3492 517 3548 §9.
553 3517 610 3523 -
644 3494 684 3549 7)
716 3492 848 3552 Epist.
883 3494 935 3538 ad
962 3498 1013 3539 M.
1028 3494 1219 3540 Caelium
1256 3494 1329 3552 (ad
1350 3497 1465 3540 Fam.
1489 3498 1544 3543 ΙΙ.
1576 3498 1647 3540 13.
1669 3496 1693 3551 ὖ
1714 3497 1775 3553 4.)

1563 3674 1607 3721 0
