2210 3970
280 245 384 295 458
858 258 1067 295 cronno
1116 258 1185 292 DE
1235 256 1374 293 νιΤΛ
1422 256 1527 293 suA

274 390 627 445 affirmatione
668 389 906 445 adhibita
941 389 1387 445 consuetudinem
1416 389 1714 444 disserendi
1753 390 2102 463 reliquerunt.

276 496 325 547 9.
349 490 463 547 Ad¹
507 507 595 546 eos
630 491 801 562 igitur
834 492 1073 546 converti
1106 508 1208 545 me.
1289 491 1370 545 Ex
1409 507 1594 545 eorum
1629 491 1774 546 enim
1807 493 2026 564 scriptis
2054 502 2106 549 et

272 593 538 648 institutis
577 609 746 664 quum
788 594 962 647 omnis
1007 592 1253 646 doctrina
1304 590 1575 655 liberalis,
1631 592 1804 645 omnis
1845 591 2104 658 historia,

270 695 444 749 omnis
484 711 660 750 sermo
702 695 916 766 elegans
952 695 1093 748 sumi
1130 699 1331 766 potest,
1384 699 1503 747 tum
1551 671 1793 747 varietas·
1834 700 1915 747 est
1954 700 2105 748 tanta

269 796 469 852 artium
492 840 506 862 ,
566 804 628 851 ut
666 814 821 851 nemo
868 797 983 850 sine
1016 812 1077 850 eo
1118 795 1478 848 instrumento
1518 793 1585 849 ad
1628 793 1792 848 ullam
1829 811 1944 849 rem
1986 794 2101 849 illu-

267 898 519 952 striorem
547 897 679 950 satis
707 902 931 950 ornatus
963 896 1134 967 possit
1166 894 1436 948 accedere.
1517 893 1596 948 Ab
1625 894 1709 949 his
1742 901 2008 959 oratoreS,
2039 896 2103 950 ab

266 998 352 1051 his
391 997 740 1069 imperatores
776 1013 840 1050 ac
867 1011 1052 1050 rerum
1085 993 1422 1066 publicarum
1455 993 1725 1065 principes
1757 995 2098 1050 exstiterunt.

265 1081 336 1151 Ut
374 1096 441 1152 ad
482 1098 691 1152 minora
724 1098 965 1161 veniam,
1006 1094 1414 1159 mathematici,
1454 1099 1676 1165 poetae,
1727 1095 1953 1160 musici,
1993 1112 2100 1151 me·
2187 1089 2190 1091 Δ

264 1196 374 1253 dici
408 1197 639 1270 denique
668 1214 734 1253 ex
760 1197 860 1252 hac
881 1240 895 1262 ,
936 1203 1214 1268 tamquam
1242 1211 1308 1249 ex
1341 1194 1584 1248 omnium
1619 1193 1822 1248 artium
1855 1193 2066 1250 officina
2087 1239 2100 1260 ,

265 1298 490 1372 profecti
525 1306 669 1354 sunt.
751 1299 924 1367 Quam
944 1304 966 1335 2
1005 1297 1178 1353 multa
1210 1296 1288 1351 illi
1324 1295 1390 1351 (16
1429 1295 2098 1369 republicascripserunt!

261 1415 426 1471 quam
446 1398 617 1454 multa
639 1399 703 1454 de
730 1399 968 1471 legibus!
1012 1415 1174 1470 quam
1195 1396 1366 1451 multa
1406 1396 1708 1451 non'solum
1733 1405 2017 1470 praecepta
2044 1399 2100 1453 in

263 1499 470 1555 artibus
490 1543 506 1565 ,
547 1500 639 1555 sed
660 1501 823 1556 etiam
852 1500 1096 1572 exempla
1123 1500 1178 1553 in
1201 1497 1543 1557 orationihus?
1560 1496 1701 1552 bene
1734 1497 1947 1552 dicendi
1974 1499 2100 1553 >reli-

262 1602 531 1672 querunt!
579 1604 663 1656 10.
695 1602 939 1656 Primum
967 1601 1112 1654 enim
1134 1600 1251 1672 ipsa
1283 1597 1374 1652 illa
1395 1639 1411 1663 ,
1452 1614 1589 1669 quae
1628 1597 1901 1654 subtiliter
1938 1598 2100 1654 disse-

260 1700 429 1756 renda
457 1708 640 1767 erant,
681 1702 843 1774 polite
876 1708 1104 1773 apteque
1127 1700 1411 1764 dixerunt,
1451 1706 1571 1754 tum
1592 1699 1938 1763 definientes,
1982 1707 2100 1756 tum

259 1801 588 1874 partientes:
630 1801 822 1856 deinde
843 1819 931 1866 ea,
974 1819 1110 1874 quae
1148 1800 1497 1873 requirebant
1526 1801 1824 1856 orationem
1856 1808 2101 1857 ornatam

259 1908 314 1957 et
372 1894 643 1974 gravem,
686 1901 849 1975 quam
908 1901 1194 1974 magnifice
1248 1908 1377 1955 sunt
1403 1907 1407 1912 '
1434 1900 1581 1956 dicta
1629 1900 1696 1955 ab
1745 1901 1878 1955 illis!
1927 1918 2101 1973 ⁴quam

259 2002 560 2075 splendide!
611 2004 677 2058 de
715 2005 955 2069 iustitia,
994 2003 1061 2058 de
1100 2002 1446 2067 fortitudine,
1487 2002 1554 2056 de
1595 2003 1870 2067 amicitia,
1912 2002 1977 2058 de
2017 2020 2099 2058 ae·-

257 2109 371 2158 tate
410 2103 685 2176 degenda,
727 2104 793 2159 de
824 2102 1188 2177 philosophia,
1227 2103 1293 2158 (16
1325 2102 1651 2175 capessenda
1690 2103 1966 2176 republica
1986 2146 2001 2170 ‚
2035 2103 2100 2159 de

258 2199 617 2277 temperantia
628 2221 655 2269 3-
681 2221 780 2261 nec
800 2204 1201 2260 'consuetudine
1240 2204 1522 2259 hominum
1555 2221 1672 2260 acu:
1692 2206 1874 2277 spinas
1904 2205 2098 2260 vellen-

256 2305 435 2370 tium,
492 2302 574 2360 ut'
608 2305 806 2373 Stoici,
864 2321 964 2360 nec
1010 2322 1131 2360 ossa
1182 2304 1533 2371 undantium,
1586 2304 1680 2362 sed
1724 2323 1947 2382 eorum,
2006 2308 2098 2378 qui

256 2402 484 2477 grandia
534 2413 721 2483 ornate
761 2406 958 2462 vellent
976 2422 1021 2471 ,·
1051 2407 1329 2462 enucleate
1375 2407 1586 2462 minora
1636 2406 1835 2463 dicere.
1913 2408 2100 2479 Itaque

258 2500 564 2580 quaesunt
611 2521 798 2562 eorum
839 2506 1257 2562 consolationes!
1312 2524 1451 2579 quae
1494 2508 1920 2564 cohortationes!
1962 2515 2099 2579 quae

256 2600 423 2661 etiam
461 2607 665 2661 monita
698 2612 752 2660 et
797 2605 1019 2660 consilia
1040 2649 1055 2670 ‚
1097 2607 1300 2684 scripta
1334 2607 1401 2661 ad
1445 2625 1684 2663 summos
1716 2608 1886 2663 viros!
1966 2609 2096 2664 Erat

254 2700 401 2762 enim
433 2706 575 2778 apud
610 2723 698 2762 eos
719 2749 733 2771 ‚
774 2713 836 2761 ut
863 2713 944 2762 est
983 2723 1166 2761 rerum
1207 2708 1449 2779 ipsarum
1489 2715 1684 2762 natura
1705 2751 1719 2773 ,
1758 2710 1839 2763 sic
1883 2708 2094 2764 dicendi

255 2808 570 2864 exercitatio
648 2807 862 2879 duplex.
951 2807 1086 2862 Nam
1127 2807 1388 2880 quidquid
1447 2810 1763 2881 quaeritur,
1822 2809 1879 2864 id.
1935 2810 2092 2865 habet

254 2915 351 2964 aut
390 2908 603 2979 generis
646 2908 815 2980 ipsius
868 2908 984 2963 sine
1023 2910 1265 2980 personis
1304 2907 1770 2981 temporibusque,
1822 2916 1946 2974 aut,
2007 2909 2090 2965 his

253 3009 524 3063 adiunctis
544 3049 560 3075 ,
601 3009 729 3064 facti
764 3015 860 3064 aut
888 3010 1024 3063 iuris
1058 3016 1152 3064 aut
1192 3009 1426 3063 nominis
1467 3010 1904 3066 controversiam.
1946 3011 2088 3082 Ergo

254 3111 311 3164 in
352 3102 593 3182 'utroque
632 3110 1053 3166 exercebantur:
1114 3127 1281 3181 eaque
1321 3109 1606 3182 disciplina
1651 3110 1826 3166 effecit
1878 3117 2082 3166 tantam

254 3211 468 3266 illorum
509 3218 736 3284 utroque
777 3214 832 3265 in
862 3228 1055 3282 genere
1084 3211 1295 3266 dicendi
1338 3213 1561 3283 copiam.

256 3474 464 3487 *1-

317 3559 354 3613 ¹)
388 3554 439 3599 dc
458 3553 595 3600 Finib.
633 3560 675 3601 B.
716 3566 755 3601 ei
785 3559 834 3601 M,
868 3560 911 3602 V.
941 3575 975 3604 c,
1006 3561 1044 3601 3.
1078 3559 1160 3613 §⁸2
1198 3583 1251 3590 --
1290 3559 1327 3613 2)
1364 3555 1473 3601 lbid.
1508 3559 1577 3601 lv.
1607 3573 1640 3600 c.
1677 3562 1715 3602 3.
1748 3560 1831 3615 §5
