2210 3970
768 225 971 264 Annus
1011 225 1058 263 υ.
1097 224 1143 261 c.
1195 212 1325 266 698.
1850 215 1955 268 695

141 349 346 413 despicio.
380 374 437 384 -
470 349 577 393 Sine
601 346 734 392 dubio
757 364 829 393 res
855 363 884 391 a
914 346 1099 392 Lentulo
1121 355 1289 393 remota
1313 346 1488 392 videtur
1519 361 1638 404 esse,
1669 362 1769 393 cum
1794 364 1952 410 magno

137 444 230 473 meo
257 426 416 472 dolore.
449 451 508 460 —
541 438 636 471 xvi.
668 425 776 470 Kal.
805 425 927 470 Febr.
991 423 1101 470 Ibid.
1132 437 1181 469 11.
1211 430 1252 470 3.
1286 430 1327 470 1.
1366 426 1470 469 Cato
1499 424 1634 486 legem
1651 425 1957 488 promulgavit

139 504 191 550 de
217 505 400 567 imperio
416 502 597 548 Lentuli
618 501 877 563 abroqando.
910 527 970 535 -—-
1003 500 1156 546 Pridie
1180 502 1246 547 ld.
1271 503 1438 562 (Febr.)
1472 503 1574 547 haec
1597 504 1770 564 scripsi.
1835 503 1958 549 Plut-

137 582 254 629 arch.
288 587 435 643 Pomp.
467 596 505 626 c.
535 583 605 626 49.
643 585 684 626 6.
732 580 801 627 Οὐ
833 579 925 639 μήν
960 578 1080 626 ἀλλὰ
1115 583 1195 625 καὶ
1226 585 1461 633 Κανίνιος
1499 581 1742 645 εἰσήνεγκε
1774 582 1957 645 δημαρ-

136 662 237 720 χῶν
268 661 447 722 νόμον,
483 658 594 704 ἄνευ
619 663 852 720 στρατιᾶς
879 659 1136 720 Πομπήιον
1166 658 1342 717 ἔχοντα
1373 658 1677 721 ῥαβδούχους
1704 661 1797 706 δύο
1822 661 1957 707 διαλ-

134 741 326 787 λάττειν
368 738 743 801 Ἀλεξανδρεῦσι
790 739 873 784 τὸν
921 738 1139 799 βασιλέα.
1221 737 1338 784 Conf.
1382 739 1459 782 Dio
1491 749 1647 782 11111.
1690 754 1727 783 c.
1758 741 1955 784 12—16.

135 819 369 876 Caninius,
401 818 661 878 magistratu
679 817 894 878 deposito,
926 826 1179 872 accusatus,
1214 833 1240 863 a
1270 817 1469 863 Cicerone
1485 813 1683 860 defensus
1715 822 1793 861 eet.
1830 833 1869 862 v.
1902 816 1957 863 ad

138 914 175 944 a.
204 899 308 944 699.
337 899 380 942 5.

209 999 273 1076 (²)
315 997 511 1054 Aberat
549 1014 611 1053 eo
650 1005 888 1070 tempore
930 998 988 1066 Q.
1029 999 1246 1063 cicere,
1287 1000 1486 1053 missus
1527 1016 1558 1053 a
1593 998 1841 1070 Pompeio
1879 1000 1953 1072 [v.

131 1100 198 1156 ad
232 1117 280 1156 a.
303 1103 430 1156 697.
466 1099 576 1173 15.]
613 1099 668 1152 in
704 1098 1005 1154 Sardiniam
1043 1106 1102 1154 ut
1135 1100 1214 1154 rei
1247 1098 1632 1155 frumentariae
1666 1104 1951 1172 praeesset.

134 1220 202 1258 vi.
245 1219 292 1258 c.
317 1206 366 1258 ὅ.
402 1206 488 1257 11.

195 1302 279 1348 Cic.
305 1317 380 1363 pro
405 1303 564 1346 Scauro
589 1301 634 1345 c.'
652 1302 694 1344 2.
724 1303 796 1345 39.
829 1302 923 1344 Non
951 1316 1048 1344 sum
1081 1308 1161 1345 aut
1188 1308 1280 1344 tam
1318 1300 1587 1345 inhumanus
1613 1308 1694 1345 aut
1726 1307 1817 1345 tam
1849 1299 1959 1344 alie·

129 1395 215 1426 nus
246 1395 284 1424 a·
307 1378 491 1435 Sardis,
527 1378 796 1439 praesertim
835 1394 971 1437 quum
988 1377 1145 1436 frater
1174 1394 1296 1422 meus
1327 1395 1468 1439 nuper
1499 1377 1553 1421 ab
1582 1377 1653 1422 his
1686 1376 1957 1435 decesserit,

131 1474 268 1521 quum
303 1457 370 1502 rei
391 1455 724 1517 frumentariae
761 1457 832 1499 Gn.
867 1455 1069 1515 Pompeii
1099 1456 1242 1500 missu
1266 1456 1562 1517 praefuisset.
1638 1454 1700 1499 Id.
1733 1454 1788 1499 ad
1818 1459 1870 1514 Q.
1902 1452 1955 1500 fr.

129 1550 182 1584 11.
204 1539 248 1584 2.
282 1540 323 1582 1.
356 1538 426 1581 Me
452 1533 596 1579 adhuc
624 1549 746 1578 nemo
789 1534 993 1594 rogavit,
1032 1549 1136 1577 num
1167 1532 1279 1595 quid
1318 1534 1366 1577 in
1404 1533 1661 1577 Sardiniam
1696 1532 1876 1577 vellem.-
1911 1540 1956 1577 te

121 1623 236 1678 puto
268 1630 397 1676 saepe
430 1612 608 1670 habere,
641 1613 748 1674 qui,
791 1629 896 1655 num
924 1610 1035 1672 quid
1060 1613 1240 1655 Romam
1262 1610 1397 1666 velis,
1431 1618 1661 1677 quaerant.
1695 1636 1755 1646 —
1792 1613 1880 1667 Tu,
1912 1611 1956 1655 si

127 1695 196 1739 ita
227 1690 433 1754 expedit,
473 1689 605 1734 velim
642 1705 775 1750 quam
805 1689 1003 1750 primum
1037 1689 1147 1733 bona
1173 1697 1217 1733 et
1249 1696 1369 1733 certa
1401 1695 1659 1750 tempestate
1691 1687 1956 1733 conscendas

126 1766 188 1816 ad
215 1785 366 1831 meque
396 1768 559 1813 venias.
623 1765 972 1812 Innumerabiles
1005 1767 1119 1810 enim
1151 1782 1223 1810 res
1256 1773 1387 1821 sunt,
1420 1766 1467 1809 in
1500 1767 1660 1827 quibus
1688 1775 1731 1811 te
1753 1766 1953 1828 quotidie

125 1851 176 1895 in
210 1848 329 1894 omni
366 1861 522 1909 genere
554 1844 805 1889 desiderem.
840 1857 937 1890 xvr.
968 1843 1068 1889 Kal.
1098 1844 1220 1889 Febr.
1302 1842 1412 1888 Ibid.
1451 1856 1499 1888 ιι.
1530 1850 1571 1889 3.
1607 1848 1647 1890 7.
1697 1845 1845 1900 Cura,
1887 1845 1952 1889 mi

117 1929 302 1989 frater,
350 1932 405 1971 ut
434 1923 610 1970 valeas:
654 1930 698 1967 et
734 1938 1001 1984 quamquam
1033 1931 1099 1967 est
1133 1923 1300 1979 hiems,
1351 1929 1496 1966 tamen
1530 1921 1785 1966 Sardiniam
1816 1922 1952 1966 istam

125 2022 220 2054 esse
246 2006 424 2068 cogites.
458 2017 535 2050 xv.
563 2000 745 2047 Kalend.
771 2004 900 2046 Mart.
966 1999 1026 2046 cf.
1055 2000 1162 2045 ibid.
1193 2013 1243 2045 ιι.
1279 2003 1320 2044 6.
1354 2003 1398 2044 2.

201 2107 264 2184 (⁸)
306 2108 366 2163 A.
407 2106 458 2162 d.
490 2124 557 2161 ιν.
598 2105 675 2160 Id.
711 2103 864 2159 Febr.
915 2105 1009 2177 [ε
1046 2108 1115 2158 10
1156 2101 1310 2157 Febr.
1353 2106 1462 2156 698
1501 2122 1579 2155 =
1615 2106 1649 2156 8
1689 2101 1841 2159 Febr.
1878 2107 1948 2158 56

123 2226 170 2264 a.
205 2209 287 2281 st]
331 2206 393 2262 P.
427 2206 635 2262 Sextius
671 2204 736 2259 ab
775 2204 951 2258 indice
989 2203 1081 2257 Cn.
1106 2202 1316 2258 Nericio
1352 2202 1577 2273 Pupinia
1607 2201 1672 2256 de
1712 2202 1953 2269 ambitu,

123 2316 177 2366 et
214 2306 397 2364 eodem
445 2306 531 2361 die
563 2322 595 2360 a
634 2303 864 2376 quodam
904 2304 970 2358 M.
1007 2303 1180 2358 Tullio
1211 2302 1535 2357 Albinovano
1581 2302 1646 2357 de
1678 2303 1731 2357 vi
1770 2310 1950 2376 postu·

122 2411 264 2466 latus
303 2413 417 2463 cst:
459 2406 551 2478 qui
592 2411 644 2460 et
677 2404 743 2458 ab
779 2404 899 2459 aliis
940 2403 1190 2458 defensus
1226 2409 1280 2458 et
1313 2410 1552 2457 extremo
1585 2402 1699 2457 loco
1737 2420 1767 2458 a
1807 2404 1950 2460 Cice-

121 2527 250 2567 rone
283 2509 549 2573 oratione,
590 2522 727 2578 quae
760 2510 964 2567 exstat,
1008 2503 1284 2559 absolutus
1314 2510 1392 2558 est
1427 2519 1475 2558 a.
1501 2502 1551 2558 d.
1580 2521 1647 2557 ιν.
1675 2503 1751 2558 Id.
1794 2505 1948 2561 Mart.

5 2593 28 2626 '·
118 2616 219 2687 [=
243 2616 310 2668 12
332 2611 487 2667 Mart.
513 2611 621 2664 698
644 2627 710 2659 =
734 2611 803 2662 ιο
826 2606 980 2661 Mart.
1005 2610 1075 2661 56
1095 2623 1145 2662 a.
1165 2606 1247 2679 0.]
1274 2623 1342 2660 v1.
1364 2622 1409 2660 c.
1438 2608 1523 2660 18.
1548 2609 1634 2660 44.
1666 2623 1712 2660 c.
1734 2609 1827 2661 21.
1857 2611 1946 2663 50.

178 2712 318 2759 Schol.
351 2711 451 2756 Bob.
483 2710 538 2756 ad
570 2711 696 2758 Orat.
714 2723 789 2769 pro
820 2706 963 2751 Sextio
995 2724 1034 2767 p.
1049 2709 1152 2751 291.
1187 2708 1239 2750 P.
1259 2707 1444 2750 Sea-tius
1475 2707 1777 2751 amicissimus
1799 2707 1947 2767 fami·

123 2792 480 2851 liaris-simusque
509 2787 729 2832 Ciceronis
747 2785 852 2844 fuit
879 2785 927 2828 in
951 2784 1134 2844 collegio
1159 2783 1433 2827 tribunorum
1453 2783 1630 2843 plebis,
1658 2787 1738 2845 qui
1749 2785 1947 2845 suerunt

120 2871 173 2915 P.
192 2867 378 2914 Lentulo
396 2865 630 2928 Spinthere
645 2897 659 2919 ,
698 2863 747 2921 Q.
767 2861 943 2906 Metello
961 2863 1122 2922 Nepote
1139 2876 1249 2905 coss.
1282 2862 1342 2918 [a.
1363 2863 1491 2919 697.]
1560 2862 1791 2908 Obstinate
1807 2864 1950 2925 igitur

121 2955 165 2992 et
194 2948 256 2991 iis
291 2962 385 2991 sese
412 2942 640 2990 dediderat
664 2944 713 2986 in
735 2956 991 2985 consensum
1008 2940 1163 3000 partis
1189 2939 1310 2993 eius,
1344 2939 1423 2999 qui
1448 2938 1711 2999 dignitatem
1737 2956 1864 2986 suam
1885 2945 1946 2990 M.

126 3025 271 3070 Tullio
301 3024 536 3068 restituere
559 3020 820 3082 gestiebant.
886 3015 975 3061 Sed
1003 3018 1116 3061 enim
1150 3018 1202 3062 P.
1226 3016 1374 3060 Clodio
1400 3027 1672 3079 repugnante
1702 3028 1746 3064 et
1777 3022 1950 3082 conspi-

118 3111 265 3149 ratam
296 3102 503 3148 seditiose
534 3097 866 3144 multitudinem
893 3102 1206 3156 congregante,
1250 3111 1303 3138 ne
1330 3095 1433 3155 quis
1458 3096 1541 3139 isti
1571 3096 1633 3140 ad
1660 3098 1949 3144 revocandum

125 3183 368 3227 Ciceronem
400 3179 582 3224 daretur
619 3176 825 3237 effectur,
872 3173 933 3217 ad
956 3173 1281 3218 dimicationem
1313 3189 1453 3233 usque
1481 3189 1738 3234 processum
1771 3183 1839 3220 est
1848 3198 1868 3232 ,·
1897 3184 1953 3222 ut

118 3259 172 3304 P.
189 3258 375 3304 Sextius
399 3256 665 3319 gravissime
698 3261 742 3298 et
759 3268 903 3314 paene
932 3251 1128 3295 letaliter
1149 3250 1410 3295 vulneratus
1439 3254 1511 3310 [v.
1530 3251 1581 3297 ad
1601 3268 1639 3298 a.
1659 3255 1761 3299 697.
1782 3255 1849 3313 3.]
1876 3271 1953 3300 ne·

121 3337 312 3381 cessario
361 3343 588 3397 cogeretur
626 3333 761 3377 etiam
791 3331 888 3392 ipse
930 3336 1201 3373 armatorum
1238 3346 1416 3373 manum
1445 3329 1790 3391 gladiatoriam,
1833 3332 1955 3393 quod

120 3412 227 3458 Milo
257 3414 347 3458 iam
376 3413 585 3473 fecerat,
622 3410 852 3465 adhibere,
888 3408 1115 3472 praesidii
1147 3406 1319 3451 scilicet
1346 3409 1526 3468 gratia:
1561 3409 1626 3452 sic
1659 3411 1776 3454 enim
1794 3412 1951 3471 potuit

25 3542 30 3550 .
117 3490 261 3551 effici,
292 3498 344 3537 ut
371 3492 617 3548 actionem,
651 3506 784 3550 quam
803 3504 889 3550 pro
926 3488 1069 3534 Tullio
1096 3486 1383 3543 instituerat,
1417 3485 1641 3533 obtineret.
1705 3489 1950 3550 Postquam
