2150 3990
222 250 323 298 168
819 264 1025 300 menno
1073 263 1142 300 ni:
1193 263 1327 300 νιΤΑ
1376 263 1478 300 sua

219 401 442 459 starem,
475 396 699 467 privatis
732 395 892 451 rebus
913 398 1075 461 meis,
1110 403 1325 468 propter
1351 396 1722 450 infirmitatem
1756 393 2038 458 bonorum,

218 496 557 568 iniquitatem
597 496 976 552 malevolorum
998 538 1013 561 ,
1060 497 1242 551 odium
1278 498 1331 550 in
1373 514 1459 551 mc
1499 495 1896 567 improborum,
1946 494 2034 548 ad-

218 595 456 651 hiberem
495 597 783 670 quamdam
813 597 1116 652 cautionem
1154 603 1209 651 et
1246 595 1608 667 diligentiam:
1651 601 1812 665 atque
1850 594 1926 648 ita
1959 600 2035 648 ta-

216 713 340 753 men
379 698 465 752 his
510 699 661 753 novis
705 698 962 754 amicitiis
1002 697 1261 769 implicati
1309 713 1534 760 sumuS,
1573 701 1636 749 ut
1672 693 1860 749 crebro
1903 693 2037 749 mihi
2082 734 2088 737 -

217 797 364 854 vafer
395 798 485 854 ille
525 798 740 854 Siculus
772 798 1138 853 insusurraret
1183 797 1583 870 [Epicharmus]
1628 795 1952 852 cantilenam
1980 794 2039 848 il·

216 898 323 954 lam
363 916 551 954 suam:

310 1004 473 1068 Νᾶφε
507 998 598 1051 καὶ
625 998 841 1066 μέμνασ’
876 982 1138 1055 ἀπιστεῖν..
1174 1002 1355 1068 ἄρθρα
1387 1002 1555 1053 ταῦτα
1585 1002 1685 1053 τᾶν
1723 1000 1943 1066 φρενῶν.

296 1195 412 1250 ΧΠ.
491 1198 579 1252 30.
621 1195 726 1251 Sed
747 1201 763 1233 ¹
823 1195 1040 1250 attende
1061 1236 1076 1259 ‚
1137 1211 1333 1267 quaeso
1353 1236 1368 1260 ,
1420 1211 1557 1267 quae
1595 1194 1705 1248 sint
1743 1200 2046 1249 consecuta.-

219 1297 498 1369 Exponam
517 1303 538 1334 ²
595 1297 742 1352 enim
793 1313 1007 1352 omnem
1058 1297 1322 1352 rationem
1382 1295 1511 1352 facti
1561 1302 1617 1350 et
1661 1295 1873 1351 consilii
1922 1296 2044 1349 mei.

223 1398 396 1453 Instat
415 1403 436 1435 ⁸
474 1414 650 1453 annus
690 1397 970 1469 egregius!
1049 1396 1148 1452 Est
1167 1402 1189 1434 4
1227 1396 1371 1451 enim
1399 1395 1456 1450 C.
1497 1395 1799 1450 Herennius
1831 1393 2049 1464 quidam

224 1498 476 1553 tribunus
496 1497 664 1570 plebis
683 1539 698 1562 ,
738 1497 896 1552 homo
913 1502 936 1534 ⁵
959 1513 1087 1552 sane
1115 1512 1347 1568 nequam
1379 1502 1541 1567 atque
1567 1510 1756 1565 egens:
1782 1493 1999 1567 (Sextus
2011 1499 2052 1558 ⁶,

224 1605 376 1671 pater
395 1598 537 1662 eiuS,
570 1613 820 1652 nummos
840 1595 1130 1651 tribulibus
1167 1594 1405 1651 dividere
1437 1594 1658 1668 solebat)
1682 1595 1730 1649 is
1753 1593 1823 1650 ad
1843 1593 2049 1667 plebem

221 1699 282 1755 P.
315 1697 560 1754 Clodium
596 1695 870 1758 traducit3
928 1694 1195 1774 idemque³
1213 1693 1320 1750 fert
1338 1736 1355 1760 ,
1407 1700 1470 1751 ut
1509 1694 1794 1751 universus
1826 1694 2052 1767 populus
2143 1690 2150 1730 Τ

222 1800 282 1854 in
339 1815 528 1870 campo
584 1797 775 1852 Martio
813 1795 1135 1868 suffrag-ium
1186 1796 1254 1850 de
1302 1812 1362 1851 re
1400 1795 1568 1851 Clodii
1605 1794 1759 1851 ferat.
1838 1795 2011 1868 Igitur
2030 1801 2054 1832 ⁷
2137 1851 2139 1854 .

225 1901 285 1955 P.
324 1898 539 1954 Clodius
575 1915 608 1952 a
645 1903 860 1952 crocota
880 1938 895 1961 ,
952 1913 984 1952 a
1022 1897 1187 1951 mitra
1207 1937 1222 1961 ,
1274 1913 1305 1952 a
1344 1895 1696 1951 muliebribus
1733 1896 1892 1952 soleis
1930 1913 2053 1969 pur-

226 1999 521 2073 pureisque
553 1997 816 2062 fascioliS,
835 2014 868 2052 a
887 1995 1156 2068 strophi0‚
1187 2013 1219 2051 a
1251 1995 1532 2068 psalterio,
1564 2011 1598 2050 a
1617 1995 1849 2067 flagitio,
1881 2012 1914 2051 a
1944 2003 2055 2051 stu-

227 2116 324 2172 pro
362 2104 444 2153 est
484 2096 659 2152 factus
686 2102 907 2168 repente
944 2095 1232 2168 popularis,
1310 2095 1425 2151 Nisi
1463 2112 1588 2151 eum
1619 2096 1875 2151 mulieres
1906 2114 2053 2152 exor·

229 2206 420 2256 natum
458 2199 534 2254 ita
566 2180 1074 2270 deprehendissent:
1109 2197 1215 2252 nisi
1253 2213 1319 2252 ex
1344 2188 1408 2252 eo
1437 2196 1576 2263 loco,
1615 2214 1721 2270 quo
1752 2215 1877 2255 eum
1909 2199 2058 2254 adire
2147 2192 2150 2194 ’

232 2303 314 2358 sas
352 2318 459 2356 non
497 2306 614 2355 erat
633 2341 649 2365 ,
680 2298 1001 2354 ancillarum
1040 2297 1299 2354 beneficio
1335 2299 1567 2355 emissus
1604 2306 1777 2355 esset:
1817 2300 2058 2373 populari

231 2403 448 2458 homine
505 2399 731 2472 populus
789 2398 1060 2455 Romanus
1080 2441 1095 2465 ‚
1154 2399 1454 2472 respublica
1509 2401 1626 2456 cive
1681 2401 1778 2456 tali
1832 2410 2058 2459 careret.

236 2503 385 2558 Hanc
435 2500 502 2558 oh
557 2498 850 2555 amentiam
895 2506 1144 2570 arreptus
1195 2506 1278 2555 est
1329 2516 1471 2556 unus
1508 2516 1575 2556 ex
1631 2503 1873 2573 patriciis
1891 2542 1907 2568 ‚
1966 2506 2056 2561 cui
2137 2487 2150 2579 3

233 2603 452 2659 tribuno
489 2598 658 2674 plebis
709 2598 827 2654 fieri
878 2615 984 2653 non
1023 2598 1226 2655 liceret.
1306 2600 1376 2655 Et
1396 2606 1418 2638 ⁸
1475 2606 1656 2656 tamen
1697 2617 1803 2657 non
1841 2604 2059 2660 simula·
2137 2600 2150 2662 ’ἐ

236 2705 328 2760 bat
347 2746 362 2769 ,
401 2700 497 2758 sed
534 2700 690 2773 plane
721 2699 973 2755 tribunus
1011 2699 1179 2771 plebis
1218 2698 1335 2754 fieri
1374 2699 1639 2772 cupiebat.
1718 2706 1808 2758 31.
1850 2704 1965 2772 Qua
1997 2706 2062 2762 de
2137 2688 2150 2782 Ξ

238 2822 298 2860 re
335 2818 504 2875 quum
545 2802 601 2855 in
640 2806 831 2855 senatu
869 2806 1145 2871 ageretur,
1185 2799 1323 2871 fregi
1354 2799 1626 2856 hominem
1665 2808 1719 2856 et
1758 2801 2062 2860 inconstan-

241 2906 373 2960 tiam
412 2903 530 2957 eius
567 2899 920 2973 reprehendi,
972 2901 1067 2971 qui
1105 2900 1304 2956 Romae
1342 2900 1678 2958 tribunatum
1717 2902 1885 2975 plebis
1921 2912 2064 2977 pete·
2130 2895 2150 2971 J

242 3014 362 3071 ret,
414 3019 582 3077 quum
623 3002 679 3057 in
731 2999 914 3056 Sicilia
958 3017 1115 3074 saepe
1152 3001 1480 3059 aedilitatem
1513 3021 1570 3060 se
1609 3010 1789 3077 petere
1826 3006 2063 3063 dictitas·
2129 2985 2150 3069 2⁴

247 3173 455 3194 ᾔ

305 3295 343 3350 ι)
375 3289 508 3350 Epist.
539 3288 591 3333 ad
612 3257 659 3333 1¹..
680 3289 915 3333 Lentulum
950 3288 1024 3346 (ad
1054 3291 1173 3334 Fam.
1192 3292 1226 3333 1.
1251 3291 1293 3334 9.
1328 3291 1467 3348 §15.)
1500 3315 1558 3324 ·—
1592 3292 1629 3349 ²)
1662 3302 1734 3352 pro
1765 3294 1907 3347 Sextio
1938 3309 1973 3341 c,
1995 3300 2065 3342 16.
2126 3330 2127 3334 ,

246 3372 364 3430 §36.
397 3395 454 3402 —-
487 3369 527 3426 3)
561 3366 616 3411 ad
662 3370 755 3411 Att.
795 3370 826 3413 1.
868 3370 939 3412 18.
968 3369 1052 3424 §3.
1087 3393 1144 3400 —-
1177 3368 1218 3426 4)
1252 3366 1362 3412 Ibid.
1402 3370 1426 3425 ᾗ
1457 3370 1497 3413 4.
1532 3395 1587 3401 -
1623 3371 1663 3427 5)
1695 3369 1747 3414 ad
1790 3373 1884 3416 Att.
1918 3375 1952 3418 1.
1994 3376 2065 3419 19.
2132 3383 2144 3390 ·’

249 3453 276 3509 ᾗ
304 3454 344 3496 5,
378 3474 438 3483 -
470 3449 510 3506 6)
543 3447 596 3491 ad
619 3450 710 3491 Att.
745 3450 776 3492 J.
812 3450 881 3491 18.
917 3448 942 3504 ᾗ
978 3449 1014 3492 4.
1050 3472 1106 3481 -
1142 3448 1182 3504 7)
1214 3444 1265 3490 (lc
1299 3448 1477 3507 llarusp.
1518 3450 1637 3508 Hesp.
1672 3462 1705 3492 c.
1742 3451 1813 3494 21.
1847 3449 1872 3506 ᾗ
1902 3452 1971 3496 44,
2006 3477 2066 3489 —

251 3531 291 3588 8)
324 3526 376 3573 ad
402 3528 495 3571 Att.
529 3527 582 3570 ll.
615 3527 699 3582 1.§
735 3530 774 3570 5.
