2150 3990
226 232 329 283 202
805 246 1015 284 emano
1063 247 1131 284 ne
1182 246 1316 283 vrrA
1365 243 1468 283 SUA

217 388 308 442 sed
344 389 523 441 ‘etiam‘
560 387 803 458 augebat.
884 387 1017 441 Nam
1070 388 1235 442 ceteri
1286 387 1494 441 dolores
1529 371 1848 454 mitigantur
1893 387 2036 436 vetu-

116 553 120 556 Δ
213 494 349 542 state
370 494 383 552 4
445 487 531 541 hic
589 505 694 541 non
735 493 960 559 poterat
1000 505 1105 542 non
1151 494 1204 542 et
1256 503 1416 542 sensu
1456 483 1752 558 praesentis
1790 482 2039 536 miseriae

212 595 267 643 ct
313 587 679 642 recordatione
731 588 1053 660 praeteritae
1091 589 1232 642 vitae
1271 586 1509 659 quotidie
1546 584 1750 655 augeri.
1829 581 2038 636 Deside-

215 687 398 742 rabam
431 689 575 742 enim
617 705 720 742 non
755 705 873 742 mea
913 687 1086 742 solum
1125 701 1298 758 neque
1343 694 1525 750 meos,
1578 684 1671 738 sed
1709 699 1795 737 me
1842 683 2034 753 ipsum.

212 787 353 855 Quid
393 789 537 841 enim
576 786 767 842 eram?
847 788 1054 854 Quaeso
1076 793 1111 851 ¹,
1165 785 1368 857 ecquod
1409 791 1622 840 tantum
1673 783 1877 838 malum
1922 788 2039 844 est,

214 889 354 959 quod
400 889 454 942 in
495 904 614 941 mea
666 886 971 941 calamitate
1017 904 1122 941 non
1162 887 1339 941 esset?
1397 888 1581 958 ecquis
1630 901 1888 957 umquam
1930 890 2038 936 tam

211 1005 277 1042 ex
318 987 494 1058 amplo
546 992 728 1049 statu,
786 992 899 1040 tam
940 987 995 1039 in
1035 986 1170 1040 bona
1213 1003 1441 1050 cau-ssa,
1499 983 1665 1040 tantis
1697 984 2042 1039 facultatibus

211 1086 442 1156 ingenii,
493 1083 740 1149 consilii,
794 1087 1035 1157 gratiae,
1093 1087 1260 1140 tantis
1299 1086 1581 1158 praesidiis
1618 1085 1880 1139 bonorum
1932 1098 2040 1137 om-

213 1187 395 1250 nium,
417 1186 703 1240 concidit?
769 1184 1011 1258 poteram
1033 1186 1277 1242 oblivisci
1297 1195 1315 1251 ‚'
1349 1186 1447 1258 qui
1479 1184 1743 1240 fuissem?
1785 1183 1891 1237 non
1925 1199 2040 1237 sen·

209 1288 313 1342 tire
334 1329 348 1351 ,
371 1286 692 1358 quiessem?
717 1303 821 1358 quo
842 1303 1083 1341 carerem
1103 1286 1302 1341 honore
1325 1286 1345 1339 ?
1378 1302 1485 1356 qua
1505 1284 1716 1356 gloria?
1743 1289 1827 1339 15.
1852 1283 1991 1351 Quid
2002 1289 2040 1348 2,

211 1387 353 1458 quod
392 1387 575 1443 eodem
617 1394 856 1459 tempore
885 1387 1254 1442 desiderabam
1289 1387 1484 1442 filiam?
1526 1402 1631 1458 qua
1664 1386 1861 1457 pietate
1883 1428 1897 1449 ,
1936 1401 2042 1455 qua

210 1486 496 1552 modestia,
525 1504 634 1560 quo
664 1488 911 1559 ingenio!
948 1486 1180 1558 effigiem
1206 1487 1347 1551 oris,
1377 1487 1670 1550 sermoniS,
1703 1485 1871 1539 animi
1899 1485 2038 1539 mei!

208 1587 350 1654 Quid
395 1587 567 1641 filium
617 1587 1063 1641 venustissimum
1121 1586 1363 1658 mihique
1409 1585 1828 1640 dulcissimum?
1879 1575 2041 1657 quem

210 1704 308 1759 ego
349 1687 495 1741 ferus
533 1705 596 1741 ac
637 1686 844 1742 ferreus
888 1701 919 1742 e
956 1687 1240 1759 complexu
1279 1676 1593 1742 dimi-seram
1628 1702 1750 1741 meo
1769 1729 1784 1751 ,
1825 1686 2041 1758 sapien*

209 1789 403 1842 tiorem
432 1802 660 1859 puerum
699 1804 863 1860 quam
902 1787 1111 1843 vellem.
1193 1786 1490 1842 Senticbat·
1514 1787 1659 1842 enim
1693 1783 1860 1844 miser
1897 1787 2041 1849 iam,

208 1889 338 1961 quid
360 1893 645 1960 ageretur.
723 1889 864 1956 Quid
896 1905 1022 1943 vero
1043 1887 1228 1942 fratris
1257 1886 1471 1942 filium?
1512 1887 1805 1958 imaginem
1840 1887 2041 1958 patris!
2103 1927 2109 1934 ,

209 1990 370 2061 quem
410 2007 564 2045 meus
603 1991 786 2046 Cicero
817 1987 872 2045 et
910 1990 1158 2054 amabat,
1193 1994 1254 2043 ut
1292 1988 1548 2053 fratrem,
1573 1986 1630 2042 et
1665 1989 1806 2052 iam,
1841 1993 1901 2042 ut
1934 2003 2044 2042 ma-

209 2093 375 2145 iorem
416 2091 670 2155 fratrem,
702 2091 1004 2145 verebatur:
1048 2112 1053 2114 >
1086 2089 1264 2158 Quid?
1306 2084 1469 2161 quod*
1489 2089 1772 2143 mulierem
1801 2089 2045 2142 miserri2

210 2207 354 2246 mam
376 2234 390 2257 ,
430 2191 799 2247 fidelissimam
839 2192 1123 2264 coniugem
1144 2234 1159 2256 ‚
1193 2204 1280 2245 me
1318 2190 1571 2262 prosequi
1605 2197 1710 2243 non
1743 2176 1892 2244 eram
1926 2202 2041 2261 pas·

210 2311 337 2358 sus,
372 2299 434 2347 ut
474 2299 643 2358 esset,
685 2293 1460 2366 quae'reliquias'communis
1500 2290 1873 2356 calamitati-ss
1901 2307 2041 2345 com·

208 2411 398 2450 munes
416 2395 612 2449 liberos
628 2395 967 2459 ‚tuereturl’
1046 2383 1841 2449 Mitto-³·-cetera'intolerabilia.
1921 2393 2041 2447 Ete-

210 2486 498 2550 nimssetu
529 2493 808 2565 impedior.
1175 2499 1180 2504 '
1292 2504 1294 2507 ·

281 2695 425 2750 VIII.
511 2698 595 2749 1²6.
639 2696 907 2763 Quintus*
949 2703 1130 2751 autem
1171 2695 1338 2751 frater
1377 2710 1544 2768 quum
1584 2711 1649 2751 ex
1689 2697 1814 2751 Asia
1847 2696 2041 2751 disces·

209 2799 368 2852 sisset
414 2801 538 2851 ante
576 2796 692 2850 Kak
734 2797 853 2851 Mai.
900 2803 953 2852 et
993 2796 1230 2852 Athenas
1256 2797 1504 2851 'venisset
1545 2795 1708 2861 ldib.,
1749 2794 1902 2850 valde
1940 2795 2043 2851 fuit

210 2900 261 2954 ei
301 2899 726 2971 properandum,
779 2898 1014 2970 nequid
1061 2898 1252 2953 absens
1292 2899 1558 2970 acciperet
1597 2897 1956 2962 calamitatis,
1997 2898 2042 2952 si
2143 2905 2150 2973 j

211 2999 333 3071 quis
380 2999 515 3055 forte
552 2998 744 3054 fuisset
766 3012 794 3064 ,’·
839 3000 933 3071 qui
974 3005 1262 3054 'contentus
1296 2990 1505 3054 vnostris
1541 2998 1699 3054 malis
1726 3008 1849 3052 non·
1884 3003 2038 3053 esset⁸⁰
2134 2977 2145 3067 ἶ,

214 3102 399 3173 Itaque
438 3104 562 3157 eum
595 3100 764 3155 malui
798 3103 1087 3172 properare
1127 3101 1351 3155 Romam
1372 3143 1387 3167 ,
1421 3113 1583 3173 quam
1615 3098 1681 3154 ad
1715 3116 1801 3153 me
1831 3100 2040 3161 venire}
2115 3092 2131 3100 ''

214 3208 267 3255 et
307 3202 467 3256 simul
511 3197 708 3276 (dicam
743 3202 910 3267 enim,
962 3201 1102 3272 quod
1142 3217 1331 3256 verum
1372 3200 1485 3261 est;
1524 3215 1587 3253 ex
1629 3215 1733 3270 quo
1772 3200 2039 3270 magnitu-

278 3453 313 3507 1)
346 3448 398 3492 ad
424 3452 513 3494 Att.
547 3454 623 3494 Ill.
659 3453 728 3495 10.
764 3454 789 3509 ᾗ
817 3454 859 3496 2.
893 3477 945 3483 -
986 3452 1024 3507 2)
1057 3448 1111 3492 ad
1150 3453 1199 3507 Q.
1235 3448 1414 3493 fratrem
1448 3452 1481 3493 1.
1516 3450 1605 3504 3.§
1637 3452 1676 3491 3.
1714 3473 1770 3481 —--
1803 3449 1842 3507 ⁵)
1861 3447 1913 3492 ad
1947 3449 2038 3493 Au.

218 3531 295 3572 ιιι.
332 3530 400 3570 10.
436 3529 460 3584 ς
495 3529 536 3571 2.
571 3554 627 3560 -
660 3529 700 3586 4)
734 3529 785 3573 ad
820 3533 913 3572 Aa..
949 3530 1022 3571 ιιι.
1058 3529 1097 3570 o.
1133 3529 1156 3583 ς
1192 3530 1232 3570 1.
