2158 4030
398 260 451 315 L.
477 260 540 315 11.
585 277 628 313 e.
656 258 838 314 xxv1.
883 259 921 331 S
951 261 1016 312 72
1058 289 1132 297 —
1170 275 1215 311 c.
1243 257 1478 312 XXVIII.
1522 258 1560 330 g
1588 263 1672 311 75.
1882 261 1950 310 87

127 411 335 484 pilarat.
409 410 648 467 Cornelio
681 408 942 466 eiusmodi
977 408 1110 463 nihil
1144 408 1513 463 obiiciebatur.
1593 407 1838 463 codicem
1881 408 1949 463 le-

126 514 269 583 gisse
321 510 626 566 dicebatur:
667 508 1083 573 defendebatur,
1137 509 1364 564 testibus
1396 508 1613 579 collegis
1652 509 1794 571 suis,
1849 525 1952 561 non

126 611 388 667 recitandi
448 629 637 666 caussa
694 611 884 683 legisse
906 652 919 674 ‚
979 609 1070 664 scd
1131 608 1562 680 recognoscendi.
1667 607 1954 663 Constabat

125 718 336 776 tamen,
374 710 678 766 Cornelium
707 710 994 766 concilium
1022 710 1112 765 illo
1135 710 1222 765 die
1241 710 1539 774 dimisisse,
1581 709 1952 764 intercessioni

125 811 387 885 paruisse.
468 810 805 866 Accusabat¹
854 810 1158 866 Cornelium
1210 811 1264 867 (2.
1293 811 1568 866 Cominius
1620 809 1955 883 Spoletinus:

125 912 182 967 in
214 927 320 984 quo
363 917 419 966 et
458 912 815 983 compositum
854 910 1069 966 dicendi
1100 927 1270 982 genus
1302 917 1357 967 et
1389 927 1513 966 acre
1546 916 1600 965 et
1645 908 1954 981 expeditum

123 1011 244 1068 ruit.
327 1015 414 1068 74.
456 1012 559 1068 Pro
604 1012 665 1067 A.
707 1012 1003 1068 Cluentio
1050 1011 1298 1084 respondi
1338 1011 1670 1068 accusationi
1712 1010 1771 1065 Τ.
1803 1011 1952 1065 Accii

123 1113 488 1175 Pisaurensis;
527 1113 620 1185 qui
660 1119 715 1169 et
746 1119 998 1168 accurate
1031 1112 1243 1168 dicebat
1273 1119 1329 1168 et
1361 1113 1494 1167 satis
1532 1112 1772 1184 copiose,
1812 1117 1950 1166 erat·

123 1229 228 1286 ,que
271 1219 548 1286 praeterea
592 1212 785 1268 doctus
834 1213 1195 1284 Hermagorae
1238 1214 1566 1285 praeceptis;
1617 1211 1814 1283 quibus
1853 1211 1955 1266 etsi

118 1318 439 1371 ,ornamenta
471 1328 577 1367 non
617 1312 750 1367 satis
782 1312 960 1383 opima
986 1311 1230 1376 dicendi,
1270 1319 1449 1366 tamen
1472 1352 1488 1375 ,
1527 1317 1590 1365 ut
1621 1310 1806 1364 bastae
1832 1310 1956 1365 veli·

120 1411 269 1469 tibus
301 1418 634 1476 emeritanae,
673 1412 751 1466 sic
784 1418 909 1483 apta
941 1411 1204 1483 quaedam
1233 1417 1287 1466 et
1320 1416 1506 1483 parata
1539 1409 1771 1480 singulis
1803 1426 1952 1465 caus-

115 1528 308 1571 sarum
368 1511 659 1585 generibus
728 1510 1049 1583 &rgumenta
1115 1511 1425 1567 traduntur.
1534 1508 1903 1565 Animadverti
1940 1517 1960 1546 ²

119 1619 336 1680 autem,
374 1626 588 1671 emnem
622 1614 956 1670 accusatoris
987 1614 1284 1670 orationem
1318 1614 1375 1667 in
1414 1612 1549 1668 duas
1581 1611 1811 1668 divisam
1843 1629 1960 1668 esse

119 1719 333 1787 partes,
385 1730 616 1787 quarum
649 1713 820 1770 altera
858 1713 992 1770 mihi
1027 1715 1128 1769 niti
1167 1722 1223 1771 et
1261 1730 1457 1786 magno
1494 1731 1652 1786 opere
1691 1712 1959 1769 confidere

124 1813 413 1874 videbatur,
438 1814 640 1875 invidia
672 1816 780 1871 iam
807 1815 1106 1871 inveterata
1140 1814 1327 1871 iudicii
1356 1815 1602 1880 lunium,
1640 1813 1810 1870 altera
1845 1820 1958 1872 tan,-

125 1922 245 1972 tum
281 1913 440 1972 modo
470 1914 878 1972 consuetudinis
915 1932 1109 1972 caussa
1141 1915 1331 1972 timide
1368 1923 1423 1973 et
1455 1915 1763 1972 diffidenter
1799 1914 1961 1970 attin-

11 2012 13 2019 ‘
118 2016 549 2089 vgere—rationem
575 2017 820 2075 veneficii
854 2018 1178 2080 criminum;
1216 2034 1324 2090 qua
1356 2016 1423 2074 de
1449 2034 1508 2074 ne
1540 2016 1656 2089 lege
1680 2023 1800 2072 erat
1826 2014 1957 2072 baec

113 2117 370 2191 quaestio
393 2118 707 2177 constituta-
761 2118 949 2190 ltaque
982 2117 1118 2174 mihi
1138 2125 1351 2174 certum
1369 2123 1518 2182 erat,
1544 2117 1683 2172 banc
1714 2116 1958 2172 eamdem

120 2217 560 2299 distributionem
575 2219 809 2276 invidiae
827 2226 884 2276 et
901 2219 1199 2275 criminum
1218 2219 1297 2274 sic
1315 2219 1370 2274 in
1391 2216 1699 2274 defensione
1717 2234 1961 2282 servare,

114 2325 189 2376 ,ιιι
211 2337 417 2378 omnes
462 2319 853 2392 intelligerent,
895 2319 1030 2377 nihil
1069 2337 1156 2376 me
1190 2337 1286 2375 nec
1320 2318 1693 2391 subterfugere
1733 2319 1964 2375 voluisse

117 2420 426 2487 reticendo,
468 2439 566 2478 nec
597 2422 886 2479 obscurare
918 2421 1163 2478 dicendo.

114 2621 438 2681 .-xxan
522 2628 609 2679 75.
650 2623 987 2679 Multarum³
1040 2640 1224 2679 rerum
1277 2623 1479 2679 iudicia
1529 2630 1836 2696 praetereo,
1896 2641 1963 2678 ne

115 2723 386 2795 quem-in
426 2722 689 2780 iudicium
724 2725 895 2780 oratio
928 2742 1048 2780 mea
1086 2742 1338 2781 revocare
1370 2725 1636 2780 videatur.
1717 2726 1787 2780 At
1807 2731 1827 2762 ⁴
1861 2724 1959 2780 boc

123 2822 238 2878 loco
275 2823 408 2879 illud
445 2841 569 2883 non,
597 2842 734 2898 queo
778 2827 1091 2898 praeterire.
1170 2827 1225 2881 C.
1247 2832 1272 2863 ⁵
1310 2832 1364 2881 et
1395 2825 1452 2880 L.
1491 2824 1724 2880 Fabricii
1766 2824 1961 2879 fratres·

125 2924 328 2995 gemini
367 2924 588 2981 fuerunt
626 2944 690 2982 ex
732 2927 1030 2999 municipio
1070 2926 1388 2990 Aletrinati,
1438 2925 1684 2980 homines
1721 2926 1865 2980 inter
1903 2944 1961 2980 se

115 3041 293 3096 ‚quum
314 3024 492 3081 forma.
504 3032 623 3082 tum
649 3028 890 3083 moribus
909 3028 1113 3083 similes
1129 3070 1143 3093 ,
1170 3028 1509 3099 municipum
1536 3032 1717 3080 autem
1738 3043 1959 3083 suorum

114 3228 449 3300 aequabilis,
486 3245 650 3301 quam
690 3228 800 3285 fere
839 3232 1082 3286 omnium
1128 3239 1380 3286 constans
1420 3236 1474 3285 et
1514 3228 1787 3283 moderata
1820 3230 1958 3283 ratio

189 3411 227 3468 ι)
250 3412 374 3455 Brut.
405 3412 534 3454 αἵθ.
568 3411 709 3467 §271.
744 3435 803 3444 --
836 3414 875 3470 ¹)
899 3428 975 3473 pro
1003 3412 1205 3459 Cluentio
1234 3429 1272 3459 c.
1291 3416 1331 3457 1.
1365 3413 1452 3469 §L
1480 3437 1540 3445 —
1574 3412 1614 3470 5)
1643 3415 1812 3475 Fragm.
1834 3418 1957 3459 Orat.

129 3503 205 3547 pro
222 3487 415 3533 Cornelio
434 3491 465 3532 Ι.
494 3487 561 3546 (iu
578 3487 680 3533 edit.
713 3486 866 3533 Nohbii
883 3506 921 3549 p.
941 3493 1083 3547 1292,
1116 3507 1161 3537 n.
1179 3493 1276 3549 17.)
1309 3517 1365 3524 --
1396 3492 1438 3548 4)
1454 3488 1509 3535 ad
1525 3492 1617 3535 Ait.
1637 3494 1670 3536 1.
1691 3494 1761 3538 19.
1786 3494 1811 3549 ᾗ
1829 3497 1869 3539 3.
1898 3520 1953 3527 -

124 3568 164 3624 ³)
189 3582 262 3626 pro
287 3566 489 3613 Cluentio
520 3583 556 3612 c.
574 3570 643 3612 16.
666 3568 691 3623 §
712 3569 783 3611 46.
