2210 3970
563 263 1532 304 rourmus—rnoviucns.
1853 251 1963 304 8253

192 402 282 445 Sex.
316 406 361 446 et
382 403 458 445 Cn.
494 403 797 459 Pompeius,
830 402 904 445 Cn.
923 402 1028 456 filii,
1051 403 1104 445 ad
1136 403 1331 444 lundam
1359 404 1509 445 urbem
1525 403 1759 445 vincuntur
1786 415 1828 458 p.
1851 401 1960 446 774.

143 493 145 496 <
194 469 496 526 Pomponia,
529 466 659 511 Attici
694 483 842 519 soror,
878 470 1003 511 nubit
1035 471 1082 524 Q.
1108 471 1299 511 Ciceroni
1331 470 1440 511 591.

193 533 238 578 T.
273 536 587 591 Pomponius
632 535 825 588 Atticus,
870 536 1186 591 condiscipulus
1218 537 1431 577 Ciceronis
1470 537 1577 578 088.
1620 548 1717 577 cum
1754 534 1957 577 Cicerone

130 602 197 643 ius
234 602 359 644 civile
396 602 572 643 docetur
606 603 718 657 apud
749 602 983 644 Scaevolam
1018 603 1125 644 544.
1172 603 1337 643 confert
1382 615 1428 643 se
1466 603 1653 644 Athenas
1694 603 1803 645 558.
1846 602 1967 644 audit

126 666 386 711 Antiochum
419 680 516 709 cum
549 668 822 709 Ciceronibus
860 668 967 710 589.
1003 669 1104 710 item
1138 668 1371 710 Phaedrum
1404 673 1449 709 et
1482 669 1691 710 zenonem
1729 667 1837 712 570.
1870 682 1969 710 cum

128 733 335 776 'Cicerone
370 734 565 776 initiatur
597 735 807 788 mysteriis
837 735 1061 776 Eleusiniis
1094 733 1202 778 570.
1238 734 1509 790 epistolarum
1543 735 1838 776 commercium
1873 747 1971 776 cum

126 799 335 842 Cioercne
365 799 474 841 591.
520 798 651 841 Attici
689 813 806 842 soror
841 801 1051 855 nubitQ.
1080 802 1269 842 Ciceroni
1308 800 1416 842 591.
1461 801 1627 842 Atticus
1658 802 1829 842 Romam
1863 801 1974 842 redit

135 865 245 908 808.
279 879 304 908 a
330 867 380 921 Q.
409 866 609 908 Cicerone
643 867 848 909 invitatur
881 871 931 908 ut
961 866 1043 908 sibi
1071 867 1198 921 legati
1223 867 1315 908 loeo
1348 867 1406 908 sit
1435 867 1481 908 in
1512 867 1649 908 Asiam
1683 866 1970 922 proficiscenti

135 932 246 975 050.
292 932 346 974 ad
387 931 574 975 Atticum
620 934 671 974 u.
706 934 851 975 Cicero
896 934 1028 975 mittit
1067 934 1419 975 Commentariun
1458 934 1706 975 consulatus
1750 934 1819 975 sui
1861 932 1971 975 055.

133 998 263 1041 Attici
296 998 467 1042 hortatu
499 999 643 1041 Cicero
677 999 814 1041 fllium
849 1013 973 1040 suum
1007 1000 1242 1041 studiorum
1286 1013 1434 1041 caussa
1471 1001 1602 1041 mittit
1636 1000 1824 1040 Athenas
1860 996 1971 1044 771.

130 1062 493 1107 eodembortante
511 1066 740 1107 Varronem
766 1065 1123 1121 disputationibus
1140 1066 1398 1107 Academicis
1415 1067 1603 1108 inserere
1619 1065 1844 1107 constituit
1863 1063 1974 1110 778.

144 1143 165 1157 ”
198 1130 245 1173 C.
279 1130 644 1195 Pomptinuss
649 1132 983 1186 .,Pcmptinius
1018 1137 1184 1186 praetor
1212 1133 1257 1174 in
1285 1133 1510 1174 consulatu
1538 1133 1752 1174 Ciceronis
1780 1131 1889 1174 081.
1925 1133 1971 1173 in

135 1196 311 1239 Calliam
338 1192 555 1254 profectus
588 1197 729 1239 domet
756 1197 1000 1251 Allobrogas
1034 1197 1142 1239 054.
1178 1198 1342 1254 legatus
1375 1199 1588 1241 Ciceronis
1621 1199 1666 1239 in
1693 1198 1835 1240 Cilicia
1864 1197 1974 1242 788.

127 1288 181 1373 ·b
196 1263 251 1372 ἃ.
285 1264 507 1375 Pgutius
540 1262 716 1319 Aquila,
751 1265 906 1319 ¹‘ospes
939 1265 1178 1315 Ciceronis,
1213 1277 1238 1306 e
1272 1265 1489 1320 provincis
1522 1264 1773 1317 redeuntis,
1807 1266 1853 1306 in
1880 1265 1977 1307 Tre-

165 1341 192 1372 u
236 1342 294 1372 no
356 1331 416 1373 88

202 1394 427 1439 Pontius
461 1395 678 1446 Glaucus,
714 1409 859 1453 poema
887 1398 1100 1439 Ciceronis
1133 1398 1244 1442 540.

202 1461 256 1505 Ι.
290 1462 535 1518 Popilius
579 1464 736 1505 laenas
756 1494 768 1517 ,
813 1476 1038 1519 percussor
1070 1464 1282 1505 Ciceronis
1314 1464 1424 1506 880.
1458 1478 1483 1506 s
1514 1464 1717 1505 Cicerone
1749 1462 1977 1518 aliquando

124 1528 338 1572 defensus
369 1529 478 1572 881.
519 1532 696 1586 'propter
740 1531 911 1573 caedem
943 1531 1155 1572 Ciceronis
1189 1530 1243 1571 ab
1284 1529 1471 1572 Antonio
1513 1534 1741 1572 coronatur
1773 1536 1819 1572 et
1849 1543 1980 1587 supra

135 1595 566 1652 pectum‘preemium
599 1608 750 1651 magna
782 1597 963 1652 pecunia
995 1597 1178 1639 donatur
1207 1596 1318 1639 888.

205 1661 418 1715 Porcia,
453 1673 571 1705 soror
602 1656 654 1705 Ι.
683 1664 883 1716 Catonis,
918 1663 1123 1717 singulari
1156 1664 1316 1718 scripto
1350 1662 1546 1706 laudatur
1577 1677 1601 1705 s
1629 1663 1830 1706 Cicerone
1866 1661 1977 1707 774.

203 1729 252 1771 1..
287 1729 506 1771 Porcius
539 1730 665 1781 Cato,
699 1742 787 1771 cos.
825 1718 879 1787 (a.
910 1720 1022 1786 885)
1060 1729 1168 1771 544.

203 1793 257 1837 1.
290 1794 509 1836 Porcius
554 1796 685 1848 Cato,
731 1795 994 1850 subscriptor
1044 1796 1088 1837 in
1139 1807 1287 1837 caussa
1331 1797 1527 1838 lurenae
1567 1795 1677 1840 087.
1722 1798 1978 1840 sententiam

140 1859 246 1903 dicit
277 1859 331 1903 de
364 1860 593 1916 puniendis
629 1861 860 1903 coniuratis
892 1861 986 1903 888
1016 1873 1081 1916 sq.
1127 1861 1302 1902 summis
1331 1862 1527 1904 laudibus
1554 1862 1679 1904 effert
1710 1864 1979 1905 consulatum

139 1926 352 1971 Ciceronis
388 1925 498 1969 041.
543 1927 743 1970 dissentit
775 1941 799 1970 a
832 1928 1032 1969 Cicerone
1063 1927 1172 1970 858.
1214 1928 1374 1969 invitus
1405 1929 1590 1970 mittitur
1628 1929 1673 1970 in
1707 1931 1889 1986 Cyprum
1928 1930 1980 1971 sd

137 1993 406 2050 spoliandum
440 2006 572 2049 regno
607 1994 892 2036 Ptolemaeum
922 1993 1032 2038 078.
1066 1998 1214 2035 auctor
1246 1999 1314 2035 est
1346 1995 1529 2049 negandi
1566 1996 1708 2036 auxilii
1737 1998 1825 2050 regi
1863 1996 1982 2038 Alex·

140 2059 320 2111 andriuo
346 2057 465 2102 094.
487 2051 769 2116 'reprehendit
800 2052 1043 2103 Ciceronem
1076 2060 1191 2115 quod
1223 2066 1399 2102 secutus
1427 2062 1484 2103 sit
1517 2062 1759 2117 Pompeium
1791 2062 1900 2105 740.
1934 2063 1980 2104 in

140 2125 256 2170 bello
287 2119 526 2168 Plsarsalico
559 2138 658 2168 cum
690 2128 878 2169 Varrone
909 2131 956 2169 et
987 2127 1189 2169 Cicerone
1222 2132 1412 2168 remanet
1445 2128 1690 2182 Dyrrhachii
1726 2128 1836 2172 749.
1882 2141 1983 2171 cou-

141 2193 228 2235 l’ert
258 2205 305 2236 se
333 2193 380 2234 in
406 2192 589 2248 „Ah-icam
622 2197 673 2235 ut
704 2194 863 2235 bellum
898 2198 1073 2235 renovet
1104 2191 1214 2237 751.
1258 2198 1436 2235 mortem
1469 2194 1550 2236 sibi
1583 2195 1811 2237 consciscit
1837 2196 1983 2238 Uticae

65 2264 69 2272 '
146 2258 256 2304 781.
291 2259 498 2314 singulari
531 2260 689 2315 scripto
722 2261 918 2302 laudatur
949 2274 972 2301 a
1006 2260 1207 2301 Cicerone
1244 2258 1353 2303 784.
1387 2262 1458 2302 cui
1490 2262 1638 2303 Caesar
1669 2264 1869 2317 opposuit
1900 2262 1984 2304 An·

143 2326 373 2369 ticetonem
404 2324 514 2370 784.
549 2327 601 2368 ad
634 2327 891 2369 laudandum
923 2327 1123 2368 Catonem
1155 2326 1298 2367 denuo
1323 2339 1369 2368 se
1402 2325 1587 2369 contulit
1617 2328 1669 2370 1.
1696 2330 1851 2371 Brutus
1870 2328 1982 2373 704.

208 2392 260 2435 1.
295 2393 511 2458 Porcius
558 2394 687 2435 Laeca
721 2394 963 2435 coniuratos
1003 2394 1049 2434 in
1089 2393 1259 2434 domum
1295 2406 1414 2435 suam
1457 2395 1609 2449 recipit
1639 2394 1749 2438 888.
1797 2408 1983 2452 compre-

126 2458 307 2502 hensus
338 2471 473 2515 quum
499 2460 614 2501 ossei
632 2488 645 2512 ,
677 2473 803 2502 nemo
835 2473 933 2501 eum
966 2459 1193 2501 defendere
1226 2472 1356 2501 susus
1389 2465 1457 2501 est
1487 2461 1597 2503 845.
1660 2471 1670 2477 ’

212 2526 458 2568 Porticus
502 2526 664 2575 Catuli,
699 2531 911 2567 exstructa
939 2525 992 2567 de
1025 2525 1235 2567 manubiis
1275 2526 1494 2568 Cimbricis
1532 2528 1640 2569 584.
1683 2540 1762 2583 per
1792 2527 1982 2571 Clodium

145 2593 286 2635 diruta
316 2590 425 2636 078.
459 2591 630 2648 publice
662 2593 860 2634 restituta
890 2592 999 2634 898.

211 2657 532 2701 Posidonius
565 2658 690 2701 docet
723 2659 965 2700 Ciceronem
1004 2657 1113 2701 578.
1148 2671 1173 2699 a
1206 2659 1432 2700 scribendo
1464 2659 1695 2702 deterritus
1729 2660 1840 2703 lecto
1870 2662 1985 2703 Cice-

146 2726 262 2768 ronis
295 2725 594 2767 commentario
626 2726 679 2766 de
712 2725 942 2766 Consulatu
976 2737 1054 2765 suo
1090 2724 1200 2767 855.

64 2776 78 2792 “
125 2813 130 2820 ·
212 2790 261 2834 Δ.
296 2790 596 2833 Postumius
630 2791 835 2843 Albinus,
867 2804 955 2832 ως.
990 2780 1044 2846 (ι.
1074 2782 1186 2847 0⁶5)
1224 2792 1332 2832 529.

216 2859 291 2900 Cn.
325 2858 654 2910 Postumius,
689 2857 952 2911 subscriptor
985 2858 1030 2897 in
1065 2870 1213 2898 caussa
1246 2858 1442 2899 Murenae
1474 2856 1583 2902 887.

214 2926 493 2966 Postumus
524 2938 567 2966 v.
601 2924 810 2965 Rabirius.

216 2991 432 3033 Praetor
477 2991 644 3032 cunctis
678 2990 889 3043 suffragiis
923 2990 1084 3044 primus
1118 2985 1389 3032 renuntiatur
1421 2991 1566 3033 Cicero
1603 2993 1711 3034 598.
1746 2999 1985 3048 praeturam

149 3058 259 3113 gerit
295 3057 404 3100 594.

216 3124 488 3178 Prodigia,
533 3124 686 3200 Romae
728 3123 836 3164 facta
872 3117 980 3164 808.
1023 3123 1068 3163 in
1103 3123 1226 3164 domo
1267 3124 1481 3166 Ciceronis
1513 3125 1623 3167 885.
1669 3127 1713 3166 in
1747 3140 1848 3181 agro
1881 3129 1989 3170 Lati-

131 3191 293 3233 niens'i·
326 3189 436 3234 897.

221 3258 568 3310 Prognostica
600 3253 715 3296 Arati
749 3270 772 3296 a
805 3257 1004 3297 Cicerone
1032 3262 1260 3298 vertuntur
1295 3256 1405 3300 857.

221 3325 266 3365 in
301 3324 628 3364 Provinciam
661 3324 722 3363 irc
756 3328 924 3363 recusat
955 3323 1098 3364 Cicero
1132 3330 1230 3378 post
1269 3329 1506 3379 praeturam
1544 3326 1652 3367 601.
1686 3328 1731 3367 in
1766 3329 1988 3370 consulatu

153 3390 330 3432 sortitus
363 3390 642 3432 lacedoniam
675 3390 872 3430 concedit
914 3389 1100 3430 Antonio
1135 3391 1243 3443 809.
1290 3392 1464 3432 Galliam
1513 3393 1771 3446 provinciam
1816 3395 1993 3451 deponit

154 3458 199 3497 in
228 3457 432 3498 concione
469 3457 578 3498 613.
612 3456 795 3497 Ciliciam
818 3456 979 3498 invitus
1013 3457 1191 3512 suscipit
1222 3458 1447 3511 regendam
1479 3458 1589 3501 788.

223 3523 275 3564 de
309 3524 606 3566 Provinciis
653 3524 899 3565 nominatim
933 3523 1080 3565 dandis
1110 3524 1246 3578 legem
1281 3525 1362 3567 sert
1395 3526 1563 3568 Clodius
1592 3526 1700 3570 888.
1735 3530 1788 3570 de
1823 3531 1991 3583 provin-
