2210 3970
200 231 306 282 658
659 234 987 276 ANNALES
1045 235 1553 275 CICERONIANI.

202 372 330 425 nino
365 370 638 425 abstinens
669 365 906 420 consiliis
943 363 1193 435 publicis3
1234 364 1424 420 deinde
1458 367 1512 419 in
1551 365 1743 420 Urbem
1771 380 2027 422 ‘reversus

202 475 376 523 totum
407 485 462 522 se
495 467 560 521 ad
595 466 859 520 sorensem
895 481 1109 536 operam
1131 463 1472 536 laboremque
1503 465 1723 521 confert.
1766 485 1835 521 1v.
1873 485 1918 522 e.
1945 473 2032 522 14.

208 573 295 623 54.
338 586 382 624 e.
411 572 498 621 17.
535 570 622 620 42.

271 668 355 712 Cic.
383 667 434 712 ad
464 670 558 711 Att.
595 680 646 711 11.
673 669 712 709 4.
734 667 777 709 2.
810 663 1191 708 Accommodatius
1215 665 1342 709 nobis
1371 666 1459 710 erit
1479 665 1540 710 ad
1566 646 1752 710 liberam
1781 666 2046 727 leyationem

213 753 386 806 tempus
415 743 562 800 illud,
595 761 729 805 quum
757 750 800 786 et
830 743 1024 800 Quintus
1056 748 1204 786 noster
1235 742 1353 798 iam,
1387 751 1438 787 ut
1469 759 1726 804 speramus,
1761 745 1809 789 in
1836 746 1926 790 otio
1946 760 2048 788 con·

212 823 377 868 sederit
404 830 472 878 et,
506 823 592 866 iste
617 820 820 864 sacerdos
846 822 997 863 Bonae
1026 821 1145 863 Deae
1172 820 1301 864 cuius
1318 821 1438 865 modi
1454 822 1653 881 futurus
1676 824 1766 878 sit,
1797 823 2047 868 scierimus.

213 904 390 946 Interea
423 899 598 960 quidem
630 914 726 941 cum
760 897 904 940 Musis
941 911 1022 939 nos
1053 895 1366 941 delectabimus
1397 900 1544 943 animo
1576 915 1741 960 aequo,
1785 900 1916 943 immo
1943 913 2047 942 vero

215 980 350 1024 etiam
388 977 605 1039 gaudenti
651 992 701 1019 ac
752 973 920 1018 libenti.
1000 976 1147 1034 Neque
1188 973 1302 1017 milti
1342 990 1552 1035 umquam
1593 978 1738 1021 veniet
1779 978 1828 1021 in
1863 985 2051 1021 mentem

222 1059 381 1100 Crasso
423 1054 617 1099 invidere
650 1069 789 1114 neque
814 1052 1060 1112 poenitere,
1100 1050 1220 1112 quod
1249 1067 1277 1094 a
1314 1068 1382 1095 me
1414 1052 1511 1112 ipse
1540 1069 1627 1097 non
1653 1054 1922 1099 desciverim.
1986 1057 2053 1098 De

223 1136 463 1194 Geograp
475 1132 594 1186 laia,
625 1129 733 1173 dabo
767 1146 967 1190 operam,
999 1137 1053 1173 ut
1095 1128 1180 1172 tibi
1218 1129 1532 1188 satisfaciam:
1564 1131 1646 1176 sed
1673 1133 1794 1177 nihil
1823 1133 1934 1178 certi
1954 1132 2055 1193 pol·

222 1211 367 1257 liceor.
431 1212 640 1270 Magnum
668 1223 779 1269 opus
805 1216 873 1251 est
889 1230 907 1262 ,-
938 1206 1018 1251 sed
1042 1213 1209 1259 tamen,
1244 1213 1296 1250 ut
1328 1206 1480 1270 iubes,
1514 1210 1698 1268 curabo,
1731 1219 1783 1256 ut
1816 1211 1951 1255 buius
1973 1226 2056 1271 pe-

222 1289 540 1352 regrinationis
572 1286 758 1348 aliquod
782 1285 867 1330 tibi
888 1301 999 1345 opus
1027 1290 1184 1328 exstet.
1253 1287 1315 1328 Tu
1342 1285 1564 1347 quidquid
1586 1288 1817 1350 indagaris
1849 1288 1902 1332 de
1928 1305 2058 1349 repu-

228 1369 344 1413 blica
363 1401 376 1423 ,
411 1375 453 1411 et
490 1367 682 1410 maxime
714 1356 833 1426 ⁵quos
859 1362 1061 1407 consules
1083 1363 1276 1422 futuros
1299 1372 1468 1425 putes,
1492 1365 1645 1425 facito
1675 1375 1728 1411 ut
1759 1368 1922 1412 sciam:
1951 1374 2062 1410 tam·

227 1448 315 1493 etsi
340 1447 489 1490 minus
516 1460 614 1488 sam
642 1443 859 1486 curiosus.
893 1441 1048 1484 Statui
1080 1443 1219 1499 enim,
1247 1443 1368 1488 nihil
1391 1445 1483 1488 iam
1510 1444 1563 1488 de
1590 1443 1817 1505 republica
1848 1444 2057 1505 cogitare.

223 1525 338 1572 Ibid.
374 1537 425 1569 11.
460 1528 501 1567 5.
531 1526 573 1567 2.
607 1520 697 1564 Sed
726 1518 838 1580 quid
867 1534 942 1578 ego
977 1518 1111 1576 llaec,
1156 1538 1269 1582 quae
1301 1523 1430 1583 cupio
1463 1522 1674 1583 deponere
1705 1529 1749 1565 et
1782 1528 1874 1565 toto
1913 1521 2062 1565 animo

228 1610 365 1662 atque
408 1601 528 1644 omni
559 1616 666 1643 cura
708 1596 1046 1656 φιλοσοφεῖν.9
1109 1599 1214 1655 Sic,
1246 1600 1452 1660 inquam,
1485 1600 1533 1643 in
1566 1599 1712 1643 animo
1751 1606 1831 1642 est.
1900 1597 2064 1642 Vellem

231 1680 287 1724 ab
314 1679 460 1724 initia.
524 1679 647 1721 Nunc
678 1692 800 1732 vero,
833 1676 1067 1736 quoniam,
1101 1693 1214 1737 quae
1239 1679 1403 1738 putavi
1434 1692 1530 1721 esse
1553 1675 1822 1737 praeclara,
1856 1684 2067 1738 arpertus

229 1774 358 1813 sum,
392 1773 526 1817 quam
558 1763 704 1800 essent
730 1744 911 1809 inania,
946 1770 1044 1797 cum.
1077 1753 1278 1797 omnibus
1304 1755 1450 1798 Musis
1476 1755 1694 1798 rationem
1722 1754 1878 1798 habere
1909 1755 2066 1815 cogito,
2100 1779 2104 1783 ·

231 1834 343 1879 Ibid.
375 1846 427 1877 ΙΙ.
458 1837 498 1877 6.
529 1836 570 1877 1.
620 1833 696 1877 Sic
727 1848 827 1875 sum
859 1830 1114 1891 complexus
1147 1832 1314 1888 otium,
1346 1840 1399 1877 ut
1425 1832 1481 1876 ab
1513 1848 1561 1875 eo
1595 1830 1750 1876 divelli
1781 1848 1868 1876 non
1895 1849 2066 1893 queam.

231 1915 392 1973 Itaque
418 1919 498 1955 aut
527 1911 655 1955 libris
678 1927 745 1954 me
773 1909 962 1963 delecto,
990 1923 1176 1968 quorum
1204 1908 1337 1953 habeo
1359 1911 1488 1954 Antii
1505 1909 1726 1968 festivam
1752 1911 1953 1971 copiam,
1986 1918 2069 1955 aut

220 1990 402 2052 fluctus
418 2005 610 2033 numero.
643 1990 752 2032 Nam
770 1986 830 2030 ad
857 1985 1045 2029 lacertos
1068 1986 1309 2045 captandos
1327 1993 1610 2048 tempestates
1626 2003 1710 2031 non
1741 1995 1847 2032 sunt
1873 1987 2068 2032 idoneae.

235 2068 273 2111 A
311 2064 538 2110 scribendo
576 2080 765 2125 prorsus
807 2065 1030 2108 abhorreo.
1095 2064 1278 2109 Etenim
1310 2067 1639 2128 γεωγραφικά,
1688 2083 1801 2127 quae
1833 2068 2073 2111 constitue-

233 2161 358 2201 ram,
399 2160 607 2204 magnum
638 2158 750 2202 opus
782 2150 862 2186 est.
896 2168 956 2175 —
992 2141 1111 2199 Quin
1142 2142 1277 2186 etiam
1309 2143 1534 2202 dubitem,
1578 2161 1636 2189 an
1670 2144 1740 2188 hic
1773 2144 1900 2189 Antii
1930 2143 2073 2188 consi·

206 2267 210 2271 ,
237 2223 369 2279 dam,
403 2229 447 2266 et
486 2220 563 2264 hoc
592 2227 765 2279 tempus
796 2236 920 2264 omne
946 2236 1197 2265 consumam
1205 2242 1222 2276 ;
1253 2223 1333 2268 ubi
1363 2224 1541 2286 quidem
1573 2239 1650 2284 ego
1680 2220 1883 2277 mallem,
1917 2220 2074 2265 duum-

236 2302 412 2356 virum,
455 2316 588 2362 quam
628 2299 789 2342 Romae
825 2314 893 2341 me
918 2298 1089 2357 fuisse.
1122 2325 1184 2335 -
1214 2301 1331 2359 Hic,
1381 2303 1451 2346 hic
1484 2302 1696 2346 nimirum
1745 2298 2072 2346 πολιτευτέον.

238 2383 350 2424 Nam
382 2379 488 2422 istic
513 2393 601 2420 non
632 2375 778 2419 solum
808 2392 894 2419 non
929 2375 1062 2432 licet,
1106 2375 1186 2420 sed
1209 2378 1346 2422 etiam
1376 2378 1538 2424 taedet.
1611 2377 1722 2424 Ibid.
1752 2392 1804 2424 11.
1835 2382 1876 2422 8.
1911 2381 1954 2424 2.
1989 2376 2080 2421 Sed

239 2472 447 2517 cognosce
474 2454 639 2499 itinera
671 2460 855 2507 nostra5
893 2460 947 2496 ut
978 2460 1156 2497 statuas
1174 2488 1187 2510 ,
1219 2455 1298 2499 ubi
1327 2472 1408 2500 nos
1439 2459 1620 2502 visurus
1651 2457 1731 2500 sis.
1794 2458 1850 2499 In
1877 2456 2081 2499 Formia-

239 2554 351 2581 num
388 2534 591 2579 volumus
627 2531 774 2576 venire
809 2530 1040 2574 Parilibus
1079 2533 1158 2588 [21
1180 2532 1364 2592 April.].·
1395 2534 1498 2578 inde
1530 2563 1589 2571 --
1622 2534 1723 2579 Kal.
1752 2534 1857 2579 Mai.
1893 2533 1946 2577 de
1973 2535 2080 2577 For-

174 2672 177 2674 *
245 2614 393 2658 miano
420 2610 786 2672 proficiscemur,
818 2615 872 2652 ut
896 2609 1024 2652 Antii
1050 2610 1194 2653 simus
1225 2627 1266 2653 a.
1285 2608 1327 2654 d.
1357 2625 1402 2655 v.
1435 2595 1541 2657 Non.
1569 2613 1676 2656 Mai.
1713 2610 1831 2655 Ludi
1858 2612 1972 2655 enim
1995 2613 2087 2655 An-

247 2693 306 2736 tii
329 2690 493 2750 futuri
528 2695 636 2733 sunt
676 2703 704 2730 a
744 2699 807 2730 lv.
850 2683 912 2727 ad
943 2684 1066 2746 prid.
1099 2687 1206 2731 Non.
1239 2689 1347 2732 Mai.
1428 2690 1524 2733 Eos
1560 2690 1709 2734 Tullia
1740 2697 1940 2749 spectare
1970 2688 2082 2733 vult.

246 2769 357 2814 Inde
384 2768 527 2829 cogito
555 2766 602 2810 in
630 2762 928 2809 Tusculanum
945 2795 961 2819 ,
992 2762 1148 2807 deinde
1178 2765 1424 2826 Arpinum;
1454 2769 1637 2812 Romam
1668 2767 1730 2812 ad
1751 2766 1858 2811 Kal.
1887 2768 2009 2811 Iun..

329 2871 391 2946 (2)
435 2867 683 2924 Defendit
715 2868 895 2938 itaque
939 2867 992 2919 C.
1029 2866 1338 2934 Antonium,
1377 2876 1497 2942 post
1535 2871 1772 2926 reditum
1807 2888 1835 2925 e
1876 2869 2085 2941 provin-

251 2974 332 3028 cia
380 2972 451 3045 [V.
475 2968 542 3025 ad
564 2986 610 3024 a.
634 2971 760 3022 694.
785 2967 861 3039 4.]
901 2983 932 3020 a
975 2966 1042 3021 M.
1078 2967 1251 3022 Caelio
1285 2969 1704 3041 repetundarum
1746 2976 2087 3032 aecusatum;

251 3075 346 3146 qui
380 3078 560 3127 tamen
580 3067 976 3153 ¹condemnatus
1009 3074 1090 3122 est
1127 3075 1180 3122 et
1218 3069 1611 3142 Cephalleniam
1639 3071 1781 3138 abiit,
1806 3070 1974 3126 exsul.
2014 3087 2083 3124 ιν.

255 3193 301 3229 e.
328 3178 416 3229 14.
459 3175 547 3226 55.

319 3272 459 3318 Schol.
493 3269 594 3315 Bob.
618 3268 686 3315 ad·
705 3271 828 3314 Orat.
858 3284 937 3329 pro
957 3268 1106 3314 Flacco
1131 3286 1173 3330 p.
1191 3272 1296 3315 229.
1333 3272 1467 3335 Caius
1482 3273 1655 3316 scilicet
1679 3273 1898 3316 Antonius
1924 3272 2094 3333 collega

266 3350 507 3405 Ciceronis,
541 3351 603 3393 M.
642 3347 788 3391 Caelio
814 3346 938 3404 Rufo
965 3355 1225 3403 accusante,
1258 3365 1344 3393 non
1372 3356 1547 3394 tantum
1564 3350 1858 3411 pecuniarum
1888 3358 2091 3410 repetun-

265 3431 422 3475 darum
464 3427 666 3480 erimine,
716 3431 865 3468 verum
900 3425 1034 3468 etiam
1070 3423 1122 3467 ob
1161 3424 1271 3469 hanc
1310 3427 1656 3471 coniurationem
1687 3443 1773 3471 non
1814 3427 1882 3470 ita
1920 3426 2093 3487 pridem

265 3508 501 3554 damnatus
535 3503 710 3561 suerat.
791 3504 875 3547 Nec
907 3502 1164 3564 ignoramus
1197 3504 1457 3564 praefuisse
1489 3506 1730 3555 effercituh
1776 3522 1863 3567 quo
1902 3505 2095 3551 Catilina
