2150 3990
474 225 641 281 1,.111.
685 243 729 278 c.
757 225 889 279 xlv.
933 224 972 296 S
999 229 1061 278 41
1109 256 1181 264 ——
1219 242 1265 287 c.
1292 223 1401 279 XV.
1446 226 1484 296 3
1510 229 1595 278 44.
1839 228 1947 303 ’119

130 374 378 439 beretur;
429 369 596 448 quum
641 376 817 433 omnia
857 374 1262 437 ordinarentur,
1306 375 1754 437 instituerentur,
1794 392 1942 447 para·

127 482 344 540 rentur,
384 493 489 534 non
519 482 533 514 ¹
570 475 751 536 deerat
784 474 1106 546 reipublicae
1133 473 1416 536 consilium
1452 490 1622 546 neque
1648 475 1941 531 auctoritas

127 583 360 633 senatus
440 577 775 632 Habebamus
813 576 955 631 enim
1001 575 1526 630 senatusconsultum
1567 575 1622 628 in
1661 574 1942 629 Catilinam

127 675 410 739 vehemens
453 683 508 732 et
563 693 739 748 grave.
821 676 934 744 Quo
966 682 987 719 2
1044 692 1109 731 ex
1155 674 1619 731 senatusconsulto
1662 674 1941 731 confestim

125 774 468 866 intesl'eetum
502 792 618 832 esse
644 777 924 835 Catilinam
947 775 1308 832 conveniebat.
1363 776 1432 831 At
1453 775 1662 832 vivebat
1688 775 1940 840 Catilina:

121 882 176 934 et
208 875 418 934 vivebat
450 893 555 932 non
585 876 651 935 ad
683 876 1071 950 deponendam,
1110 876 1299 938 sed-ad
1330 875 1753 936 confirmandam
1779 876 1939 931 auda·

19 968 22 973 ’
122 977 280 1038 ciam.
321 977 508 1035 Castra
527 983 547 1021 ³
570 985 724 1038 erant
745 979 799 1032 in
821 977 974 1035 Italia
994 985 1180 1040 contra
1200 977 1588 1051 rempublicam
1608 978 1663 1033 in
1690 978 1941 1041 Etruriae

126 1076 371 1136 saucibus
409 1076 690 1140 collocatam
728 1078 1002 1136 erescebat
1043 1079 1098 1134 in
1131 1078 1247 1134 dies
1285 1077 1525 1150 singulos
1570 1076 1807 1136 hostium
1846 1093 1942 1132 nu·

122 1193 332 1238 merus:
390 1194 576 1238 eorum
629 1184 810 1233 autem
865 1179 1244 1249 imperatorem
1296 1183 1597 1234 castrorum
1648 1176 1946 1248 ducemque

53 1346 60 1365 Ι
123 1277 359 1337 bostium
392 1278 535 1337 intra
567 1278 777 1336 moenia
809 1283 970 1351 atque
1003 1277 1134 1332 adeo
1173 1278 1229 1338 in
1263 1284 1454 1335 senatu
1488 1277 1828 1341 videbamus,
1869 1278 1945 1331 in·

123 1378 378 1439 teatinam
411 1377 647 1451 aliquam
676 1377 914 1450 quetidie
948 1378 1242 1451 perniciem
1269 1375 1596 1450 reipublicae
1622 1376 1945 1435 molientem.

126 1481 215 1542 45.
258 1477 458 1542 Verum
497 1495 596 1551 ego
635 1478 735 1540 hoc
757 1521 772 1545 ,
811 1478 953 1552 quod
994 1478 1311 1552 iampridem
1348 1468 1703 1541 lactum'esse
1736 1485 1946 1551 oportu-

122 1585 269 1648 erat,
301 1585 475 1645 ,encta
522 1579 591 1637 de
640 1597 832 1640 caussa
891 1579 1128 1641 nondum
1186 1579 1527 1646 adducebar,
1560 1567 1647 1641 'ut
1699 1579 1947 1645 facerem.

125 1681 383 1745 Eteniw
423 1681 665 1746 nonnulli
709 1688 864 1740 erant
904 1670 959 1740 in
998 1688 1225 1748 senatu,
1277 1683 1372 1755 qui
1411 1688 1508 1745 aut
1545 1698 1639 1747 ea,
1675 1698 1814 1754 quae
1853 1681 1948 1735 im·

124 1781 427 1848 minuebant,
467 1798 572 1846 non
599 1782 872 1849 viderent,
911 1789 1007 1840 aut
1031 1800 1124 1848 ea,
1164 1799 1302 1855 quae
1327 1781 1608 1849 videbant,
1648 1780 1948 1842 dissimula·

53 1861 59 1874 .
122 1887 270 1947 rent:
292 1883 407 1956 qui
437 1900 587 1958 spem
616 1884 877 1946 Catilinae
909 1883 1159 1942 mollibus
1190 1884 1475 1941 sententiis
1506 1882 1788 1947 aluerunt,
1826 1899 1948 1940 con·

124 1981 553 2056 iurationemque
610 1991 920 2046 nascentem
968 2002 1074 2046 non
1133 1983 1398 2043 credendo
1443 1984 1950 2042 corroboraverunt:

126 2098 358 2157 quorum
389 2085 767 2146 auctoritatem
799 2086 971 2143 secuti
1010 2085 1170 2146 multi
1209 2103 1315 2142 non
1350 2084 1524 2142 solum
1558 2084 1816 2157 improbi,
1870 2102 1951 2141 ve·

128 2189 259 2247 tum
284 2183 448 2242 etiam
487 2185 753 2258 imperiti,
795 2186 842 2241 si
875 2187 931 2243 in
964 2185 1109 2245 hunc
1143 2184 1645 2251 animadvertissem
1667 2226 1681 2250 ,
1720 2183 1947 2246 crudeli·

126 2289 298 2345 teret
324 2284 474 2356 regie
505 2284 710 2346 factum
749 2303 864 2342 esse
896 2285 1154 2347 dicerent.
1237 2290 1325 2348 44.
1366 2286 1437 2343 Et
1468 2291 1628 2344 mea⁸
1681 2284 1873 2342 lenitas
1904 2288 1951 2341 si

124 2383 671 2449 cui.1·solutiorfuisse
715 2386 958 2451 videtur,
1010 2386 1110 2443 hoe
1154 2386 1516 2458 exspectavit,
1576 2391 1638 2441 ut
1670 2384 1754 2450 id,
1811 2387 1955 2458 quod-

124 2482 351 2551 latehat,
390 2492 712 2559 erumperet.
793 2486 1080 2546 Intellexi⁶
1125 2486 1307 2551 enim,
1359 2486 1407 2542 si
1446 2486 1583 2550 iste,
1635 2501 1742 2557 quo
1781 2485 1950 2542 inten-

76 2562 87 2575 ⁸
123 2583 307 2652 derat,
339 2586 403 2649 -iu
445 2586 713 2646 Manliana
752 2594 929 2667 castra
962 2588 1323 2661 pervenisset,
1363 2587 1633 2643 neminem
1672 2594 1782 2649 tam
1822 2586 1951 2644 stul-

125 2692 246 2749 tum
276 2684 417 2753 fore,
450 2688 560 2760 -qui
595 2705 701 2744 non
734 2688 943 2747 videret
972 2688 1400 2744 coniurationem
1439 2704 1555 2742 esse
1588 2685 1785 2742 factam
1805 2730 1821 2753 ,
1862 2705 1949 2743 ne·

125 2787 327 2848 minem
366 2795 477 2846 tam
517 2789 849 2862 improbum,
899 2791 995 2862 qui
1034 2807 1140 2847 non
1182 2789 1457 2862 fateretur.
1537 2788 1811 2860 Denique,
1852 2788 1951 2843 hoc

127 2903 234 2943 uno
271 2887 581 2955 interfecto,
623 2889 859 2945 intellexi
894 2889 1032 2946 hanc
1066 2890 1392 2962 reipublicae
1424 2896 1628 2962 pestem
1661 2889 1953 2961 paullisper

125 2973 379 3060 reprimi,
430 3005 536 3047 non
588 2989 644 3043 in
682 2996 1003 3062 perpetuum
1042 2991 1328 3063 comprimi
1367 2989 1622 3062 potuisse.
1714 2988 1865 3056 Quod
1905 2991 1951 3044 si

125 3093 308 3145 autem
339 3106 396 3145 se
421 3089 641 3145 eiiceret
680 3106 970 3163 secumque
1001 3108 1127 3147 suos
1159 3091 1412 3147 educeret
1450 3096 1504 3144 et
1536 3087 1720 3144 eodem
1747 3096 1951 3145 ceteros

127 3188 366 3262 undique
416 3190 664 3247 collectos
704 3191 990 3264 naufragos
1034 3198 1383 3265 aggrega1·et;
1422 3191 1694 3262 exstingui
1736 3207 1950 3246 necesse

193 3458 232 3514 ι)
261 3455 306 3502 in
331 3458 456 3504 Catil.
474 3461 507 3503 1.
541 3474 577 3503 e.
598 3462 643 3504 1.
670 3462 755 3517 §3-
789 3485 845 3494 -
880 3458 1169 3518 ³)1bid.c.2.
1205 3460 1289 3515 §4-
1308 3483 1365 3494 --
1393 3457 1557 3518 ³)1bid.
1576 3461 1659 3518 §⁵-
1685 3462 1949 3535 -f)1bid.

126 3549 164 3576 ο.
183 3536 254 3581 12.
279 3536 391 3594 §ao
424 3563 480 3571 -
506 3539 546 3595 ⁵)
580 3535 624 3580 in
655 3537 779 3583 eam.
817 3541 872 3582 n.
904 3540 1031 3600 e.1‚2.
1065 3539 1180 3596 §27.
1216 3563 1273 3572 -
1306 3540 1347 3597 ⁶)
1378 3537 1422 3582 in
1455 3538 1580 3584 Catil.
1609 3542 1639 3583 t.
1671 3542 1798 3585 012.
1833 3543 1948 3597 §aa
