2210 3970
272 279 379 331 710
743 291 1071 329 ANNALES
1131 291 1639 329 CICERONIANI.

270 422 471 466 hesterno
498 419 570 464 die
600 420 904 479 copiosissime
934 437 962 464 a
999 421 1049 479 Q.
1077 421 1310 464 Hortensio
1328 421 1355 463 Ρ
1387 420 1687 480 colligendum
1720 427 1850 482 putat
1868 457 1880 478 ‚
1915 423 2098 464 Horten·

266 498 384 543 sium
425 512 598 559 quoque
638 497 683 540 in
729 497 808 542 illa
850 514 998 543 caussa
1033 498 1195 543 Plancii
1238 506 1472 559 patronum
1518 497 1663 543 fuisse.
1743 499 1822 543 Cui
1865 498 2099 542 assentitur

261 575 452 621 Orellius
486 575 532 619 in
567 577 792 621 onomast.
823 593 864 637 p.
895 579 999 622 291.
1034 574 1150 621 Conf.
1186 578 1338 637 Meyer.
1368 578 1487 621 Orat.
1529 579 1651 621 Rom.
1685 580 2002 637 Fragm..1.xv.
2022 577 2094 620 22.

263 671 305 715 p.
324 658 434 702 375.

338 773 402 847 (⁸)
446 772 627 828 Oratio
658 790 758 843 pro
799 772 864 830 A.
915 772 1164 835 Gabinio,
1207 773 1377 827 veteri
1418 772 1667 837 inimic0,
1721 770 1815 826 sed
1859 787 2090 842 quocum

259 874 499 945 Pompeii
553 888 743 927 caussa
792 873 848 925 in
897 873 1129 942 gratiam
1179 872 1442 936 redierat,
1499 871 1708 933 habita;
1765 887 1932 941 quum
1983 871 2029 924 is
2069 887 2097 924 e

263 973 422 1046 Syria
475 972 646 1026 redux
704 972 772 1045 (v.
808 971 875 1025 ad
908 988 954 1025 a.
979 975 1106 1026 699.
1145 970 1217 1044 1.)
1264 970 1686 1043 repetundarum
1717 972 2094 1036 accusabatur,

261 1080 543 1145 postquam
595 1071 660 1126 de
705 1072 986 1126 maiestate
1030 1071 1332 1144 postulatus
1379 1070 1471 1126 sed
1512 1071 1789 1126 absolutus
1836 1080 1968 1127 erat.
2025 1090 2093 1126 vr.

262 1191 309 1228 c.
335 1177 424 1228 28.
470 1176 558 1227 70.

323 1273 513 1332 Quintil.
533 1285 597 1317 Χῖ.
625 1288 661 1317 c.
682 1275 722 1317 1.
757 1274 829 1317 73.
864 1274 999 1317 Dixit
1035 1273 1183 1317 Cicero
1204 1289 1291 1334 pro
1326 1273 1512 1318 Gabinio
1534 1280 1590 1317 et
1617 1274 1670 1318 P.
1710 1273 1916 1328 Vatinio,
1948 1272 2098 1317 inimi-

261 1351 458 1396 cissimis
489 1357 621 1394 antea
653 1350 743 1393 sibi
776 1350 1056 1405 hominibus,
1107 1358 1151 1394 et
1181 1351 1230 1394 in
1263 1367 1374 1412 quos
1406 1352 1629 1408 orationes
1661 1350 1796 1394 etiam
1827 1351 2098 1411 scripserat.-

263 1445 413 1473 verum
445 1443 607 1472 caussa
637 1428 763 1471 iusta
785 1427 854 1488 fit
876 1427 1101 1486 fatendo,
1143 1443 1229 1471 non
1261 1443 1309 1471 se
1341 1427 1394 1472 de
1425 1428 1597 1490 ing-cuii
1625 1414 1778 1485 sarna,
1812 1427 1893 1472 sed
1922 1427 1987 1472 dex
1996 1427 2098 1488 fide

264 1522 359 1552 esse
391 1505 650 1550 sollicitum.
731 1504 870 1549 Valer.
914 1496 1124 1550 Maxzw‘xv.
1163 1520 1199 1550 c.
1229 1509 1271 1550 2.
1315 1509 1356 1551 4.
1399 1509 1599 1551 Huiusce
1627 1505 1803 1568 generis
1843 1505 2098 1549 humanitas

267 1583 438 1646 [agitur
477 1583 532 1628 de
570 1581 941 1640 reconciliatione]
981 1583 1116 1626 etiam
1156 1584 1205 1627 in
1248 1586 1307 1629 M.
1347 1585 1550 1630 Cicerone
1578 1583 1826 1646 praecipua
1871 1583 2099 1643 apparuit.

265 1664 316 1708 A.
349 1677 537 1723 namque
573 1661 809 1704 Gabinium
841 1659 1186 1720 repetundarum
1217 1677 1340 1705 reum
1371 1677 1541 1706 summo
1572 1661 1724 1706 studio
1756 1659 1987 1719 defendit,
2021 1660 2102 1720 qui

266 1756 365 1784 eum
400 1740 449 1784 in
485 1737 722 1783 consulatu
760 1753 841 1781 suo
875 1739 937 1795 [V.
966 1737 1033 1782 ad.
1068 1755 1104 1784 a.
1124 1741 1227 1784 696.
1257 1743 1282 1784 1
1318 1747 1363 1784 et
1392 1742 1488 1799 12.]
1510 1740 1635 1785 *Urbe
1670 1739 1917 1801 expulerat.
1981 1738 2099 1784 Conf.

267 1817 458 1876 Quintil.
485 1817 515 1862 l.
532 1832 569 1861 c.
618 1820 770 1861 Ascon.
799 1814 851 1859 ad
868 1817 988 1860 Orat.
1013 1816 1058 1860 in
1082 1817 1217 1861 Pison.
1243 1834 1283 1878 p.
1303 1821 1343 1863 1.
1377 1819 1594 1862 Reversus
1616 1825 1684 1862 est
1706 1834 1763 1861 ex
1780 1816 2016 1877 provincia
2036 1842 2098 1850 —-

272 1893 488 1938 Gabinius
520 1894 718 1938 Domitio
751 1900 794 1937 et
825 1893 968 1954 Appio
992 1895 1146 1953 (coss.)
1210 1896 1294 1940 Cic.
1328 1895 1382 1940 ad
1415 1900 1467 1956 Q.
1494 1894 1547 1942 fr.
1574 1910 1646 1942 111.
1681 1899 1721 1941 1.
1749 1911 1785 1940 c.
1805 1900 1848 1941 5.
1881 1900 1952 1940 15.
1987 1897 2098 1954 (Ga-

268 1971 440 2031 binius)
472 1970 533 2015 ad
568 1971 717 2016 Urbem
753 1971 940 2014 accessit
972 1988 1013 2016 a.
1033 1971 1073 2018 d.
1100 1985 1185 2017 ΧΠ.
1216 1973 1323 2018 Kal.
1355 1974 1526 2019 Octobr.
1580 1991 1645 2018 =
1675 1976 1735 2019 19
1766 1976 1883 2036 Sept.
1918 1976 2015 2018 700>
2037 1990 2101 2018 z:

266 2051 328 2093 24
357 2051 468 2110 Aug.
498 2050 570 2092 54.
605 2064 642 2092 a.
661 2050 745 2108 C.].
778 2048 918 2106 Nihil·
937 2050 1143 2111 turpius,
1175 2069 1252 2097 nec
1286 2052 1519 2098 desertius.
1582 2052 1693 2098 lbid.
1726 2067 1762 2096 c.
1781 2054 1822 2095 7.
1857 2053 1929 2096 24.
1967 2052 2101 2095 Gabi·

265 2126 369 2169 nius
401 2141 442 2171 a,
460 2123 502 2169 d.
522 2137 586 2170 lv.
614 2125 716 2170 Kal.
746 2126 918 2170 Octobr.
953 2128 1040 2186 [z
1066 2130 1128 2172 27
1153 2131 1269 2191 Sept.
1300 2132 1389 2174 700
1418 2145 1484 2173 Ξ.
1515 2134 1539 2174 1
1575 2133 1691 2192 Sept.
1710 2132 1781 2174 54.
1810 2147 1847 2174 a.
1866 2131 1936 2188 (2.]
1966 2136 2099 2174 noctu

264 2203 314 2247 in
345 2201 497 2247 Urbem
527 2202 762 2247 introivit:
807 2211 851 2247 et
884 2203 1012 2248 hodie
1040 2203 1148 2249 hora
1179 2220 1302 2265 vnn,
1334 2225 1470 2269 quum
1497 2207 1639 2252 edicto
1671 2209 1714 2252 C.
1738 2206 1854 2268 Alfii
1884 2206 1937 2251 de
1962 2207 2097 2251 maie-

264 2289 383 2326 state
415 2295 513 2326 eum
548 2280 702 2325 adesse
744 2290 993 2342 oporteret,
1042 2299 1257 2330 concursu
1298 2302 1455 2348 magno
1488 2294 1533 2332 et
1563 2287 1667 2332 odio
1701 2286 1901 2331 universi
1938 2285 2099 2347 populi

255 2375 401 2420 paene
433 2359 639 2419 afflictus
666 2367 745 2404 est.
794 2359 923 2404 Nihil
936 2359 1017 2404 illo
1035 2363 1230 2422 turpius.
1271 2364 1350 2409 Dio
1376 2378 1532 2411 mlx.
1561 2382 1600 2410 c.
1620 2370 1692 2410 55.
1714 2367 1756 2409 4.
1786 2368 1887 2410 Καὶ
1919 2362 2097 2426 ἒκρίθη

266 2436 354 2499 μὲν
386 2436 592 2500 ὕστερον
623 2436 708 2483 ἐπὶ
736 2440 892 2502 τούτῳ
925 2438 954 2484 ό
983 2438 1248 2500 Γαβίνιος,
1286 2442 1382 2500 οὐχ
1413 2442 1537 2489 ἑάλω
1567 2442 1621 2490 δὲ
1654 2444 1740 2490 διά
1769 2460 1820 2490 τε
1854 2443 1938 2490 τὸν
1962 2435 2095 2506 Πομ-

266 2516 413 2574 πήιον
456 2520 541 2562 καὶ
574 2516 659 2562 διὰ
697 2518 753 2563 τά
789 2518 1029 2579 χρήματα.
1067 2547 1128 2556 —
1162 2522 1276 2566 τότε
1308 2519 1397 2582 μὲν
1439 2516 1526 2568 οὖν
1557 2522 1642 2569 διά
1678 2527 1834 2570 ταῦτα
1877 2522 2095 2584 ἀφείθη,

269 2590 423 2648 αὖθις
449 2593 503 2642 δὲ
529 2593 614 2641 ἐπί
643 2612 694 2642 τε
722 2595 908 2659 ἑτέροις
938 2600 1071 2656 τισὶ,
1108 2602 1189 2644 καὶ
1219 2600 1300 2645 ὅτι
1323 2599 1472 2647 πλέον
1495 2600 1525 2660 ἢ
1549 2605 1725 2665 μυρίας
1756 2602 1810 2648 ἐκ
1834 2606 1916 2662 τῆς
1942 2605 2093 2666 ἀρχῆς

267 2674 505 2736 μυριάδας
548 2672 754 2736 ἥρπασε,
801 2678 997 2738 κριθεὶς
1032 2676 1192 2725 ἑάλω.
1241 2682 1324 2726 καὶ
1355 2678 1524 2742 ἐκείνῳ
1559 2699 1612 2728 τε
1644 2686 1793 2730 τοῦτο
1825 2686 2096 2746 παραδοξό-

267 2770 414 2800 τατον
445 2752 648 2813 συνέβη·
682 2756 766 2811 τῆς
795 2773 845 2801 τε
869 2758 957 2819 γὰρ
976 2756 1210 2820 προτέρας
1234 2758 1373 2818 δίκης
1399 2760 1484 2806 διὰ
1510 2763 1569 2807 τά
1596 2763 1820 2824 χρήματα
1842 2765 2093 2826 ἀπελύθη,

267 2838 350 2881 καὶ
382 2833 465 2880 ἐπὶ.
499 2836 700 2887 τούτοις
732 2834 800 2879 δι’
837 2834 1026 2895 ἐκείνην
1059 2838 1142 2883 ὅτι
1173 2839 1389 2898 μάλιστα
1419 2841 1771 2904 κατεδικάσθη.
1836 2845 1999 2891 lbid.c.
2019 2850 2092 2893 62.

267 2918 310 2960 2.
346 2913 416 2960 Τά
455 2912 544 2975 μὲν
578 2908 666 2959 οὖν
696 2913 970 2978 ἐγκλήματα
1011 2917 1167 2963 πολλὰ
1200 2911 1281 2977 ἢν,
1333 2922 1416 2967 καὶ
1451 2924 1744 2985 κατηγόρους
1777 2924 1868 2971 οὐκ
1900 2923 2094 2987 ὀλίγους

265 2988 429 3052 εἶχεν.
463 2991 653 3054 πρῶτον
684 2993 730 3038 δ’
751 2988 838 3040 οὖν
876 3000 1098 3060 περὶτῆς
1134 3003 1220 3045 τοῦ
1251 3002 1563 3062 Πτολεμαίου
1597 3004 1851 3061 καθόδου,
1890 3006 1976 3051 ἅτε
2010 3007 2092 3050 καὶ

228 3089 230 3092 ·
262 3075 518 3137 μεγίστου,
555 3070 827 3131 ἐδικάσθη.
863 3078 945 3122 καὶ
975 3077 1004 3122 ὅ
1038 3091 1087 3140 γε
1115 3076 1266 3137 δῆμος
1299 3081 1495 3139 σύμπας
1523 3080 1587 3135 ὡς
1617 3085 1776 3131 εἰπεῖν
1805 3088 1923 3149 πρός
1958 3103 2006 3132 τε
2035 3086 2090 3132 τὸ

262 3151 580 3214 δικαστήριον
605 3156 843 3215 συνερρύη
871 3159 953 3202 καὶ
979 3155 1356 3205 διασπάσασθαι
1382 3163 1621 3215 πολλάκις
1642 3164 1800 3211 »αὐτὸν
1822 3165 2090 3225 ἠθέλησεν,

267 3231 420 3283 ἄλλως
450 3248 502 3277 τε
534 3234 615 3277 καὶ
644 3232 725 3278 ὅτι
757 3232 878 3279 οὔθ’
909 3234 936 3280 ὁ
958 3238 1217 3298 Πομπήιος
1243 3244 1399 3303 παρῆν
1426 3246 1507 3289 καὶ
1533 3243 1560 3290 o‘
1581 3244 1801 3308 Κικέρων
1828 3245 2091 3291 δεινότατα

263 3311 419 3358 αὐτοῦ
463 3313 814 3376 κατηγόρησεν.
861 3312 991 3360 οὕτω
1030 3315 1084 3363 δὲ
1124 3319 1289 3365 αὐτῶν
1321 3321 1640 3383 διακειμένων
1673 3323 1884 3383 ἀφείθη·
1934 3324 2089 3378 αὐτός

265 3407 316 3437 τε
346 3392 435 3454 γάρ
454 3425 469 3448 ,
502 3392 588 3437 ἅτε
619 3390 702 3438 ἐπὶ
731 3395 1045 3452 τηλικούτοις
1075 3399 1375 3458 κρινόμενος,
1411 3404 1682 3462 παμπληθῆ
1714 3404 1936 3466 χρήματα
1969 3402 2089 3449 άνά·

267 3472 415 3527 λωσε,
450 3472 531 3515 καὶ
564 3470 612 3515 οἱ
646 3475 734 3517 τοῦ
765 3475 1025 3534 Πομπηίου
1056 3480 1142 3522 τοῦ
1171 3494 1222 3522 τε
1247 3482 1497 3543 Καίσαρος
1524 3481 1712 3544 ἑταῖροι
1740 3486 2089 3546 προθυμότατα
2126 3496 2128 3498 ’

268 3549 399 3610 αὐτῷ
430 3547 706 3612 συνήραντο.
741 3577 799 3584 —-
833 3568 866 3598 c.
891 3555 960 3597 63.
996 3557 1034 3597 1.
1074 3552 1200 3601 *Ου’
1241 3552 1326 3603 οὖν
1360 3559 1507 3620 δῆμος
1543 3561 1709 3625 ὀλίγου
1741 3561 1827 3623 μὲν
1861 3567 1942 3610 καὶ
1974 3566 2089 3616 τούς
