2150 3990
370 239 375 246 ’
432 223 596 280 L.V1.
640 220 944 280 cxxxlu.
989 219 1120 293 §85
1160 250 1205 260 -
1275 219 1577 276 c.xxxlv.
1622 222 1774 295 888.
1907 228 2014 279 279

193 375 555 434 turbationem
588 374 902 448 disciplinae
941 372 1165 437 veteris,
1199 377 1252 427 ct
1283 371 1568 428 consulatu
1607 371 1921 428 devenimus
1959 376 2016 430 in

191 476 432 534 medium
471 493 655 533 rerum
695 476 937 531 omnium
969 478 1242 528 certamen
1274 477 1436 542 atquc
1467 471 1788 534 discrimem
1826 479 1881 527 ct
1920 472 2018 528 boc

193 584 406 650 tempus
443 592 600 632 omne
637 581 756 647 post
794 572 1131 631 consulatum
1169 570 1466 627 obiecimus
1498 572 1565 627 iis
1599 571 1883 638 fluctibus,
1922 576 2014 646 qui

192 693 290 750 per
330 692 427 733 nos
470 691 504 731 a
541 676 813 730 communi
866 680 1014 747 peste
1050 672 1257 746 depulsi
1312 673 1367 728 in
1419 673 1773 746 nosmetipsos
1825 673 2017 737 redunss

186 776 408 834 darunt.

247 975 502 1035 XXXIV.
582 981 672 1033 87.
714 976 819 1034 Sed
865 984 1042 1034 tamen
1085 978 1140 1033 in
1179 978 1258 1034 eis
1298 975 1380 1032 vel
1417 975 1801 1049 asperitatibus
1838 992 2020 1032 rerum

190 1076 283 1135 vel.
302 1076 573 1149 angustiis
614 1078 870 1152 temporis
902 1077 1232 1151 obsequebar
1270 1077 1468 1135 studiis
1501 1078 1702 1134 nostris
1732 1084 1816 1142 ct,
1855 1094 2020 1150 quan·

190 1183 310 1236 tum
354 1177 490 1236 mihi
523 1178 606 1236 vel
638 1178 788 1235 iraus
821 1179 1166 1236 inimicorum
1206 1178 1289 1235 vel
1329 1195 1551 1235 caussae
1594 1179 1894 1234 amicorum
1939 1179 2023 1235 vel

189 1278 491 1352 respublica
529 1277 799 1334 tribuebat
836 1278 963 1342 otii,
1020 1278 1089 1334 ad
1127 1278 1474 1334 scribendum
1513 1279 1855 1351 potissimum
1898 1295 2023 1334 con-

185 1378 440 1436 ferehm.
462 1407 470 1421 >·
519 1378 723 1450 Scripsi
746 1384 762 1417 ¹
805 1377 976 1448 igitur
1015 1378 1162 1452 (nam
1201 1378 1268 1433 ab
1304 1378 1640 1435 orationibus
1676 1378 2023 1450 diiungebam

186 1476 446 1543 misere,
496 1475 902 1549 reserebamquc
940 1475 1008 1532 ad
1056 1479 1455 1534 mansuetiores
1493 1479 1709 1543 Musas,
1760 1495 1899 1551 quac
1934 1496 2024 1536 me

187 1579 446 1646 maxime,
471 1578 617 1636 sicut
636 1578 746 1635 iam
771 1594 804 1633 a
822 1577 1000 1651 prima
1024 1577 1409 1646 adolescentia,
1437 1579 1797 1654 delectabant)
1831 1581 2024 1654 scripsi

188 1680 359 1754 igitur
384 1678 708 1738 ¹Aristotelen
737 1695 888 1736 more
908 1721 924 1746 ,
963 1680 1418 1753 quemadmodum
1452 1682 1672 1755 quidem
1693 1682 1875 1747 volui,
1914 1690 2026 1741 tres

187 1780 353 1846 libes
388 1781 868 1856 *iuhdisputatione
912 1797 978 1838 ac
1015 1781 1226 1855 dialogo
1274 1782 1355 1839 de
1393 1782 1697 1847 Oratorez
1746 1787 1887 1858 qui²
1928 1783 2025 1841 diu

170 1867 529 1956 mutumque
558 1881 618 1938 in
656 1881 909 1938 manibus
935 1881 1183 1946 fuerunt:
1223 1883 1317 1939 sed
1337 1889 1359 1924 ⁸
1391 1901 1527 1957 quos
1558 1884 1794 1941 arbitror
1833 1886 2023 1941 Rona-

187 1999 288 2046 ειη
310 1982 586 2041 inventu-ti
616 1981 732 2039 fore
764 1999 871 2038 non
902 1982 1141 2039 inutiles.
1204 1983 1510 2042 Abhorrent
1540 1986 1687 2042 enim
1726 2002 1758 2041 a
1784 2002 2024 2042 eommu-

186 2082 705 2157 nibus2praeceptis,
723 2088 901 2156 ‘atque
930 2100 1146 2140 omnem
1179 2086 1528 2158 antiquorum
1560 2093 1617 2143 et
1645 2086 2022 2143 Aristoteleam

187 2189 245 2239 et
260 2183 598 2241 immam
628 2184 896 2240 rationem
929 2186 1220 2240 oratoriam
1254 2185 1705 2258 complectuntur.
1783 2191 1875 2243 88.
1917 2188 1979 2242 ln
1998 2192 2023 2227 ⁴

187 2283 451 2340 hislibris
464 2300 838 2358 eaerpersonae
857 2291 1009 2350 sunt,
1030 2291 1093 2340 ut
1108 2285 1242 2341 mihi
1263 2285 1554 2343 tacendum
1574 2285 1758 2342 fuerit.
1794 2287 2025 2344 Crassus

188 2385 334 2442 enim
366 2384 634 2458 bquitur,
685 2384 951 2440 Antonius
971 2427 987 2449 ‚
1024 2384 1248 2441 Catulus
1285 2402 1480 2451 senex,
1531 2387 1586 2442 C.
1616 2387 1816 2452 lulius,
1855 2387 2026 2445 frater

188 2484 398 2551 Catuli,
443 2484 623 2548 Cotta,
665 2483 954 2557 Sulpicius,
1034 2485 1207 2540 Puero
1244 2502 1332 2542 me
1370 2486 1460 2542 bic
1499 2504 1677 2543 sermo
1714 2487 2025 2555 inducitur,

187 2583 454 2644 utemfflae
483 2600 603 2640 asse
631 2590 850 2657 possent
872 2591 1057 2658 partes
1085 2602 1252 2642 meae.
1332 2586 1473 2643 Sed⁵
1512 2605 1576 2643 eo
1607 2587 1711 2644 feci
1741 2588 2025 2656 libentius,

187 2691 258 2743 ιιι
300 2702 428 2742 eum
468 2702 775 2743 sermonem
799 2727 815 2751 ,
867 2703 1028 2759 quem
1067 2687 1291 2743 Crassus
1334 2695 1391 2744 et
1435 2689 1703 2745 Antonius
1752 2690 2024 2763 quondam

189 2787 334 2843 inter
381 2803 440 2842 se
483 2786 551 2842 de
588 2786 674 2842 bis
712 2787 875 2842 rebus
913 2787 1260 2852 habuissent,
1312 2788 1628 2844 mandarem
1658 2789 1892 2854 litteris;
1934 2793 2025 2848 ›vel

189 2894 253 2944 ut
277 2886 369 2943 illa
405 2888 608 2961 opinio,
648 2905 786 2960 quae
811 2905 1023 2962 semper
1055 2887 1270 2954 fuisset,
1310 2889 1612 2955 tolleretur,
1652 2890 1885 2948 alterum
1918 2910 2023 2949 non

189 2987 589 3054 doctissimum,
647 2989 878 3046 alterum
930 2989 1087 3062 plane
1139 2989 1416 3046 indoctum
1456 2990 1657 3053 fuisse:
1709 2992 1792 3047 vel
1830 3000 1894 3048 ut
1931 3011 2024 3060 ea,

189 3105 327 3162 quae
363 3089 731 3146 existimarem
771 3106 804 3144 a
841 3091 1070 3145 summis
1101 3091 1405 3147 oratoribus
1443 3091 1510 3147 de
1548 3091 1852 3164 eloquentia
1889 3093 2023 3150 divi·

190 3190 341 3246 nitus
381 3207 499 3247 esse
531 3189 704 3256 dicta,
744 3189 1075 3246 custodirem
1107 3190 1334 3255 litteris,‚
1388 3192 1433 3246 si
1468 3190 1577 3246 ullo
1621 3193 1779 3249 modo
1810 3199 2023 3270 assequi

254 3374 291 3431 ι)
324 3371 456 3432 Epist.
489 3372 544 3417 ad
576 3372 816 3418 Lentulum
863 3372 939 3431 (ad
978 3377 1094 3419 Fam.
1134 3376 1166 3418 1.
1203 3375 1245 3417 9.
1290 3375 1314 3432 §
1343 3375 1439 3430 23.)
1473 3400 1530 3409 —
1564 3377 1604 3430 2)
1635 3374 1691 3420 ad
1733 3379 1922 3422 Att.1v.
1952 3382 2022 3423 13.

193 3452 218 3506 ὑ
249 3452 292 3494 2.
321 3476 380 3485 ——
412 3452 452 3510 ⁵)
486 3450 620 3512 Epist.
665 3451 718 3496 ad
775 3452 1013 3497 Lentulum
1053 3452 1129 3510 (ad
1179 3455 1297 3497 Fam.
1334 3455 1366 3498 1.
1400 3454 1441 3496 9.
1493 3454 1519 3510 §
1551 3455 1646 3512 23.)
1679 3481 1737 3489 -
1770 3459 1812 3515 4)
1845 3456 1896 3501 ad
1929 3462 2021 3503 ΑΝ.

195 3530 310 3573 xlll.
346 3530 415 3574 19.
449 3530 531 3586 §⁴2
569 3557 622 3564 —
660 3533 700 3588 5)
735 3528 785 3575 de
811 3532 930 3576 Orat.
968 3534 1024 3575 11.
1054 3533 1094 3574 2.
1128 3531 1214 3587 §7.
