2150 3990
452 205 506 258 L.
532 205 617 258 1v.
660 202 868 257 evm.
915 201 955 273 g
984 207 1046 255 17
1089 233 1164 241 -
1203 219 1247 255 e.
1275 202 1360 256 ix.
1406 203 1444 275 g
1472 207 1556 256 21.
1833 208 1934 259 165

38 360 39 363 ’
111 354 264 410 illum
318 354 586 412 iudicibus
623 353 856 428 effugere
900 369 1087 425 posse:
1127 355 1371 408 contraxi
1403 353 1556 418 vela,
1607 355 1937 425 perspiciens

111 456 345 528 inopiam
389 454 631 512 iudicum
652 497 668 520 ‚
737 469 910 527 neque
954 452 1067 508 dixi
1106 452 1402 527 quidquam
1453 469 1550 526 pro
1600 455 1935 518 testimonio,

109 555 213 610 nisi
253 553 394 627 quod
433 562 549 610 erat
594 556 670 610 ita
709 559 895 610 notum
932 559 1095 626 atque
1135 560 1392 609 testatum
1416 597 1430 619 ,
1482 562 1544 610 ut
1583 571 1687 610 non
1727 571 1936 627 possem

104 655 425 728 praeterire:
467 663 669 727 quum¹
708 658 809 711 iste
840 672 896 711 se
929 655 1095 711 fuisse
1127 655 1466 710 Interamnae
1505 657 1754 728 probaret
1788 658 1934 711 testi-

104 755 325 811 monio²
372 756 431 810 G.
472 755 718 811 Cassinii.
798 756 913 824 Quo
952 757 1259 812 testimonio
1309 756 1524 813 Clodius
1574 757 1761 812 eadem
1807 756 1938 811 hora

0 850 1 857 '
103 850 444 914 Interamnae
477 848 653 912 fuerat
673 862 727 911 et
747 856 976 913 Romael
1049 860 1134 912 19.
1176 856 1364 930 Itaque
1377 862 1399 896 ⁸
1418 856 1616 913 afflicta
1637 855 1939 930 respublica

103 960 185 1010 est
223 962 404 1029 empto
455 955 912 1031 constupratoque
959 957 1175 1013 iudicio.
1253 957 1348 1014 Ille
1367 964 1390 998 ⁴
1449 958 1537 1015 sur
1585 958 1935 1015 muliebrium

102 1052 454 1128 religionum,
505 1058 599 1130 qui
658 1073 764 1113 non
815 1058 987 1131 pluris
1028 1057 1228 1114 fecerat
1266 1059 1468 1115 Bonam
1514 1059 1680 1115 Deam
1701 1099 1716 1123 ,
1773 1074 1937 1131 quam

105 1161 216 1210 tres
253 1172 492 1223 sorores,
533 1158 914 1231 impunitatem
940 1165 1022 1214 est
1061 1158 1277 1214 illorum
1310 1159 1595 1215 sententiis
1622 1165 1904 1215 assecutus
1924 1200 1939 1224 ,

103 1254 422 1329 qui-(quum
456 1256 709 1311 tribunus
740 1256 911 1328 plebis
938 1271 1135 1329 poenas
1160 1273 1193 1312 a
1225 1258 1479 1313 seditioso
1510 1259 1617 1312 civi
1650 1275 1745 1330 per
1777 1258 1940 1313 bonos

102 1358 246 1414 viros
273 1355 474 1413 iudicio
493 1356 743 1429 persequi
775 1355 933 1411 vellet
947 1357 982 1429 ,)
1025 1357 1331 1430 exemplum
1365 1358 1858 1430 praeclarissimum
1883 1361 1936 1412 in

100 1463 376 1532 posterum
425 1455 780 1512 vindicandae
831 1455 1111 1511 seditionis
1161 1456 1228 1512 de
1268 1456 1543 1529 republica
1581 1456 1936 1513 sustulerunt.

100 1557 271 1628 Quid·
296 1556 504 1614 multa?
548 1557 827 1614 Homines¹⁵
864 1571 990 1612 eum
1025 1557 1080 1611 in
1114 1573 1173 1612 re
1213 1556 1521 1612 foedissima
1554 1557 1936 1614 defenderunt:

97 1659 475 1734 turpissimum
508 1658 1062 1731 nocentissimumque
1101 1657 1424 1713 laudarunt:
1479 1675 1643 1731 prope
1682 1659 1935 1714 confiten-

98 1767 208 1817 tem
246 1766 467 1835 popter
502 1760 788 1834 pecuniam
830 1759 1031 1815 iudicio
1063 1759 1441 1815 liberaverunt.

145 1961 264 2019 dX.
338 1965 433 2018 20.
473 1960 662 2035 itaque
682 1967 722 2027 ²,
762 1963 808 2016 si
849 1976 1097 2016 caussam
1142 1961 1360 2033 quaeris
1391 1958 1744 2014 absolutionis
1763 2003 1778 2026 ,
1818 1978 1935 2033 ege·

98 2067 211 2118 stas
250 2060 492 2118 iudicum
531 2060 636 2116 suit
680 2067 735 2116 et
780 2062 1079 2134 turpitudo.
1178 2061 1237 2117 ld
1291 2067 1475 2116 autem
1522 2067 1584 2116 ut
1635 2061 1934 2126 accideret,

96 2163 449 2220 commissum
489 2167 572 2217 est
605 2162 876 2217 Hortensii
916 2163 1168 2226 consilio,
1209 2160 1458 2233 quidum
1485 2162 1692 2216 veritus
1723 2169 1834 2226 est,
1869 2179 1937 2219 ne

97 2261 288 2319 Fufius
323 2263 376 2317 ei
420 2261 526 2334 legi
564 2261 959 2327 intercederet,
985 2267 1150 2334 -quae
1188 2279 1254 2316 ex
1295 2261 1762 2317 senatusconsulto
1805 2263 1935 2318 sere„

96 2363 288 2428 batur,
327 2378 434 2418 non
471 2361 608 2416 vidit
647 2361 778 2416 illud
812 2363 985 2417 satius
1029 2378 1175 2427 esse,
1230 2361 1382 2417 illum
1418 2363 1472 2416 in
1515 2360 1737 2417 infamia
1776 2364 1933 2419 relin-

92 2463 289 2537 quiae
322 2462 568 2519 sordibus
589 2505 603 2528 ‚
644 2478 806 2535 quam
847 2463 1062 2518 infirmo
1095 2462 1297 2518 iudicio
1328 2463 1614 2518 committi.
1695 2463 1799 2519 Sed
1839 2465 1933 2520 du·

90 2570 224 2620 ctus
251 2561 376 2618 odio
412 2562 720 2636 properavit
759 2578 874 2618 rem
921 2563 1187 2619 deducere
1228 2564 1283 2618 in
1324 2563 1591 2620 iudicium
1612 2606 1627 2629 ‚
1665 2581 1837 2637 quum
1872 2566 1930 2620 il-

89 2661 210 2719 ·lum
242 2661 492 2736 plumbeo
520 2662 700 2735 gladio
736 2663 1042 2735 iugulatum
1075 2665 1144 2719 iri
1178 2670 1360 2719 tamen
1393 2663 1614 2721 diceret.
1696 2669 1785 2720 21.
1828 2666 1932 2723 Sed

30 2805 34 2815 .
89 2762 360 2849 iudicium
405 2763 452 2819 si
486 2763 727 2835 'quaeris
785 2763 944 2836 quale
993 2763 1191 2820 suerit:
1247 2765 1552 2820 incredibili
1590 2767 1768 2829 exitu;
1826 2770 1929 2832 sic,

34 2891 35 2897 κ
90 2866 178 2919 -uti
225 2879 369 2920 nunc
407 2881 473 2920 ex
523 2871 721 2920 eventu
757 2865 824 2920 ab
864 2866 1019 2932 aliis,
1079 2883 1110 2921 a
1148 2883 1236 2922 me
1276 2874 1457 2923 tamen
1503 2884 1568 2921 ex
1621 2869 1736 2939 ipso
1775 2869 1931 2923 initio

91 2964 382 3020 consilium
415 2963 684 3020 Hortensii
731 2955 1170 3038 reprehendatur.
1250 2968 1385 3024 Nam
1426 2974 1486 3022 ut
1531 2967 1751 3023 reiectio
1790 2967 1930 3025 sacta

87 3073 180 3121 est
212 3066 537 3122 clamori-bus
557 3067 836 3131 maximiS‚
877 3084 1045 3138 quum
1078 3076 1388 3133 accusator,
1429 3075 1706 3140 tamquam
1740 3086 1929 3125 censor

160 3349 199 3405 ι)
232 3362 313 3409 pro
352 3350 487 3392 Domo
518 3362 594 3391 sua
625 3362 661 3391 c.
690 3351 762 3392 30.
797 3350 913 3406 §80.
944 3374 1002 3382 —
1035 3351 1075 3407 2)
1108 3366 1182 3410 pro
1214 3349 1369 3393 Milone
1401 3363 1437 3392 c.
1466 3350 1537 3391 17.
1573 3349 1689 3406 546.
1723 3352 1840 3409 -⁵)
1871 3351 1924 3396 ad

99 3427 193 3470 Att.
227 3427 260 3469 1.
292 3428 364 3470 18.
392 3428 416 3483 §
451 3429 491 3469 3.
527 3451 585 3459 —
615 3426 658 3483 4)
691 3423 823 3485 Epist.
855 3424 909 3470 ad
943 3428 986 3471 P.
1020 3426 1258 3471 Lentulum
1286 3425 1360 3482 (ad
1385 3429 1504 3471 Fam.
1534 3428 1567 3470 1.
1601 3428 1643 3470 9.
1677 3430 1702 3486 §
1739 3432 1833 3487 15.)
1866 3455 1924 3463 —

97 3502 138 3560 ⁶)
172 3500 282 3548 ibid.
313 3504 399 3562 §9.
433 3529 491 3538 -
524 3506 563 3560 6)
597 3503 650 3547 de
675 3505 854 3564 Harusp.
879 3519 986 3564 resp.
1010 3520 1044 3550 c.
1081 3507 1152 3550 18.
1179 3505 1292 3560 §38
1328 3530 1385 3537 —
1420 3507 1460 3563 ⁷)
1492 3502 1543 3549 ad
1570 3508 1715 3552 Att.1.
1734 3510 1809 3552 16.
1839 3508 1922 3565 §2

1578 3579 1628 3626 ll
1648 3586 1669 3610 *⁵
