2150 3990
455 223 505 280 1..
534 224 616 280 v1.
661 243 704 279 ο.
732 224 869 280 xvi.
909 225 948 298 5
974 229 1044 278 40
1082 255 1157 265 -
1197 242 1240 276 «ι.
1269 223 1451 278 xvm.
1498 227 1535 299 S
1563 229 1646 279 44.
1847 227 1950 279 257

138 374 271 445 Quid
314 378 452 434 enim
489 387 598 433 tam
636 394 927 440 commune,
976 392 1133 447 quam
1171 375 1387 446 spiritus
1424 377 1583 440 vivis,
1637 383 1775 429 terra
1814 393 1948 429 mor-

133 481 264 545 tuis,
314 496 462 534 mare
501 477 899 549 fluctuantibus,
954 476 1100 531 littus
1139 476 1355 531 eiectis?
1432 475 1518 530 Ita
1566 477 1779 539 vivunt,
1829 475 1958 528 dum

126 587 365 651 possunt,
417 585 474 632 ut
511 578 696 632 ducere
732 578 965 632 animam
1000 577 1064 631 de
1101 575 1242 632 caelo
1279 594 1381 630 non
1413 583 1637 647 queant:
1687 576 1763 629 ita
1800 576 1956 628 mori·

131 687 291 734 untur
308 718 324 744 ‚
381 687 439 733 ut
475 695 652 733 eorum
696 695 812 732 ossa
870 687 1065 733 terram
1112 694 1214 731 non
1262 684 1509 748 lanqant:
1566 676 1643 730 ita
1699 676 1958 729 iactantur

130 777 402 847 fluctibus,
460 786 517 831 ut
547 795 834 849 numquam
877 777 1157 833 abluentur
1173 797 1190 832 .·
1241 777 1317 830 ita
1348 783 1611 847 postremo
1650 775 1928 829 eiiciantur
1944 817 1959 840 ‚

131 885 191 932 ut
209 895 289 932 ne
325 877 394 932 ad
425 896 557 933 saaca
588 879 798 951 quidem
829 879 1021 935 mortui
1058 877 1444 951 conquiescant,
1483 883 1539 932 et
1558 893 1697 949 quae
1729 893 1959 949 sequun-

134 984 249 1035 tur.
321 976 460 1034 Sunt
498 978 641 1033 enim
682 979 861 1034 omnia
900 979 1042 1034 sicut
1080 978 1468 1043 adolescentiS‚
1511 994 1615 1032 non
1658 983 1768 1033 tam
1809 993 1868 1033 re
1905 985 1962 1034 et

133 1078 446 1134 maturitate
467 1119 481 1142 ,
539 1093 702 1150 quam
754 1095 847 1151 spe
885 1085 938 1134 et
991 1060 1387 1151 exspectatione
1426 1078 1651 1134 laudati.
1750 1082 1839 1133 42.
1881 1079 1963 1134 Ab

134 1178 234 1235 hac
285 1176 464 1239 ind&
511 1178 620 1234 iam
668 1178 758 1234 illa
797 1185 1046 1233 matura:
1108 1178 1254 1234 Uxor
1290 1179 1468 1251 qeneri
1488 1220 1503 1243 ‚
1561 1196 1779 1233 noverca
1817 1179 1924 1251 filii
1944 1220 1958 1243 ‚

126 1280 274 1353 filiae
301 1278 501 1351 pellex.
598 1278 704 1333 Nec
743 1293 871 1332 vero
909 1278 997 1332 hic
1036 1293 1179 1332 unus
1218 1285 1335 1333 erat
1372 1278 1533 1333 ardor
1573 1279 1627 1332 in
1669 1278 1856 1343 nobie,
1897 1287 1959 1334 ut

130 1381 228 1436 hoc
259 1378 418 1437 modo
448 1378 629 1433 omnia
666 1376 985 1432 diceremus,
1064 1377 1185 1448 Ipsa
1218 1378 1364 1432 enim
1405 1377 1495 1432 illa
1525 1393 1624 1450 pro
1656 1378 1848 1432 Roscio
1881 1380 1959 1433 iu-

127 1478 317 1535 venilis
355 1475 713 1534 redundantia
744 1476 916 1532 multa
956 1475 1116 1531 habet
1145 1481 1424 1531 attenuata
1445 1516 1459 1541 ,
1498 1476 1763 1548 quaedam
1795 1478 1960 1533 etiam

125 1578 303 1653 paullo
334 1577 614 1634 hilariora:
657 1582 719 1633 ut
750 1594 846 1650 pro
884 1577 1064 1641 Avito,
1105 1593 1201 1649 pro
1239 1576 1510 1642 Cornelio,
1550 1578 1961 1651 compluresque

128 1679 279 1736 aliae.
368 1679 575 1735 Mutavi
598 1683 616 1717 ¹
668 1693 796 1750 ergo
848 1693 959 1733 me·
987 1678 1128 1750 ipse,
1181 1684 1237 1732 et
1285 1676 1432 1732 aliud
1484 1677 1698 1734 dicendi
1745 1680 1960 1736 institui

127 1797 324 1853 genus:
374 1786 460 1846 et,
510 1778 966 1852 quemadmodum
1019 1779 1246 1834 Roscius
1295 1779 1590 1835 Comoedus
1612 1822 1626 1845 ,
1679 1780 1963 1836 familiaris

130 1894 312 1948 meus,
364 1882 421 1937 in
466 1886 745 1938 senectute
790 1897 1044 1936 numeros
1084 1881 1139 1934 in
1175 1887 1339 1935 cantu
1385 1883 1670 1937 remiserat
1711 1885 1962 1956 ipsasque

131 1981 394 2039 tardiores
445 1980 646 2039 fecerat
683 1981 873 2046 tibias,
927 1981 1006 2036 sic
1045 1997 1143 2053 ego
1181 1998 1213 2036 a
1251 1982 1713 2047 contentionibus,
1765 1983 1963 2055 quibus

132 2084 360 2140 summis
410 2084 492 2139 uti
544 2082 806 2146 solebam,
865 2082 1104 2155 quotidie
1157 2082 1392 2137 relaxavi
1449 2083 1682 2155 aliquid,
1742 2091 1804 2138 ut
1855 2086 1963 2139 iam

131 2184 303 2240 oratio
346 2200 466 2240 mea
505 2200 610 2239 non
648 2184 882 2239 multum
921 2199 954 2237 a
993 2182 1430 2255 philosophorum
1470 2183 1692 2238 lenitate
1735 2184 1960 2240 abesset.

133 2284 284 2353 Quod
317 2287 585 2342 sustinere
617 2302 787 2357 quum
827 2282 908 2339 vel
943 2299 1156 2339 summa
1190 2290 1439 2339 senectus
1471 2301 1625 2357 posse
1657 2285 1963 2351 videretur,

135 2385 338 2442 nullam
377 2385 510 2442 mihi
543 2402 575 2440 a
613 2385 819 2440 caussis
851 2384 1184 2438 vacationem
1220 2383 1463 2439 videbam
1506 2384 1638 2439 dari.

206 2587 395 2644 XVIII.
475 2591 562 2642 45.
607 2587 887 2642 Tametsi²
927 2585 1154 2641 sortasse
1194 2602 1280 2640 me
1318 2586 1499 2642 dicere
1539 2595 1700 2660 atque
1744 2604 1962 2643 enume-

59 2758 61 2763 .
131 2705 251 2745 rare
282 2703 501 2744 caussas
519 2701 705 2742 ‘omnes
725 2686 1031 2759 oportebat,
1066 2686 1237 2742 multa
1258 2693 1279 2726 ³
1313 2687 1446 2742 mihi
1481 2691 1783 2744 necessario
1815 2694 1965 2761 prae-

130 2787 480 2844 termittenda
519 2794 662 2843 sunt.
742 2786 988 2858 Longum
1010 2793 1033 2825 ⁴
1077 2795 1160 2842 est
1200 2804 1262 2843 ea
1302 2790 1482 2843 omnia
1535 2789 1729 2845 dicere.
1809 2791 1966 2845 Iam⁸

130 2905 255 2945 vero
300 2889 535 2961 accipite
586 2887 798 2942 facinus
836 2887 1010 2943 nobile
1054 2896 1109 2942 et
1148 2889 1337 2944 multis
1374 2889 1506 2944 locis
1538 2906 1695 2962 saepe
1733 2907 1963 2946 comme-

128 2995 429 3054 moratum,
481 2995 536 3042 et
574 2987 871 3052 eiusmodi,
931 2995 992 3042 ut
1032 2990 1087 3042 in
1124 3006 1231 3045 uno
1270 2989 1424 3061 plura
1465 2989 1726 3044 maleficia
1787 2992 1961 3044 inesse

129 3089 430 3146 videantur.

203 3196 292 3248 44.
333 3191 440 3247 A.⁸
479 3190 527 3245 d.
571 3207 638 3244 ιν.
682 3190 835 3244 Febr.
890 3180 1194 3245 Marcellino
1235 3199 1287 3245 et
1327 3191 1570 3263 Philippo
1621 3190 1960 3256 consulihuS,

31 3438 33 3458 ς
190 3395 231 3449 ¹)
261 3391 316 3436 de
337 3391 481 3452 Legib.
510 3395 545 3436 1.
571 3408 606 3435 c.
628 3396 668 3435 4.
707 3393 821 3447 911.
856 3418 913 3424 —-
950 3395 988 3449 ²)
1022 3409 1099 3453 pro
1115 3393 1262 3438 Roscio
1279 3395 1478 3436 Amenc.
1501 3395 1571 3437 19.
1604 3395 1722 3451 953.
1755 3420 1813 3428 —-
1846 3397 1885 3453 ⁵)
1914 3397 1958 3441 in

32 3463 33 3500 ἓ
127 3471 301 3514 Verrem
336 3475 431 3515 Act.
466 3473 521 3516 11.
562 3474 605 3514 L.
637 3473 691 3514 11.
730 3485 768 3513 c.
804 3474 842 3513 1.
879 3472 963 3527 91.
999 3497 1058 3507 -
1090 3472 1131 3528 4)
1164 3487 1239 3531 pro
1269 3470 1411 3516 sextio
1449 3487 1485 3515 e.
1509 3474 1550 3515 5.
1593 3473 1715 3528 912.
1751 3497 1810 3506 —-
1840 3475 1879 3531 ⁵)
1913 3473 1958 3517 in

131 3548 306 3592 Verrem
338 3551 433 3593 Act.
464 3552 518 3594 11.
552 3550 593 3591 L.
617 3551 672 3592 ll.
707 3563 741 3592 e.
762 3549 834 3593 34.
868 3550 982 3604 989.
1018 3576 1075 3584 -
1109 3551 1148 3608 ⁶)
1182 3548 1235 3594 ad
1268 3551 1319 3608 Q.
1357 3545 1535 3594 fratrem
1561 3553 1616 3595 11.
1640 3553 1691 3593 3.
1715 3551 1802 3608 §5.

1624 3626 1679 3672 17
