2210 3970
267 247 376 299 686
728 257 1056 294 ANNALES
1114 257 1623 295 electionum.

265 404 350 449 que
381 388 615 433 universas
653 395 836 431 senatus
868 386 1008 430 multo
1040 385 1172 438 ante,
1216 402 1349 446 quam
1382 394 1448 430 est
1477 386 1572 429 lata
1606 385 1678 428 lez·
1709 383 1761 428 de
1793 402 1884 451 mex,
1914 389 2090 447 gracias

263 466 458 527 agendas
487 465 659 508 censuit
699 463 958 508 civitatibus
990 464 1075 514 iis,
1133 480 1246 524 quae
1291 466 1348 508 M.
1383 463 1606 508 Tullium:
1653 465 1917 508 tantumne?
1959 466 2090 508 immo

262 543 424 599 etiam,
467 543 604 586 civem
646 526 809 602 optime
851 541 904 585 de
951 541 1178 601 republica
1217 541 1424 584 meritum
1461 541 1741 600 recepissent.
1823 543 1882 585 De
1908 558 2092 587 numero

260 623 497 677 SCtorum,
531 635 641 682 quac
674 618 785 664 facta
821 619 989 663 fuerint
1022 620 1076 663 ad
1113 617 1437 664 restituendum
1471 617 1740 673 Ciceronem,
1775 634 1860 662 non
1892 621 2094 664 convenit

258 696 377 742 inter
401 697 674 759 interpretes,
738 701 992 754 MANUTJUS,
1026 698 1103 760 qui
1131 697 1366 759 quinque
1391 695 1481 744 sibi,
1504 695 1698 740 invenire
1724 695 1839 740 visus
1866 704 1958 753 at,
1990 697 2094 743 haec

260 773 415 819 scribit
441 775 495 819 ad
533 778 651 820 Orat.
686 792 760 837 pro
787 777 930 820 Sextio
956 792 991 820 c.
1021 779 1093 820 61.
1128 775 1373 835 »Quinque
1403 774 1456 818 de
1483 774 1683 819 Cicerone
1716 777 1988 822 restituendo
2021 781 2095 823 Se-

259 852 591 897 natusconsulta
619 869 705 898 csse
730 853 869 909 facta,
902 862 946 898 et
971 853 1042 897 hic
1061 885 1074 909 ,
1105 858 1151 896 et
1177 852 1220 894 in
1249 865 1300 894 ea
1330 858 1423 910 post
1447 850 1638 897 reditum
1666 853 1713 896 in
1734 863 1888 899 senatu
1909 855 2091 916 planum

259 928 344 973 fit:
378 946 540 973 unum
560 959 572 980 ‚
625 939 677 975 ut
709 931 763 974 ab
798 931 918 974 omni
951 930 1110 984 Italia,
1149 927 1229 989 qui
1268 926 1585 986 rempublicam
1619 928 1784 974 salvam
1819 932 2005 988 vellent,
2039 934 2093 977 ad

259 1006 506 1051 Ciceronem
530 1007 854 1052 restituendum
881 1015 927 1051 et
958 1003 1281 1050 defendendum
1311 1008 1493 1048 Romam
1518 1005 1736 1053 venirent:
1769 1009 1895 1054 cuius
1919 1019 1964 1055 et
1991 1011 2062 1055 hic
2079 1045 2094 1068 ,

259 1091 305 1128 et
347 1083 394 1127 in
433 1099 483 1128 ea
525 1092 621 1145 post
661 1084 856 1129 reditum
901 1084 947 1128 in
978 1091 1134 1128 senatu
1172 1098 1207 1126 c.
1233 1083 1275 1125 9.
1315 1079 1372 1124 fit
1401 1080 1582 1126 mentio.
1661 1084 1939 1144 Alterum,
1977 1090 2093 1151 quod

259 1171 448 1225 utroque
476 1163 652 1208 consule
678 1162 920 1218 referente,
967 1162 1013 1205 in
1047 1159 1258 1222 Capitolio
1275 1192 1290 1217 ,
1322 1159 1434 1203 Iovis
1465 1158 1512 1203 in
1541 1161 1737 1222 templo,
1774 1162 1828 1209 de
1856 1168 2096 1213 revocando

260 1242 459 1286 Cicerone
486 1241 654 1287 factum
682 1251 769 1288 est:
804 1240 919 1303 quod
945 1247 990 1285 et
1007 1238 1103 1293 hic,
1137 1245 1182 1282 et
1207 1238 1255 1282 in
1277 1236 1431 1282 eadem
1456 1245 1550 1298 post
1571 1239 1767 1286 reditum
1793 1257 1830 1286 c.
1852 1247 1921 1288 10.
1951 1253 1995 1288 et
2017 1262 2093 1307 pro

260 1318 389 1364 domo
421 1335 456 1364 c.
477 1323 516 1364 6.
550 1319 817 1364 nominatur.
882 1316 1123 1362 Tertium
1143 1349 1157 1372 ,
1200 1314 1316 1378 quod
1348 1314 1394 1359 in
1426 1314 1578 1391 curia}
1621 1332 1676 1362 ne
1708 1319 1830 1380 quis,
1861 1321 1916 1365 ad
1956 1322 2094 1384 impe-

260 1395 464 1443 diendam
495 1396 637 1458 legem
657 1430 670 1454 ,
718 1395 771 1440 de
803 1393 921 1440 caelo
949 1401 1172 1450 servaret3
1214 1409 1269 1438 ne
1298 1392 1398 1454 quis
1429 1409 1597 1444 moram
1631 1395 1770 1441 ullam
1807 1396 2006 1444 afferret:
2040 1399 2094 1444 de

261 1489 350 1536 quo
376 1481 420 1519 et
447 1472 549 1530 hic,
583 1481 629 1518 et
652 1473 702 1517 ¹in
723 1472 873 1517 eadem
895 1480 990 1534 post
1007 1471 1200 1516 reditum
1228 1474 1352 1530 1211.
1415 1474 1707 1530 Quartum,
1742 1482 1794 1519 ut
1825 1475 1904 1532 iis,
1934 1476 2013 1538 qui
2044 1492 2095 1521 ex

260 1551 514 1614 municipiis
543 1558 781 1607 venerant,
823 1558 1056 1613 agerentur
1088 1547 1288 1609 gratiae,
1321 1555 1456 1610 atque
1487 1556 1538 1593 ut
1569 1548 1702 1595 iidem
1736 1551 1791 1596 ad
1820 1569 1886 1600 res
1912 1554 2098 1603 redeun-

259 1637 349 1687 tes,
382 1637 435 1674 ut
459 1629 681 1686 venirent,
706 1637 982 1691 rogarentur:
1017 1627 1071 1671 de
1098 1643 1184 1689 quo
1211 1626 1319 1671 item
1348 1625 1420 1671 hic
1448 1635 1493 1671 et
1520 1626 1568 1671 in
1590 1626 1739 1673 eadem
1762 1644 1797 1673 c.
1818 1633 1888 1675 11.
1933 1631 2094 1689 Quin-

259 1715 377 1752 tum
415 1722 544 1768 supra
571 1723 607 1753 c.
633 1711 705 1752 54.
750 1706 1067 1751 demonstravit
1111 1706 1159 1750 in
1197 1721 1245 1750 eo
1285 1705 1409 1762 loco,
1449 1722 1588 1767 quum
1617 1705 1667 1749 in
1699 1702 1862 1763 templo
1900 1705 2095 1749 Virtutis

261 1784 397 1829 honos
430 1784 610 1829 habitus
637 1793 752 1829 esset
783 1785 971 1829 virtuti:
1013 1784 1066 1828 de
1099 1800 1186 1846 quo
1219 1785 1484 1829 mentionem
1519 1781 1815 1846 praetermitti
1838 1781 1885 1825 in
1920 1798 1968 1828 ea
1995 1791 2092 1844 post

259 1862 458 1908 reditum
503 1863 552 1907 in
598 1871 752 1908 senatu
770 1896 783 1919 ,
826 1879 967 1924 quum
1016 1870 1158 1907 cetera
1206 1863 1516 1919 nominentur,
1564 1863 1691 1908 valde
1733 1861 1870 1907 miror
1887 1892 1899 1913 ,
1950 1879 2092 1923 quum

243 1940 518 2003 ⁴praesertim
549 1940 596 1985 in
619 1957 668 1985 eo
698 1941 752 1985 de
779 1941 872 1985 eius
899 1940 1046 1986 reditu
1071 1941 1296 1987 decretum
1327 1942 1400 1988 sit.
1466 1946 1638 1998 Postea,
1670 1940 1929 1986 centuriatis
1955 1941 2096 1986 comi-

260 2018 367 2075 tiis,
418 2035 443 2064 a
485 2022 528 2063 P.
561 2018 746 2063 Lentulo
779 2019 982 2075 consule,
1032 2019 1451 2082 magistratibusque
1497 2018 1696 2075 cunctis,
1745 2026 1913 2080 praeter
1951 2036 2093 2064 unum

256 2104 537 2158 praetorem,
570 2099 679 2158 App.
701 2095 935 2141 Claudium
955 2130 969 2154 ‚
1003 2099 1046 2143 P.
1078 2097 1217 2142 Clodii
1246 2096 1426 2143 fratrem
1446 2129 1460 2154 ,
1493 2104 1538 2142 et
1566 2096 1675 2150 duos
1705 2095 1905 2140 tribunos
1933 2095 2096 2157 plebis,

258 2178 356 2220 Sex.
386 2175 575 2220 Atilium
598 2178 833 2220 Serranum
869 2184 914 2221 et
947 2177 1207 2222 Numerium
1233 2177 1453 2236 Quintum
1471 2209 1484 2233 ,
1519 2175 1659 2237 pridie
1690 2174 1828 2220 Nonas
1859 2177 1974 2219 Sext.
2001 2174 2093 2221 lata

257 2253 329 2298 lex
355 2255 464 2298 est.’'
497 2280 557 2287 —
588 2256 865 2311 Famulus,
901 2255 980 2318 qui
1006 2255 1112 2302 tria
1138 2255 1316 2300 omnino
1341 2253 1454 2300 facta
1481 2270 1569 2299 esse
1594 2253 1824 2315 opinatur,
1857 2252 1918 2297 sic
1945 2252 2091 2315 dispu-

257 2338 329 2376 tat
370 2330 505 2392 Epist.
546 2342 616 2375 111.
650 2334 722 2376 13.
751 2348 791 2392 p.
813 2335 915 2378 212.
954 2334 1126 2391 (Venet.
1152 2337 1286 2378 1738.
1318 2334 1404 2392 4⁰.)
1450 2332 1582 2378 »Tria
1614 2331 1791 2376 omnino
1822 2330 1944 2376 video
1976 2331 2092 2379 facta

257 2410 368 2454 scta
393 2408 446 2453 de
468 2407 685 2453 Cicerone:
714 2409 946 2455 Primum
975 2411 1022 2455 in
1046 2419 1333 2456 monumento
1362 2410 1482 2456 Marii
1501 2440 1514 2462 ‚
1542 2410 1596 2454 de
1616 2427 1703 2473 quo
1725 2426 1800 2472 pro
1821 2413 1942 2457 Sext.
1965 2427 2000 2459 c.
2019 2416 2092 2458 54.

260 2488 311 2533 Id
342 2489 432 2535 tria
459 2486 860 2550 complectebatur:
897 2491 945 2547 1)
979 2496 1031 2533 ut
1057 2488 1110 2533 iis
1143 2489 1309 2550 gratiae
1335 2497 1600 2551 agerentur,
1632 2489 1711 2551 qui
1737 2488 1985 2546 Ciceronem
2019 2507 2092 2552 pa-

257 2568 348 2612 tria
377 2566 567 2611 eiectum
594 2571 872 2626 exceperant5
906 2568 956 2624 2)
982 2573 1037 2610 ut
1062 2565 1396 2627 magistratibus
1426 2567 1744 2630 provinciarum
1769 2575 1813 2612 et
1830 2567 2092 2614 nationibus

261 2638 417 2690 exteris¹
445 2644 564 2690 salus
593 2642 785 2689 eiusdem
813 2643 1111 2688 consularibus
1139 2643 1300 2688 litteris
1330 2644 1734 2702 commendaretur3
1768 2635 1818 2705 3)
1852 2653 1904 2690 ut
1931 2655 2091 2693 cuncta

261 2739 312 2768 ex
342 2722 475 2768 Italia
501 2736 675 2776 omneS,
708 2720 785 2782 qui
816 2736 953 2782 remp.
981 2721 1147 2766 salvam
1172 2708 1364 2779 vellent,
1395 2731 1751 2769 convocarentur.
1814 2723 2086 2782 Alterum,

257 2799 376 2864 quod
407 2799 455 2844 in
480 2798 647 2860 templo
674 2799 784 2843 Iovis
812 2802 861 2844 Ο.
885 2803 937 2844 Μ.
956 2797 1125 2844 factum
1152 2807 1219 2844 est
1249 2802 1414 2858 9129.θ
1442 2810 1494 2847 ut
1520 2801 1716 2846 eonsules
1742 2798 1882 2861 legem
1901 2801 2090 2846 comitiis

256 2877 517 2924 centuriatis
547 2876 713 2922 ferrent
743 2875 1026 2928 de-Cieaone
1057 2876 1113 2922 ab
1145 2878 1293 2923 exsilio
1324 2879 1589 2936 revocando,
1620 2895 1763 2941 quum
1795 2877 1908 2923 facta
1938 2878 2090 2924 fuisset

257 2955 453 3002 discessio
479 2955 526 2999 in
550 2957 625 2999 Cn.
645 2954 835 3015 Pompeii
858 2955 1146 3012 sententiam,
1165 2972 1252 3001 uno
1275 2956 1555 3003 dissentiente
1582 2959 1624 3001 P.
1643 2956 1801 3001 Clodio.
1845 2957 2088 3001 Tertium

203 3023 206 3026 ⁴
256 3033 378 3096 quod
406 3041 474 3078 est
490 3031 715 3094 postridie
750 3032 970 3078 decretum
996 3035 1044 3078 in
1076 3035 1203 3079 curia
1231 3042 1315 3080 cet.
1350 3037 1374 3094 §
1404 3038 1524 3092 129„
1560 3051 1615 3080 ne
1647 3036 1744 3098 quis
1771 3036 1825 3080 ad
1850 3035 2088 3097 impedien-

256 3113 358 3158 dam
386 3112 528 3174 legem
566 3111 618 3155 de
645 3112 761 3157 caelo
793 3119 1004 3167 servaret,
1048 3119 1093 3156 et
1126 3121 1178 3157 ut
1206 3123 1441 3175 agerentur
1469 3114 1521 3160 iis
1553 3116 1741 3177 gratiae,
1774 3114 1852 3177 qui
1884 3131 1934 3159 ex
1959 3114 2087 3159 Italia

256 3196 574 3246 convenerant,
605 3188 826 3252 iidemque
859 3198 1117 3251 rogarentur
1133 3225 1146 3247 ‚
1179 3199 1232 3236 ut
1254 3191 1473 3245 redirent,
1509 3209 1595 3255 quo
1620 3192 1689 3237 die
1714 3193 1783 3237 lex
1809 3192 1863 3237 de
1885 3193 2086 3237 Cicerone

254 3268 431 3315 ferenda
458 3276 579 3314 esset.
643 3271 754 3313 Haec
785 3267 872 3312 duo
905 3268 1063 3313 ultima
1092 3285 1179 3313 uno
1210 3273 1318 3314 SCto
1351 3271 1582 3316 coniuncta
1613 3270 1745 3316 fuisse
1771 3287 1794 3315 e
1825 3269 1966 3315 verbis
1999 3270 2084 3315 Cic.

253 3355 428 3408 apparet
456 3363 492 3391 c.
522 3350 593 3393 62.
624 3347 709 3392 im:
753 3346 944 3391 decrevit
975 3346 1120 3391 eodem
1152 3342 1345 3409 tempore
1377 3357 1559 3395 senatus
1595 3359 1678 3397 cet.
1711 3359 1755 3396 et
1783 3367 1831 3395 ex
1859 3366 1933 3407 eo,
1967 3350 2082 3412 quod

252 3423 367 3468 illud
388 3426 550 3468 SCtum
574 3424 803 3468 admonitu
830 3440 1002 3480 eorum,
1037 3426 1118 3486 qui
1141 3442 1163 3469 e
1184 3427 1443 3488 municipiis
1466 3437 1772 3481 convenerant,
1805 3427 1974 3473 factum
1997 3443 2086 3473 esse

252 3500 458 3546 dicitur.’'
523 3499 605 3545 Cfr.
643 3506 765 3549 Barn.
794 3503 1034 3549 Brissonius
1061 3504 1114 3550 de
1145 3506 1361 3552 Formulis
1390 3520 1441 3553 Π.
1474 3524 1509 3553 c.
1529 3511 1632 3554 125.
1664 3525 1705 3570 p.
1723 3511 1815 3554 210
1833 3522 1924 3570 sqq.

2175 3194 2203 3294 Magi-¹
2183 3067 2199 3134 ;,,
2188 2971 2198 3010 -,
2192 2906 2200 2926 .,

2196 3272 2202 3283 υ
2199 3231 2205 3242 ..
2200 3187 2205 3202 «.
2197 3008 2210 3065 -ΛΗ
2196 2898 2210 2978 „‚;‚·

2162 3318 2199 3598 ³·'TWQ‘1-»QR‘40-Q&
2174 3295 2196 3311 :⁹
