2210 3970
241 228 354 279 652
703 235 1592 275 ΑΝΝΑιΕεεῙσΕΒοΝυ-Νι.

244 372 303 416 τὰ
329 370 636 433 πραττόμενα
663 370 746 412 καὶ
771 367 1192 423 συνεξιχνεύοντας
1221 365 1378 428 αὐτῷ,
1412 361 1615 418 πολλοῖς
1638 364 1692 413 δὲ
1721 365 1813 412 τῶν
1837 366 2070 427 μετέχειν

239 449 510 495 δοκούντων
540 449 624 505 τῆς
650 450 951 508 συνωμοσίας
977 445 1318 507 διαλεγόμενος
1344 447 1504 507 κρύφα
1529 447 1612 490 καὶ
1637 447 1908 504 πιστεύων,
1943 445 2060 509 ἔγνω

241 529 325 586 τήν
363 528 480 590 πρὸς
523 529 640 580 τούς
675 527 837 579 ξένους
871 527 1206 588 κοινολογίαν·
1255 525 1337 569 καὶ
1383 525 1557 577 νυκτὸς
1595 523 1881 586 ἐνεδρεύσας
1919 522 2064 583 ἔλαβε

239 608 327 653 τὸν
358 607 703 670 Κροτωνιάτην
731 609 813 652 καὶ
842 607 901 652 τὰ
929 607 1199 670 γράμματα,
1233 605 1582 666 συνεργούντων
1609 602 1795 661 ἀδήλως
1821 605 1916 650 τῶν
1943 605 2064 648 ’Λλ-

238 684 492 749 λοβρίγων.
557 685 736 746 Appian.
763 688 809 730 B.
827 687 869 730 C.
900 698 949 731 11.
983 702 1018 730 c.
1038 688 1079 729 4.
1103 684 1243 746 Παρὰ
1270 683 1325 731 δὲ
1353 688 1443 731 τοῦ
1466 685 1634 748 Σάγγα
1657 681 1830 744 μαθὼν
1860 681 1886 727 o‘
1908 674 2068 727 Κικέ-

238 781 361 826 ρων,
407 763 667 824 συνὲλαβεν
700 763 933 816 ἀπιόντας
965 766 1082 816 τούς
1115 762 1443 828 Ἀλλόβριγάς
1476 781 1527 810 τε
1555 768 1636 811 καὶ
1665 764 2058 824 Βουλτούρκιον,

238 846 318 890 καὶ
346 842 396 896 ἐς
423 844 508 902 τήν
540 843 714 904 βουλήν
744 843 908 895 εὐθύς
939 842 1191 906 ἐπήγαγεν.
1255 844 1332 888 Dio
1364 857 1544 899 mvn.
1576 860 1613 889 c.
1632 847 1704 888 34.
1738 845 1780 887 2.
1811 830 1912 887 Καὶ
1946 842 2073 887 συλ-

239 922 398 982 λαβὼν
427 925 543 974 τούς
575 920 648 967 εντ’
683 921 834 981 αυτήν
863 921 1152 979 σταλέντας,
1193 920 1241 973 ἐς
1269 937 1320 966 τε
1354 919 1410 966 τὸ
1436 920 1778 983 βουλευτήριον
1809 921 1929 982 μετὰ
1964 921 2062 966 τῶν

240 1003 526 1064 γραμμάτων
547 999 779 1064 εσήγαγε,
816 1004 899 1047 καὶ
928 999 1098 1047 α’δειαν
1131 1001 1303 1053 αὐτοῖς
1332 1000 1453 1053 δούς
1482 1003 1664 1057 πᾶσαν,
1705 998 1835 1046 οὕτω
1854 1000 1938 1058 τήν
1954 1016 2061 1046 συν-

236 1084 452 1142 ωμοσίαν
487 1081 697 1143 ἤλεγξεν.
759 1080 913 1126 Florus
941 1080 972 1125 l.
989 1096 1024 1125 c.
1082 1095 1085 1098 ⁴

244 1243 248 1247 ,
315 1183 401 1259 (4⁰)
444 1181 633 1240 Cicero
675 1183 948 1240 arcessitis
988 1183 1375 1238 coniurationis
1413 1172 1747 1257 principibus
1785 1187 1839 1237 et
1873 1170 2062 1236 senatu

237 1287 294 1341 in
328 1285 514 1341 aedem
551 1284 880 1344 ,Concordiae
925 1290 1214 1339 convocato
1245 1301 1362 1339 rem
1400 1255 1628 1338 omnem'
1649 1284 1813 1338 certis
1849 1282 2069 1336 indiciis

237 1393 291 1442 et
330 1387 529 1441 litteris
575 1381 864 1459 patefacit,
923 1385 1201 1450 adhibitis,
1242 1385 1337 1457 qui
1381 1380 1562 1439 omnia
1601 1383 1844 1438 indic-um
1883 1381 2064 1447 dicta,

238 1490 596 1560 interrogata,
650 1504 905 1560 responsa
942 1486 1367 1559 perscriberent,
1414 1483 1753 1541 ‘senatoribus
1791 1485 1846 1539 C.
1879 1484 2062 1540 Cosco-

237 1589 354 1654 ni0,
393 1589 461 1643 M.
497 1588 767 1653 Messalla,
806 1589 865 1644 P.
894 1587 1135 1658 Nigidio,
1175 1587 1307 1659 App.
1332 1576 1571 1642 Claudio,
1611 1604 1686 1640 111.
1721 1602 1764 1642 c.
1791 1564 1880 1639 22.
1917 1586 2097 1677 68—-'

236 1706 281 1745 c.
307 1693 395 1744 24.
441 1693 528 1744 75.

301 1789 479 1835 Sallust.
507 1780 635 1834 Catil.
667 1804 704 1833 c.
734 1792 807 1833 46.
839 1789 1032 1848 (Cicero)
1063 1789 1214 1833 vocari
1243 1786 1306 1832 ad
1331 1803 1427 1832 sese
1457 1787 1580 1832 iubet
1610 1785 1878 1842 Lentulum,
1914 1784 2064 1829 Cethe·

151 1892 157 1901 =
235 1874 367 1928 gum,
409 1866 647 1917 Statilium
662 1899 677 1923 ,
725 1866 961 1911 Gabinium
977 1903 990 1927 ,
1035 1870 1143 1913 item
1183 1869 1444 1929 Caeparium
1485 1865 1834 1910 Terracinensem
1850 1896 1864 1920 ,
1907 1865 1987 1924 qui
2016 1864 2066 1907 in·

238 1945 451 2005 Apuliam
493 1945 555 1989 ad
588 1943 850 1989 concitanda
881 1947 1067 1991 servitia
1089 1945 1329 2007 proficisci
1353 1943 1560 2006 parabat.
1640 1943 1783 1987 Ceteri
1807 1942 1904 1986 sine
1942 1957 2068 1985 mora

238 2023 449 2076 veniunt5
494 2023 760 2083 Caeparius,
793 2023 956 2083 paullo
993 2023 1253 2073 antedomo
1285 2038 1515 2083 egressus,
1557 2021 1733 2082 cognito
1768 2018 1935 2064 indicio
1951 2050 1968 2075 ,
2008 2035 2064 2063 esc

244 2099 354 2143 Urbe
377 2099 661 2161 profugerat.
729 2100 895 2146 Consul
934 2100 1171 2146 Lentulum
1187 2134 1201 2158 ,
1243 2100 1364 2161 quod
1393 2107 1580 2162 praetor
1621 2106 1747 2153 erat,
1790 2098 1888 2159 ipse
1929 2113 2064 2140 manu

242 2186 393 2223 tenens
423 2180 471 2223 iu
497 2185 703 2224 senatum
724 2178 936 2239 perducit
942 2199 960 2233 ,·
989 2179 1188 2241 reliquos
1214 2195 1313 2223 cum
1338 2175 1596 2222 custodibus
1626 2176 1675 2220 in
1706 2167 1855 2220 aedem
1886 2160 2068 2219 Concor·-

238 2256 339 2301 Iliae
368 2255 515 2301 venire
530 2256 666 2302 iubet.
717 2243 800 2300 ⁸Eo
822 2264 1026 2301 senatum
1050 2255 1261 2315 advocat,
1287 2253 1534 2319 magnaque
1540 2250 1806 2316 frequentia
1822 2253 1919 2298 eius
1945 2249 2063 2297 ordi-

236 2336 310 2378 nis
346 2335 627 2381 Vultur-cium
663 2353 762 2381 cum
801 2336 975 2398 legatis'
1004 2335 1250 2397 introducit
1263 2358 1282 2391 ,-
1323 2332 1532 2379 Flaccum
1564 2341 1818 2394 praetorem
1849 2331 2065 2375 scrinium

238 2429 336 2456 cum
381 2412 548 2458 litteris
558 2408 592 2469 ,³
615 2431 728 2475 quas
770 2421 799 2459 a
832 2415 994 2475 legatis
1025 2419 1278 2475 acceperat,
1303 2411 1468 2457 'eodem
1505 2410 1684 2470 adferre
1725 2410 1858 2455 iubet.
1923 2424 1959 2453 c.
1987 2411 2059 2453 47.

242 2488 500 2534 Vulturcius
525 2492 827 2554 interrogatus
859 2492 912 2536 cle
943 2493 1129 2548 itinere,
1161 2492 1213 2536 de
1241 2491 1408 2536 litteris
1424 2523 1438 2546 ,
1462 2498 1688 2551 postremo
1720 2488 1833 2549 quid
1860 2494 1942 2532 aut
1973 2487 2067 2549 qua'

238 2566 290 2610 de
316 2582 478 2611 caussa
500 2556 687 2626 'consilii
719 2571 966 2625 habuisset,
994 2568 1142 2630 primo
1160 2568 1338 2629 fingere
1363 2568 1484 2624 alia,
1518 2560 1803 2611 dissimulare
1833 2565 1887 2610 de
1913 2565 2063 2626 coniu-

239 2645 438 2700 ratione5
469 2653 607 2706 post,
650 2648 730 2692 ubi
759 2647 860 2708 fide
882 2646 1069 2708 publica
1099 2645 1242 2690 dicere
1277 2646 1431 2690 iussus
1463 2651 1560 2702 est,
1603 2646 1779 2701 omnia,
1822 2645 1894 2689 uti
1931 2650 2061 2706 gesta

239 2730 366 2767 erant
379 2725 554 2802 ‚aperit
570 2723 777 2785 docetque
794 2739 841 2768 se
852 2757 866 2780 ,
875 2725 1040 2785 paucis
1057 2731 1159 2769 ante
1175 2724 1328 2769 diebus
1345 2741 1373 2768 a
1394 2720 1579 2768 Gabinio
1597 2731 1639 2767 et
1665 2722 1876 2783 Caepario
1893 2720 2068 2780 socium

239 2783 482 2857 adscitum,
497 2796 632 2846 nihil
650 2802 846 2863 amplius
864 2803 978 2846 scire
994 2792 1207 2863 φααηιῖεὸ
1190 2809 1343 2858 ‹ratos‚·
1370 2800 1670 2846 tantummodo
1696 2799 1852 2858 audire
1877 2786 2069 2844 solitum·

238 2894 295 2922 ea·
315 2878 523 2940 Gabinio,
535 2879 588 2923 P.
585 2879 890 2938 Autronium,
909 2881 1111 2924 Servium
1124 2879 1318 2936 Sullam,
1332 2881 1387 2924 -.L
1403 2879 1744 2941 Vargunteium,
1756 2877 1922 2923 multos
1928 2893 2062 2939 prae

239 2963 360 3001 terea
385 2957 434 3001 in
456 2969 508 3000 ea
533 2952 837 3002 coniuratione
864 2974 970 3015 esse.
1033 2958 1206 3003 Eadem
1226 2956 1348 3003 Galli
1360 2955 1602 3016 fatentur,
1634 2973 1686 3001 ac
1712 2955 1950 3001 Lentulum
1971 2951 2064 3000 dis-

236 3017 525 3079 simulantem
539 3043 785 3097 coarguunt
802 3043 986 3097 praeter
1002 3036 1179 3081 litteras
1200 3035 1501 3092 sermonibus,
1520 3050 1636 3097 quos
1660 3033 1740 3078 ille
1773 3034 1928 3089 habere
1954 3033 2061 3079 soli-

236 3100 312 3157 tus
343 3110 459 3158 erat:
494 3130 550 3158 ex
582 3113 711 3157 libris
738 3114 980 3177 Sibyllinis
1005 3131 1187 3175 regnum
1218 3115 1379 3158 Romae
1406 3113 1551 3166 tribus
1582 3112 1797 3157 Corneliis
1818 3109 2061 3178 portendi,-

241 3190 423 3235 Cinnam
454 3199 587 3252 atque
619 3191 796 3236 Sullam
827 3198 984 3247 antea,
1024 3209 1072 3237 se
1104 3182 1286 3238 tertium
1318 3194 1434 3249 esse,
1477 3194 1559 3236 cui
1583 3190 1743 3251 fatum
1765 3190 1895 3249 foret
1931 3189 2066 3234 Urbis

226 3269 375 3329 potiri
402 3271 463 3327 [v.
482 3270 590 3315 ada.
609 3255 710 3331 691.
730 3271 852 3330 36.];
877 3269 1112 3332 praeterea
1143 3272 1233 3315 ab'
1213 3286 1387 3316 incenso
1423 3269 1641 3330 Capitolio
1667 3268 1798 3314 illum
1814 3285 1908 3313 esse
1938 3269 2063 3331 vige.

233 3345 396 3389 simam
427 3362 589 3390 annum
621 3349 683 3405 [v.
700 3348 753 3393 ad
770 3367 808 3395 a.
828 3343 1040 3410 671.2.],
1073 3366 1201 3412 quem
1227 3365 1356 3409 saepe
1383 3365 1440 3392 ex
1457 3345 1682 3422 prodigiis
1706 3349 1963 3420 haruspices
1990 3368 2058 3396 re-

235 3422 516 3483 spondis-sent
539 3424 650 3469 bello
677 3410 803 3470 civili
830 3436 1072 3473 cruentum
1081 3427 1204 3487 fore.
1267 3426 1487 3473 Plutarch.
1515 3426 1598 3472 cic.
1619 3429 1748 3482 ο.19.
1772 3430 1814 3473 1.
1849 3431 1986 3490 “Apta
2008 3430 2053 3475 δ’
2120 3430 2126 3438 “

233 3499 386 3563 ,ἥμερα
429 3500 608 3561 βουλήν
655 3489 895 3568 ἀθροίσας
931 3509 1002 3561 εἷς
1042 3506 1098 3554 τὸ
1140 3509 1224 3565 τῆς
1264 3509 1518 3567 Ὁμονοίας
1560 3507 1688 3568 ἱερὸν
1721 3507 1949 3573 ἐξανέγνω
1990 3511 2047 3556 τὰ
