2210 3970
489 249 548 306 12.
570 250 631 305 x.
675 249 882 305 0.xiv.
927 248 1059 322 §54
1100 278 1174 287 -
1215 246 1423 301 cxlv.
1469 247 1506 319 g
1534 251 1620 300 56.
1876 251 1977 301 471

148 403 203 456 in
252 417 413 473 quam
455 399 894 466 exercitationem
938 401 1012 455 ita
1047 416 1142 455 nos
1181 397 1418 454 studiose
1451 396 1728 459 dedimus,
1772 403 1833 450 ut
1874 399 1982 454 iam

144 503 307 558 ctiam
342 501 550 558 scholas
581 502 908 557 Graecorum
937 517 1086 556 more
1115 498 1309 554 habere
1338 496 1688 553 auderemus:
1721 502 1780 550 ut
1807 513 1978 569 nuper

145 604 202 658 in
248 600 582 666 Tusculano,
635 618 804 674 quum
845 607 1025 658 essent
1062 599 1365 673 complures
1405 613 1619 653 mecum
1659 595 1980 662 familiareS,

60 767 63 769 ,
144 704 378 769 tentavi,
418 702 548 775 quid
589 704 645 757 in
686 720 748 758 eo
782 719 978 775 genere
1009 718 1239 775 possem.
1321 700 1389 757 Ut
1427 700 1572 755 enim
1608 705 1766 754 antea
1804 697 1980 753 decla-

141 803 400 860 mitabam
446 818 696 868 caussaS‚
747 802 890 875 quod
931 819 1088 858 nemo
1125 819 1213 858 me
1257 801 1466 857 diutius
1506 799 1676 862 secitz
1726 800 1807 854 sic
1848 798 1980 855 haec

146 905 283 962 mihi
339 920 484 960 nunc
533 904 717 959 senilis
758 892 875 960 erat
915 903 1248 960 declamatio.
1341 903 1543 959 Ponere
1582 901 1861 966 iubebam,
1913 900 1982 956 dc

143 1021 249 1079 quo
283 1007 405 1079 quis
439 1005 628 1062 audire
662 1005 847 1062 vellet:
889 1005 956 1062 ad
991 1005 1044 1060 id
1080 1012 1172 1061 aut
1207 1005 1398 1061 sedens
1432 1011 1527 1061 aut
1559 1003 1843 1060 ambulans
1875 1002 1980 1059 dis-

142 1106 416 1179 putabam.
510 1107 699 1178 ltaque
739 1105 950 1161 dierum
989 1107 1228 1179 quinque
1267 1105 1507 1171 scholaS,
1561 1112 1623 1162 ut
1661 1105 1851 1162 Graeci
1890 1121 1979 1178 ap-

141 1207 369 1280 pellant,
423 1208 478 1263 in
519 1206 742 1262 totidem
782 1207 947 1262 libros
986 1207 1206 1263 contuli.
1286 1207 1474 1263 Fiebat
1512 1214 1693 1263 autem
1735 1208 1841 1271 ita,
1889 1211 1983 1271 ut,

143 1324 313 1381 quum
357 1311 432 1374 is,
471 1310 565 1381 qui
606 1307 795 1363 audire
832 1308 1021 1373 vellet,
1062 1308 1318 1372 dixisset,
1359 1308 1489 1381 quid
1516 1310 1635 1364 >sibi
1675 1308 1982 1370 videretur,

141 1415 261 1465 tum
297 1425 395 1482 ego
426 1414 614 1463 contra
647 1408 902 1463 dicerem.
982 1408 1125 1464 Haec
1154 1416 1238 1464 est
1266 1410 1411 1464 enim
1441 1416 1598 1464 vetus
1629 1416 1683 1464 et
1708 1409 1982 1464 Socratica

138 1509 278 1566 ratio
315 1514 503 1564 contra
542 1508 768 1564 alterius
800 1508 1106 1580 opinionem
1146 1508 1463 1564 disserendi.
1544 1507 1677 1565 Nam
1718 1509 1795 1563 ita
1837 1508 1985 1564 sacil-

141 1610 298 1676 lime,
352 1609 483 1683 quid
520 1610 635 1666 veri
673 1609 1015 1665 simillimum
1055 1616 1227 1676 esset,
1268 1611 1500 1665 inveniri
1542 1626 1695 1682 posse
1735 1609 1985 1667 Socrates

145 1710 529 1774 arbitrabatur.
623 1710 727 1767 Sed
779 1726 886 1784 quo
937 1710 1275 1767 commodius
1327 1710 1722 1785 disputationes
1769 1718 1983 1766 nostrae

140 1811 566 1886 explicarentur,
599 1814 677 1868 sic
697 1829 789 1868 eas
808 1814 1070 1886 exposui,
1095 1813 1251 1886 quasi
1272 1818 1527 1885 ageretur
1546 1829 1662 1877 res,
1691 1828 1795 1867 non
1825 1812 1982 1884 quasi

139 1920 472 1971 narraretur.
553 1917 643 1970 56.
684 1914 902 1971 Primus
924 1919 941 1953 ¹
977 1912 1114 1969 liber
1141 1919 1224 1968 est
1258 1912 1325 1968 de
1358 1912 1750 1968 contemnenda
1784 1919 1982 1974 morte:

139 2014 410 2071 secundus
446 2014 516 2069 de
553 2013 830 2070 tolerando
862 2013 1070 2076 dolore;
1110 2013 1176 2071 de
1215 2012 1556 2086 aegritudine
1589 2013 1836 2070 lenienda
1877 2021 1981 2069 ter-

141 2115 280 2179 tius;
331 2119 561 2189 quartus
608 2114 674 2170 de
714 2114 938 2188 reliquis
978 2115 1148 2170 animi
1196 2114 1709 2188 perturbationibus.
1790 2115 1984 2174 Scire=

138 2222 323 2272 autem
362 2232 460 2272 nos
492 2222 736 2290 oportet,
777 2216 1039 2288 cognitiS,
1080 2215 1255 2289 quoad
1276 2222 1502 2289 possunt
1534 2216 1603 2271 ab
1631 2216 1848 2273 homine
1890 2235 1982 2271 co·

141 2318 357 2388 gnosci,
408 2316 671 2372 bonorum
723 2323 779 2372 et
817 2316 1084 2372 malorum
1134 2316 1359 2382 finibuS,
1400 2317 1534 2372 nihil
1574 2334 1607 2373 a
1647 2317 1981 2391 philosophia

138 2433 294 2490 posse
338 2421 433 2471 aut
471 2418 649 2472 maius
695 2423 792 2471 aut
837 2416 1028 2471 utilius
1073 2417 1283 2490 optari,
1338 2433 1503 2489 quam
1550 2417 1719 2482 haec,
1771 2433 1910 2490 quae
1948 2437 1980 2474 a

137 2516 290 2572 nobis
312 2517 416 2574 isto
447 2517 737 2590 quatriduo
765 2517 1040 2591 disputata
1067 2525 1213 2573 sunt.
1297 2517 1464 2573 Morte
1493 2519 1638 2574 enim
1670 2526 1977 2593 contempta

134 2624 188 2674 et
227 2617 407 2674 dolore
437 2617 506 2673 ad
538 2617 853 2692 patiendum
884 2618 1087 2683 levato,
1128 2616 1479 2673 adiunximus
1519 2618 1850 2676 sedationem
1889 2637 1974 2677 ae-

135 2719 457 2792 gritudinis:
511 2737 618 2793 qua
677 2719 886 2775 nullum
928 2720 1133 2776 homini
1181 2719 1385 2775 malum
1433 2720 1611 2776 maius
1661 2728 1761 2777 est.
1858 2723 1976 2778 Etsi

134 2822 280 2876 enim
312 2822 488 2876 omnis
515 2822 681 2876 animi
716 2821 1049 2894 perturbatio
1081 2823 1262 2894 gravis
1288 2828 1370 2876 est
1400 2838 1499 2877 nec
1527 2822 1763 2879 multum
1791 2822 1976 2885 differt

135 2920 201 2976 ab
240 2922 508 2987 amentia,
550 2929 732 2978 tamen
774 2930 1015 2988 ceteroS,
1069 2940 1238 2996 quum
1279 2929 1410 2977 sunt
1449 2924 1504 2977 in
1544 2922 1725 2996 aliqua
1760 2934 1969 2996 pertur-

134 3022 350 3078 batione
388 3029 484 3078 aut
521 3030 701 3079 metus
741 3032 836 3080 aut
875 3025 1112 3080 laetitiae
1150 3032 1245 3081 aut
1285 3024 1598 3097 cupiditatis
1620 3068 1634 3090 ,
1674 3032 1973 3082 commotos

135 3121 290 3178 modo
329 3131 383 3180 et
415 3125 756 3198 perturbatos
796 3126 974 3182 dicere
1014 3127 1279 3183 solemus:
1321 3133 1377 3181 at
1417 3143 1505 3180 eos
1526 3167 1540 3191 ,
1581 3128 1674 3199 qui
1710 3145 1767 3183 se
1799 3130 1970 3200 aegri-

138 3224 313 3280 tudini
372 3225 724 3291 dediderunt,
779 3229 1034 3293 miseroS,
1094 3228 1347 3291 afflictos,
1397 3243 1777 3294 aerumnosos,
1831 3229 1968 3284 cala-

142 3326 377 3380 mitosos,
458 3326 645 3399 Itaque
674 3345 777 3383 non
813 3329 1032 3384 fortuito
1061 3329 1263 3384 sactum
1299 3326 1596 3392 videbitur,
1639 3330 1728 3384 sed
1762 3332 1967 3386 ratione

196 3559 235 3614 Ι)
266 3555 317 3602 de
345 3557 483 3605 Divin.
520 3562 575 3605 11.
611 3576 646 3604 c.
669 3562 708 3605 1.
743 3562 824 3618 §2
863 3586 918 3595 —-
953 3564 992 3621 ²)
1027 3563 1149 3606 Tusc.
1183 3562 1254 3605 lv.
1289 3576 1323 3604 c.
1345 3563 1414 3605 38.
1451 3563 1566 3620 §82
