2150 3990
347 231 401 287 L.
425 232 511 288 ιν.
554 250 599 286 ο.
624 228 805 286 xxvl.
851 228 889 301 5
914 231 983 283 66
1023 257 1098 268 -
1137 226 1440 283 0.xxvl11.
1486 227 1635 299 569.
1818 230 1918 282 187

115 382 256 448 lum,
314 384 459 440 omni
518 380 776 456 supplicio
814 386 953 436 esset
991 378 1221 450 dignus:
1275 393 1401 433 nam
1439 377 1610 432 oratio
1650 379 1762 449 ipsa
1806 393 1928 431 con-

116 482 248 538 sulis
286 483 586 556 perniciosa
623 486 796 556 potest
829 479 1212 551 rempublicam
1251 476 1585 533 labefactare.
1664 479 1756 532 68.
1790 475 1930 545 Quid

115 582 336 648 fecerit,
372 581 566 637 videte.
647 582 702 637 L.
744 580 1019 646 Lamiam,
1077 580 1206 653 qui,
1257 595 1427 652 quum
1480 594 1566 634 me
1618 579 1795 650 ipsum
1835 592 1933 650 pro

111 697 324 740 summa
362 681 762 748 familiaritate,
820 697 958 756 quae
1000 681 1134 737 mihi
1171 695 1298 736 cum
1343 678 1547 746 fratre,
1605 694 1731 735 cum
1781 684 1933 751 patre

109 783 226 839 eius
262 787 382 838 erat
400 822 415 847 ,
455 783 614 838 unice
651 781 941 855 diligebat,
978 788 1097 838 tum
1134 797 1232 856 pro
1270 779 1543 855 republica
1581 778 1664 835 vel
1702 784 1931 837 mortem

108 888 357 957 oppetere
386 882 638 957 cupiebat
657 925 672 949 ‚
713 885 768 939 in
801 884 1054 939 concione
1086 882 1369 956 relegavit:
1408 881 1684 955 edixitque
1703 923 1718 947 ‚
1767 886 1833 937 ut
1865 879 1934 937 ab

112 979 251 1038 Urbe
288 981 497 1039 abesset
546 981 715 1040 millia
766 998 1023 1056 passuum
1061 982 1315 1040 ducenta:
1372 981 1515 1056 quod
1564 988 1705 1039 esset
1767 996 1934 1037 ausus

106 1097 204 1156 pro
240 1082 389 1149 civi,
429 1098 526 1156 pro
562 1082 695 1139 bene
734 1083 928 1139 merito
963 1084 1106 1149 civi,
1154 1100 1252 1157 pro
1283 1084 1485 1150 amico,
1523 1098 1621 1156 pro
1655 1081 1933 1155 republica

109 1182 404 1257 deprecari.
483 1181 623 1251 Quid
656 1182 754 1237 hoc
787 1182 1003 1239 homine
1036 1182 1236 1239 facias?
1276 1190 1372 1239 aut
1395 1199 1503 1256 quo
1528 1184 1702 1238 civem
1737 1182 1932 1255 impor-

113 1290 342 1347 tunum-5
392 1287 489 1336 aut
527 1281 707 1353 potius
741 1281 952 1335 'bostem
985 1287 1097 1335 tam
1136 1281 1458 1336 sceleratum
1497 1280 1770 1336 reserves?
1808 1283 1903 1353 qui
1919 1316 1934 1346 ,

107 1388 170 1439 ut
186 1399 192 1409 ¹·
207 1381 454 1438 omittam
487 1386 703 1446 cetera,
740 1395 878 1453 quae
916 1386 1046 1436 sunt
1083 1380 1132 1435 ei
1171 1396 1297 1436 cum
1337 1379 1539 1452 collega
1571 1380 1796 1435 immani
1834 1380 1932 1435 im·

103 1495 347 1557 puroque
372 1481 661 1539 coniuncta
701 1487 862 1554 atque
893 1481 1241 1546 communia‚-¹
1272 1481 1372 1537 hoc
1409 1496 1581 1537 unum
1621 1480 1782 1538 habet
1812 1497 1930 1555 pro-

105 1583 285 1657 prium
306 1623 322 1649 ,
361 1589 424 1640 ut
459 1580 727 1656 expulerit
765 1597 830 1637 ex
856 1580 1028 1648 Urbe,
1068 1581 1357 1655 relegarit,
1397 1596 1503 1638 non
1534 1579 1659 1637 dico
1693 1582 1931 1655 equitem

106 1668 406 1741 Romanum
426 1723 442 1750 ‚
473 1676 586 1740 'non
622 1682 1032 1739 ornatissimum
1072 1688 1234 1756 atque
1270 1683 1536 1756 optimum
1575 1683 1754 1739 virum
1770 1723 1786 1748 ,
1825 1698 1931 1739 non

102 1785 492 1842 amicissimum
527 1782 856 1859 reipublicae
887 1784 1061 1840 civem
1083 1826 1098 1849 ,
1138 1798 1244 1840 non
1278 1782 1369 1839 illo
1400 1785 1518 1858 ipso
1549 1790 1790 1858 tempore
1822 1799 1931 1840 una

102 1900 227 1943 cum
256 1891 449 1944 ¹senatu
487 1891 544 1943 et
570 1900 701 1942 cum
723 1883 878 1941 bonis
913 1883 1163 1942 omnibus
1194 1901 1381 1941 casum
1415 1886 1576 1942 amici
1610 1886 1797 1958 reique
1834 1902 1930 1959 pu·

100 1985 272 2045 blluue
306 1985 614 2062 lugentem:
654 1986 749 2045 sed
786 1987 960 2043 civem
994 1986 1295 2044 Romanum
1328 1987 1446 2043 sine
1484 1985 1593 2043 ullo
1632 1985 1833 2044 iudicio
1861 2002 1930 2045 ex

99 2087 285 2161 patria
301 2086 509 2147 ‘consul
536 2086 772 2144 eiecerit.

174 2284 411 2344 XXVI-11:
481 2288 578 2342 69.
620 2285 784 2342 Erat¹
838 2286 1009 2357 igitur
1048 2287 1104 2341 in
1148 2285 1302 2341 luctu
1342 2292 1596 2341 senatus:
1649 2285 1929 2359 squalebat

100 2387 316 2454 civitas,
351 2385 578 2461 publico*
596 2385 821 2442 consilio
864 2391 1075 2442 mutata
1116 2391 1291 2441 veste:
1332 2384 1543 2443 nullum
1574 2391 1693 2442 erat
1742 2387 1928 2444 Italiae

97 2487 484 2562 municipium,
508 2496 513 2502 ··
534 2485 682 2543 nulla
724 2486 931 2542 colonia
951 2528 966 2553 ,
1024 2484 1171 2542 nulla
1209 2484 1546 2560 praefectura
1565 2528 1584 2552 ,
1640 2485 1788 2543 nulla
1825 2487 1928 2544 Ro·

98 2603 233 2646 mae·
252 2588 486 2645 societas
515 2585 862 2660 vectigalium
882 2629 897 2654 ,
937 2585 1146 2643 nullum
1181 2586 1471 2660 collegium
1507 2594 1604 2643 aut
1634 2587 1928 2646 concilium

97 2695 193 2745 aut
219 2690 448 2746 *omnino
494 2687 711 2763 aliquod
758 2704 1044 2745 commune
1085 2688 1374 2745 consilium
1396 2730 1412 2754 ,
1469 2687 1613 2762 quod
1652 2695 1772 2747 tum
1817 2706 1925 2747 non

24 2797 28 2804 '
97 2789 635 2846 honorificentissime
672 2789 999 2846 decrevisset
1035 2789 1102 2846 de
1139 2806 1258 2846 mea
1291 2789 1497 2846 salute:
1537 2806 1707 2863 quum
1745 2790 1926 2847 subito

98 2891 318 2947 edicunt
354 2890 465 2947 duo
490 2890 742 2947 consules
761 2934 776 2958 ,
817 2899 878 2947 ut
916 2891 984 2948 ad
1021 2908 1183 2948 suum
1215 2893 1473 2949 vestitum
1499 2898 1773 2949 senatores
1804 2892 1924 2949 red·
1958 2922 1963 2928 -

97 2995 254 3048 irent.
335 2992 466 3061 Quis
510 3007 768 3066 umquam
823 2993 1009 3049 consul
1047 3000 1295 3051 senatum
1350 2995 1520 3068 ipsius
1564 2992 1795 3049 decretis
1832 3009 1922 3067 pap

96 3107 215 3150 rere
243 3092 563 3167 prohibuit?
603 3094 726 3166 quis
759 3101 1024 3168 tyrannus
1056 3096 1280 3152 miseros
1317 3095 1500 3167 lugere
1539 3094 1746 3149 vetuit?
1825 3094 1918 3150 Pa-

96 3210 288 3251 rumne
319 3201 431 3260 est,
470 3195 620 3260 Piso,
661 3201 723 3250 ut
762 3196 1007 3251 omittam
1045 3196 1332 3252 Gabinium
1354 3238 1367 3259 ,
1408 3194 1548 3267 quod
1581 3201 1793 3250 tantum
1828 3194 1917 3250 ho-

96 3295 268 3350 mines
301 3295 562 3360 fefellisti,
604 3303 664 3351 ut
697 3296 994 3368 negligeres
1023 3299 1397 3354 auctoritatem
1431 3296 1686 3351 senatus?
1726 3297 1917 3371 optimi

159 3527 198 3583 ¹)
229 3522 338 3571 lbid.
370 3541 406 3571 c.
441 3528 510 3571 14.
545 3528 659 3584 §32
