2210 3970
271 224 378 275 778
735 231 1061 269 ANNALES
1115 233 1626 288 cicniioniini.

280 366 334 411 ad
367 382 404 410 a.
424 367 526 408 706.
558 365 634 422 4.).
668 361 732 406 ld.
761 364 883 406 Brut.
917 377 954 404 e.
978 363 1168 405 14—17.
1233 361 1293 406 Cf.
1327 363 1405 406 Dio
1432 367 1555 408 xnv'.
1588 367 1807 409 c.8-20.
1841 369 2018 428 Eutrop.
2040 379 2104 416 Vt.

281 462 317 489 c.
335 447 408 488 25.
450 441 623 486 Orosius
649 452 711 483 Vl.
744 454 778 482 c.
802 441 872 481 17.
916 441 1098 483 Zonaras
1121 453 1163 483 x.
1198 456 1233 484 c.
1254 444 1324 484 11.
1354 443 1511 489 Franc.
1537 441 1763 487 Petu-archa
1796 444 1947 504 (vulgo
1966 445 2106 489 lulius

284 522 480 579 Celsus),
513 517 716 562 Historia
752 517 794 559 C.
822 515 936 558 Iulii
971 517 1200 572 caesaris,
1234 517 1298 561 ed.
1328 520 1378 561 G.
1401 522 1445 562 L.
1470 518 1713 564 Schneider.
1754 520 1943 580 Lipsiae,
1974 525 2108 567 1827.

286 602 350 643 80.
416 597 481 641 Ab
528 594 709 640 Conders
746 593 800 637 ab
833 593 993 652 llelpen
1029 593 1242 654 (praeside
1269 597 1390 638 Mart.
1424 594 1701 654 Schoenida),
1733 598 1997 657 Disputatio
2030 599 2111 641 Hi-

284 677 451 720 storica
482 674 690 718 exhibens
737 673 779 716 C.
808 669 978 713 lulium
1027 672 1264 715 Caesarem.
1309 671 1580 732 Groningae‚
1613 676 1747 718 1647.
1782 677 1844 718 8⁰.
1891 677 1942 718 A.
1974 678 2023 719 Α.
2059 678 2110 721 G.

287 754 509 809 Meissner‚
542 751 624 795 das
649 749 788 793 Leben
816 747 890 790 des
907 747 1057 791 Iulius
1079 750 1215 792 Ca'sar
1246 747 1436 809 (fortges.
1469 766 1548 793 von
1582 753 1615 794 1.
1634 753 1681 797 C.
1696 754 1739 795 L.
1762 751 1931 810 l-laken)
1966 756 1992 796 4
2009 753 2111 796 Bde.

288 832 462 887 Berlin,
495 829 814 875 1799-1812.
851 828 881 869 1.
912 828 963 870 Μ.
990 826 1128 881 solil,
1166 827 1299 870 Caius
1327 827 1476 871 Iulius
1518 828 1654 870 Ciisar
1685 844 1768 872 aus
1795 828 1877 872 den
1913 829 2110 886 Quellen.

287 909 459 963 Berlin,
487 910 620 951 1826.
656 909 715 950 80.
758 909 798 949 P.
819 921 900 947 van
929 904 1139 966 Limburg
1167 909 1392 962 Bmuwer,
1430 908 1561 950 Cesar
1587 922 1640 949 en
1664 907 1783 965 τῆκε
1801 906 2115 968 tijdgeaooten.
2154 956 2156 958 ,

288 986 559 1045 Groningen‚
594 986 912 1028 1844--u1846.
948 982 1095 1027 4voll.
1131 986 1192 1027 80.

370 1098 430 1173 (4)
484 1097 542 1150 In
594 1095 834 1150 Caesaris
885 1094 1061 1148 locum
1116 1094 1381 1148 Antonius
1434 1095 1688 1166 collegam
1740 1096 1840 1149 sihi
1892 1097 2122 1168 sumpsit
2190 1086 2194 1088 ἡ

293 1202 350 1254 Ρ.
382 1196 686 1253 Cornelium
724 1194 1045 1250 Dolabellam
1068 1236 1084 1259 ‚
1123 1194 1394 1249 Ciceronis
1442 1194 1709 1266 quondam
1751 1213 2008 1266 generum
2052 1197 2120 1270 (v.

291 1300 358 1356 ad
390 1317 437 1354 a.
473 1303 596 1353 709.
634 1296 708 1370 2.)
758 1314 826 1350 ix.
870 1314 914 1350 c.
941 1301 1028 1350 44.
1071 1299 1194 1349 122.

351 1400 542 1445 Velleius
570 1412 620 1442 11.
653 1413 689 1441 c.
719 1400 791 1442 58.
829 1400 870 1442 2.
916 1397 1180 1451 Dolabella,
1214 1412 1342 1457 quem
1369 1396 1701 1442 substituturus
1731 1398 1821 1442 sibi
1861 1400 2020 1442 Caesar
2051 1398 2123 1442 de·

289 1480 542 1540 signaverat
584 1474 834 1530 consulem,
876 1475 1035 1532 fasces
1072 1483 1206 1535 atque
1250 1476 1450 1535 insignia
1496 1476 1715 1535 corripuit
1771 1475 1979 1520 consulis.
2045 1476 2122 1520 Dio

287 1570 410 1602 niv,
443 1572 478 1600 c.
499 1559 572 1599 22.
603 1559 643 1599 1.
692 1554 831 1599 Ἰδών
862 1552 915 1598 δέ
948 1557 1103 1599 ταῦτα
1138 1553 1166 1598 ὁ
1199 1553 1536 1614 Δολοβέλλας,
1573 1583 1632 1589 -
1667 1554 1713 1606 ἐς
1743 1572 1794 1599 τε
1823 1554 1905 1612 τήν
1934 1552 2122 1599 ὕπατον

290 1635 439 1698 ἀρχὴν
485 1637 657 1695 καίπερ
688 1630 884 1692 μηδέπω
930 1633 977 1676 οἱ
1025 1631 1360 1694 προσήκουσαν
1391 1632 1630 1692 ἐσῆλθεν,
1667 1636 1749 1677 καὶ
1791 1633 2122 1695 δημηγορήσας

289 1733 339 1762 τι
384 1716 494 1775 περὶ
532 1713 629 1758 τῶν
671 1714 924 1774 παρόντων
962 1709 1013 1763 ές
1063 1713 1118 1758 τὸ
1162 1712 1481 1759 Καπιτώλιον
1529 1712 1690 1773 ἀνέβη.
1754 1711 1865 1756 ibid.
1910 1729 1946 1756 c.
1976 1716 2123 1757 53.1.

292 1793 388 1840 ’Τὸν
431 1791 742 1852 Δολοβέλλαν
778 1791 805 1836 o‘
834 1789 1130 1847 ’Λντώνιος,
1176 1796 1339 1838 καίτοι
1379 1793 1444 1854 μή
1485 1791 1727 1853 φοβηθεὶς
1767 1791 1824 1836 τά
1869 1790 2032 1853 πρῶτα
2072 1789 2124 1843 ἐς
2202 1814 2204 1816 -

293 1874 378 1932 τήν
411 1871 561 1935 ἀρχήν
594 1869 658 1923 ὡς
687 1869 880 1915 οὐδέπω
930 1871 1242 1928 καθήκουσάν
1275 1872 1323 1918 οἱ
1363 1871 1686 1935 προσλαβεῖν,
1723 1873 1851 1932 ὅμως
1889 1869 2122 1932 προσέθε-

291 1970 377 2008 το,
416 1951 582 2002 δείσας
613 1950 676 2010 μή
707 1950 965 2011 στασιάσῃ.
1034 1949 1150 1995 Conf.
1184 1951 1367 2010 Appian.
1403 1954 1447 1994 B.
1472 1954 1515 1995 C.
1539 1963 1590 1995 11.
1619 1953 1775 1994 c.122.
1812 1952 1914 1994 129.
1953 1951 2037 1994 Cic.
2067 1950 2121 1995 ad

292 2031 503 2077 Dolabell.
538 2029 610 2087 (ad
641 2032 757 2072 Fam.
791 2041 848 2072 lx.
884 2029 979 2086 14.)
1023 2027 1087 2071 ld.
1122 2028 1302 2088 Philipp.
1333 2041 1362 2073 Ι.
1396 2032 1506 2072 e.11
1539 2044 1629 2090 sqq.

374 2134 435 2208 (⁵)
477 2131 763 2187 Interfecto
813 2133 1035 2185 Caesare
1088 2147 1254 2200 quum
1295 2131 1361 2184 M.
1402 2131 1635 2195 BrutUS,
1688 2139 1972 2186 cruentum
2022 2117 2166 2187 alte·

297 2235 552 2290 extollens
592 2234 907 2305 pugionem,
950 2232 1258 2285 Ciceronem
1296 2231 1612 2285 nominatim
1644 2231 2021 2294 exclamasset,
2066 2250 2130 2288 ex

299 2353 359 2391 eo
398 2334 662 2390 Antonius
703 2331 834 2386 falso
876 2330 1103 2401 intelligi
1146 2331 1336 2386 dehere
1378 2331 1651 2386 contendit
1695 2332 1999 2387 Ciceronem
2035 2333 2131 2388 hu-

303 2438 386 2490 ius
420 2434 598 2489 caedis
631 2432 797 2487 fuisse
831 2432 1166 2503 participem.
1199 2449 1269 2486 ix.
1315 2449 1360 2486 c.
1395 2437 1483 2487 55.
1524 2437 1611 2487 95.
1654 2450 1700 2487 c.
1726 2437 1812 2487 54.
1851 2437 1938 2488 98.

363 2534 583 2581 Plutarch.
617 2534 699 2578 Cic.
732 2550 767 2576 e.
788 2535 857 2575 42.
892 2537 931 2576 1.
982 2535 1067 2588 Τῆς
1102 2532 1146 2577 δ’
1177 2531 1258 2579 ἐπὶ
1289 2537 1518 2596 Καίσαρα
1545 2533 1892 2593 συνισταμένης
1925 2536 2133 2597 πράξεως

303 2616 362 2662 οὐ
391 2613 619 2674 μετέσχε,
655 2614 828 2672 καίπερ
864 2609 930 2655 ὢν
971 2610 1163 2673 ἑταῖρος
1197 2610 1248 2656 ἐν
1291 2622 1394 2664 τοῖς
1434 2616 1649 2671 μαλιστα
1679 2616 1899 2675 Βρούτου
1933 2619 2014 2660 καὶ
2049 2614 2134 2675 βα-

303 2696 544 2757 ρύνεσθαι
579 2690 638 2736 τοὶ
669 2691 888 2751 παρόντα
925 2694 1006 2736 καὶ
1050 2695 1107 2737 τά
1146 2692 1299 2736 πάλαι
1331 2693 1510 2736 ποθεῖν
1552 2695 1804 2756 πράγματα
1846 2694 2031 2752 δοκῶν,
2070 2693 2133 2748 ὥς

304 2774 465 2835 ἕτερος
513 2770 694 2821 οὐδείς.
762 2771 897 2814 Ἀλλ’
936 2770 1130 2817 ἔδεισαν
1171 2772 1218 2816 οἱ
1259 2769 1427 2832 ἄνδρες
1470 2772 1625 2817 αὐτοῦ
1668 2772 1753 2829 τήν
1798 2790 1849 2818 τε
1881 2776 2036 2830 φύσιν
2070 2772 2134 2827 ὡς

306 2854 446 2900 ἐνδεᾶ
481 2853 661 2910 τόλμης
703 2851 784 2894 τόν
823 2866 874 2894 τε
906 2852 1108 2911 χρόνον,
1147 2849 1198 2896 ἐν
1231 2839 1267 2915 ᾧ
1309 2851 1391 2896 καὶ
1437 2861 1542 2903 ταῖς
1575 2851 2011 2915 ἐρρωμενεστάταις
2040 2857 2134 2912 φύ·

308 2952 446 2981 σεσιν
473 2931 718 2978 ἐπιλείπει
754 2933 809 2974 το
840 2931 1062 2990 θαρρεῖν.
1130 2931 1205 2973 Dio
1231 2943 1354 2974 XLIV.
1398 2945 1433 2974 c.
1461 2934 1534 2975 20.
1572 2935 1613 2975 3.
1661 2937 1844 2979 Καίτοι
1886 2935 1980 2980 τῶν
2005 2952 2135 2993 σφα-

244 3045 247 3048 -
307 3014 425 3078 γέων
460 3010 506 3064 ἒς
534 3028 584 3056 τε
614 3009 696 3068 τήν
736 3008 910 3070 ἀγοράν
944 3010 1103 3071 ὥσπερ
1135 3004 1271 3065 εἶχον
1310 3007 1644 3068 ὁρμησάντων,
1680 3014 1760 3058 καὶ
1796 3022 1899 3065 τοῖς
1931 3031 1978 3059 τε
2013 3013 2137 3072 σχή-

2197 2966 2210 2985 ·,·
2183 2642 2210 2939 ,vssioe-:ffiquAs—e.
2203 2551 2210 2618 ...-,.
2199 2451 2210 2522 μ’..
2207 2413 2210 2417 .
2205 2375 2210 2386 ‚l
2205 2327 2208 2331 .
2208 2280 2210 2293 ,,

306 3111 454 3154 μασιν
484 3088 854 3149 ἒνδεικνυμένων
884 3093 965 3134 καὶ
994 3085 1397 3151 προσεκβοώντων
1421 3089 1485 3148 μή
1510 3089 1799 3150 φοβεῖσθαι.
1832 3091 2012 3138 ἐκεῖνοι
2044 3092 2133 3155 μὲν

306 3176 394 3237 γὰρ
438 3171 584 3216 τοῦτο’
627 3185 678 3214 τε
721 3170 820 3226 ἅμα
859 3167 1020 3231 ἔλεγον
1065 3171 1146 3212 καὶ
1186 3166 1268 3212 τὸν
1311 3167 1558 3230 Κικέρωνα
1597 3172 1809 3228 συνεχῶς
1852 3171 2126 3220 ἀνεκάλουν.
2191 3195 2210 3224 ,-

303 3253 485 3298 Calenus
513 3247 627 3310 apud
660 3246 837 3290 Dionem
867 3259 989 3291 XLVI.
1022 3262 1057 3290 c.
1077 3249 1149 3289 22.
1169 3250 1210 3290 3.
1246 3243 1304 3290 “I
1308 3263 1367 3290 να
1400 3252 1515 3309 γοῦν
1539 3239 1691 3295 τᾶλλα
1716 3250 1873 3308 ε’άσω,
1906 3251 2130 3310 έλεηθεὶς
2208 3252 2210 3257 ’

302 3331 396 3378 ὑπὸ
432 3333 519 3375 τοῦ
564 3329 812 3384 Καίσαρος
852 3327 931 3369 καὶ
981 3326 1164 3374 σωθεὶς
1195 3322 1242 3374 ἔς
1281 3341 1331 3370 τε
1375 3328 1492 3378 τούς
1533 3328 1830 3392 εὐπατρίδας
1875 3330 2128 3393 ἐγγραφεὶς

301 3409 613 3461 ἀπέκτεινεν,
660 3406 750 3451 οὐκ
789 3404 1079 3466 αὐτοχειρίᾳ
1123 3403 1333 3460 (πόθεν,
1381 3405 1551 3460 δειλός
1584 3426 1636 3455 τε
1668 3408 1797 3455 οὕτω
1831 3413 1912 3454 καὶ
1963 3412 2128 3472 γύννις
2189 3466 2191 3468 q

298 3487 418 3548 ὤνς)
466 3486 570 3532 ἀλλ’
612 3485 876 3536 ἀναπείσας
921 3487 1002 3530 καὶ
1045 3485 1410 3546 παρασκευάσας
1451 3488 1569 3539 τούς
1620 3491 1768 3534 τοῦτο
1811 3489 2133 3546 ποιήσαντας,
