2150 3990
211 223 312 274 192
782 235 994 274 emano
1045 236 1112 272 ni:
1163 235 1297 274 v1TA
1346 234 1451 272 sua

198 370 514 439 sanguinem
556 367 910 424 hauriendum
932 411 948 434 ,
987 375 1076 432 et,
1114 369 1352 440 spirante
1390 368 1552 423 ctiam
1591 363 1897 437 republica,
1950 368 2016 420 ad

198 469 314 522 eius
341 467 507 540 spolia
546 467 874 523 detrahenda
902 467 1300 523 advolaverunt.
1379 467 1579 523 Omitto
1611 466 2023 537 gratulationeS‚

195 568 407 642 epulaS,
460 569 803 640 partitionem
854 570 1083 632 aerarii,
1135 569 1418 634 beneficia,
1479 584 1662 640 spem,
1721 567 1982 638 promissa
2005 609 2019 630 ,

196 667 448 741 praedam
469 710 484 733 ,
536 668 797 724 laetitiam
836 685 1130 741 paucorum
1152 711 1165 731 ,
1225 669 1281 721 in
1318 667 1471 722 luctu
1515 666 1775 721 omnium.
1853 665 2020 720 Vexa-

195 768 356 825 batur
398 785 533 823 uxor
569 786 720 825 mea:
762 769 916 824 liberi
949 769 1016 824 ad
1054 785 1241 823 necem
1273 768 1694 839 quaerebantur:
1735 783 1928 838 gener,
1968 772 2023 819 et

196 868 318 924 Piso
367 886 566 940 gener,
617 885 649 923 a
690 869 898 922 Pisonis
937 868 1172 923 consulis
1212 867 1436 939 pedibus
1473 867 1698 940 supplex
1747 865 2023 921 reiicieba-

196 976 315 1024 tur:
373 969 512 1023 bona
552 967 982 1039 diripiebantur,
1033 985 1201 1040 eaque
1240 967 1308 1021 ad
1337 966 1583 1022 consules
1615 966 2020 1022 deserebantur:

193 1069 384 1123 domus
415 1067 634 1122 ardebat
662 1068 719 1121 in
752 1066 986 1132 Palatio,
1023 1067 1270 1122 consules
1300 1066 1658 1140 epulabantur
1689 1072 1777 1121 et¹
1811 1067 1868 1120 in
1897 1083 2022 1120 con-

192 1170 495 1225 iuratorum
534 1167 894 1240 gratulatione
943 1167 1299 1223 versabantur
1317 1209 1333 1233 ,
1390 1183 1563 1240 quum
1600 1166 1737 1223 alter
1774 1183 1832 1221 se
1880 1165 2018 1222 Cati·

189 1268 331 1326 linae
387 1266 606 1323 delicias
626 1309 642 1333 ,
694 1267 830 1323 alter
886 1267 1105 1339 Cethegi
1151 1266 1535 1323 consobrinum
1583 1265 1750 1323 fuisse
1795 1265 2016 1322 diceret.

193 1372 284 1425 78.
323 1367 476 1436 Quod
517 1369 600 1423 si2
650 1369 786 1424 meis
822 1368 1177 1424 incommodis
1213 1367 1554 1424 laetabantur
1572 1410 1588 1433 ,
1639 1367 1798 1424 Urbis
1834 1374 2016 1422 tamen

189 1468 429 1542 periculo
468 1485 558 1523 eos
597 1469 920 1524 commoveri
960 1467 1256 1540 oportebat.
1331 1466 1583 1539 Ecquod³
1621 1467 1766 1521 enim
1805 1466 1863 1519 in
1914 1464 2016 1520 hac

190 1569 325 1627 urbe
361 1568 538 1624 maius
571 1584 829 1640 umquam
868 1567 1179 1623 incendium
1217 1565 1324 1621 fuit
1342 1609 1359 1631 ,
1382 1566 1489 1621 cui
1522 1581 1629 1620 non
1667 1564 1854 1621 consul
1892 1563 2017 1620 sub-

189 1669 434 1725 venerit?
510 1669 581 1723 At
631 1669 753 1723 Piso
805 1667 896 1722 illo
942 1668 1056 1740 ipso
1107 1674 1350 1740 tempore
1391 1665 1536 1740 apud
1592 1683 1808 1722 socrum
1860 1683 2018 1722 suam

187 1784 352 1840 prope
389 1784 423 1822 a
453 1768 589 1822 meis
627 1767 849 1824 aedibus
867 1810 885 1833 ,
922 1768 1080 1823 cuius
1118 1766 1340 1823 domum
1377 1766 1446 1822 ad
1483 1783 1661 1823 meam
1698 1765 2022 1822 exhaurien-

189 1867 314 1923 dam
346 1866 707 1941 patefecerat,
759 1867 978 1924 sedebat
997 1910 1013 1933 ‚
1052 1884 1159 1922 non
1196 1867 1494 1923 exstinctor
1512 1909 1530 1932 ,
1579 1865 1673 1922 sed
1711 1872 1901 1922 auctor
1940 1866 2020 1920 in-

189 1969 366 2024 cendii
387 2011 403 2035 ,
441 1977 498 2024 et
529 1969 780 2025 ardentes
811 1967 954 2025 faces
987 1966 1144 2024 furiis
1182 1967 1449 2024 Clodianis
1485 1983 1653 2040 paene
1692 1968 1805 2039 ipse
1833 1966 2023 2022 consul

192 2069 555 2126 ministrabat.

269 2270 482 2326 XXXII.
564 2275 651 2327 79.
695 2270 798 2327 Sed
818 2276 858 2337 ⁴,
899 2277 960 2326 ut
997 2286 1029 2325 a
1067 2286 1189 2325 mea
1219 2285 1410 2324 caussa
1442 2269 1553 2323 iam
1578 2266 1824 2322 recedam
1846 2309 1861 2332 ,
1901 2266 2020 2322 reli-

192 2386 326 2442 quas
377 2370 523 2426 illius
569 2372 698 2426 anni
742 2377 920 2443 pestes
977 2369 1342 2426 recordemur.
1437 2368 1573 2424 Nam
1616 2367 1756 2423 latae
1801 2366 2022 2439 quidem

192 2462 320 2524 sunt
352 2470 662 2525 consulibus
694 2470 801 2524 illis
820 2513 837 2535 ,
874 2469 1179 2525 tacentibus
1210 2469 1424 2525 dicam?
1465 2470 1631 2524 immo
1669 2485 1794 2526 vero
1833 2484 2021 2540 appro-

191 2570 446 2624 bantibus
477 2571 673 2625 etiam:
714 2577 776 2624 ut
807 2570 1051 2625 censoria
1084 2569 1231 2623 notio
1256 2575 1311 2624 et
1343 2568 1729 2640 gravissimum
1754 2567 2018 2623 iudicium

194 2670 522 2725 sanctissimi
561 2670 914 2741 magistratus
950 2669 1015 2724 de
1047 2668 1323 2742 republica
1351 2668 1665 2731 tolleretur;
1704 2674 1768 2723 ut
1798 2667 2020 2740 collegia

194 2789 300 2826 non
339 2770 495 2825 modo
530 2771 622 2825 illa
656 2777 836 2826 vetera
869 2777 1056 2826 contra
1107 2768 1633 2826 senatusconsultum
1670 2770 2016 2824 restitueren-

194 2878 286 2926 tur
304 2914 319 2936 ,
360 2870 453 2927 sed
479 2871 546 2927 ab
568 2889 674 2926 uno
712 2871 1006 2943 gladiatore
1045 2870 1458 2926 innumerabilia
1486 2870 1590 2925 alia
1623 2887 1757 2925 nova
1784 2871 2015 2925 conscri-

193 2971 478 3027 berentur:
550 2978 641 3037 ut,
696 2972 938 3028 remissis
982 2971 1296 3027 semissibus
1345 2978 1400 3026 et
1451 2970 1773 3036 trientibUS,
1828 2970 2018 3042 quinta

195 3088 359 3144 prope
398 3088 523 3144 pars
567 3071 912 3144 vectigalium
951 3071 1255 3126 tolleretur:
1309 3078 1372 3126 ut
1409 3071 1633 3128 Gabinio
1663 3088 1760 3143 pro
1798 3070 1888 3125 illa
1921 3086 2019 3124 sua

196 3171 410 3237 Cilicia,
469 3188 632 3245 quam
674 3171 774 3226 sibi
797 3215 811 3236 ,
863 3172 909 3226 si
967 3171 1353 3244 rempublicam
1412 3171 1767 3245 prodidisset,
1826 3176 2018 3244 pactus

259 3435 296 3490 ¹)
329 3447 403 3493 pro
435 3434 569 3476 Domo
599 3448 676 3478 sua
705 3449 742 3477 c.
777 3436 848 3478 24.
883 3435 908 3492 ᾗ
936 3436 1009 3478 62.
1041 3458 1100 3466 -
1133 3436 1171 3493 ²)
1203 3449 1278 3494 pro
1311 3434 1453 3480 Sextio
1486 3450 1523 3481 e.
1554 3438 1626 3483 24.
1654 3437 1678 3493 §
1708 3437 1779 3480 54.
1815 3458 1875 3468 -
1906 3435 1948 3492 ⁵)
1972 3434 2017 3477 in

196 3510 330 3554 Pison.
360 3525 397 3554 c.
433 3512 504 3556 11.
540 3512 563 3569 ᾗ
598 3513 670 3556 26.
705 3538 763 3545 -
795 3512 836 3570 4)
869 3512 1116 3572 pro‘Sextio
1137 3527 1171 3557 c.
1205 3514 1279 3563 25.
1310 3514 1335 3571 §
1361 3516 1433 3557 55.
1469 3560 1473 3563 Α
