2210 3970
225 220 331 272 558
763 227 1055 268 ANNALES
1094 230 1548 268 meenoNiAM.

226 361 501 406 Thessaliam
540 366 768 415 venerant,
808 359 984 420 praelio
1020 360 1158 413 vicit,
1200 359 1344 402 caesis
1387 359 1582 403 hostium
1626 367 1800 403 centum
1837 357 2051 414 milibus,

222 449 267 485 et
293 441 458 485 castris
486 454 657 500 quoque
686 439 969 498 oppugnatis.
1033 438 1252 480 Renovato
1277 434 1433 480 deinde
1457 434 1596 491 bello,
1623 436 1785 480 iterum
1811 437 2052 480 exercitum

220 520 341 580 regis
362 518 498 576 fudit
529 533 581 560 ac
614 514 788 560 delevit.
821 540 881 549 —
916 518 989 560 83.
1022 514 1155 560 Sulla
1172 547 1186 570 ,
1229 529 1366 574 quum
1397 515 1447 558 in.
1477 515 1632 558 Asiam
1663 514 1942 568 traiecisset,
1965 530 2050 574 pa-

219 612 311 639 cem
334 611 433 639 cum
458 592 721 637 Mithridate
736 590 859 649 fecit
874 613 893 647 ;
923 593 993 637 i'ta
1018 601 1070 637 ut
1100 593 1143 635 is
1174 591 1344 636 cederet
1361 593 1610 652 provinciis
1635 591 1774 646 Asia,
1805 590 2047 650 Bithynia,

226 670 515 732 Cappadocia.
577 667 766 713 Velleius
797 681 846 712 11.
878 685 913 713 c.
934 672 1006 715 23.
1035 673 1076 714 6.
1115 672 1434 731 Transgressus
1465 668 1620 713 deinde
1652 669 1702 713 in
1731 669 1884 712 Asiam
1916 667 2048 711 Sulla

213 757 445 810 parentem
484 747 546 792 ad
574 745 721 791 omnia
746 745 1077 808 supplicemque
1108 737 1414 792 Mithridatem
1445 747 1628 791 invenit.
1695 746 1832 804 Quem
1863 745 2048 789 mulcta-

220 834 315 870 tum
341 827 537 887 pecunia
567 842 617 870 ac
642 831 777 885 parte
807 825 985 868 navium
1022 825 1133 868 Asia
1169 824 1455 885 omnibusque
1484 824 1593 870 aliis
1615 823 1866 885 provinciis
1883 856 1896 879 ,
1936 837 2049 883 quas

220 904 360 947 armis
382 908 698 963 occupaverat,
730 899 932 945 decedere
962 902 1133 962 coegit,
1165 901 1366 961 captivos
1394 901 1584 962 recepit,
1614 901 1663 944 iu
1679 900 1901 962 perfugas
1922 901 2050 945 noxi-

219 995 355 1040 osque
380 977 716 1032 animadvertit,
741 978 948 1037 paternis
969 977 1022 1021 id
1048 985 1116 1022 est
1138 977 1343 1020 Ponticis
1359 977 1537 1038 finibus
1559 986 1811 1022 contentum
1840 994 1936 1022 esse
1956 978 2052 1022 ius·

219 1058 297 1101 sit.
359 1059 538 1117 Eutrop.
566 1069 610 1100 v.
636 1070 672 1098 c.
691 1058 732 1099 6.
764 1054 1051 1098 Mithridates
1075 1071 1176 1099 cum
1206 1053 1340 1098 Sulla
1365 1053 1547 1115 deepace
1578 1056 1658 1116 agi
1679 1055 1832 1099 iussit.
1864 1081 1925 1088 —
1956 1071 1991 1099 c.
2007 1058 2050 1098 7.

220 1135 386 1178 Postea
414 1133 476 1177 ad
508 1131 778 1193 colloquium
813 1132 938 1176 ambo
969 1139 1210 1188 venerunt5
1244 1148 1344 1193 pax
1374 1133 1492 1177 inter
1523 1148 1596 1177 eos
1626 1132 1833 1177 ordinata
1865 1139 1957 1188 est,
1999 1139 2053 1176 ut

222 1211 380 1266 Sulla,
411 1210 474 1254 ad
497 1209 659 1254 bellum
688 1209 818 1253 civile
831 1208 1090 1267 festinans,
1122 1227 1151 1254 a
1180 1217 1302 1271 tergo
1318 1210 1572 1271 periculum
1596 1227 1684 1256 non
1716 1209 1904 1253 liaberet.
1966 1212 2054 1269 Ap«

222 1289 338 1348 pian.
356 1292 400 1331 B.
418 1290 462 1332 C.
482 1300 512 1332 1.
540 1303 576 1332 c.
595 1290 668 1332 76.
703 1288 895 1340 Σύλλας
923 1288 969 1333 δ’
989 1315 1049 1323 -——
1066 1287 1226 1335 ἔτεσιν
1259 1287 1366 1334 οὐδ’
1397 1289 1537 1342 ὅλοις
1569 1291 1732 1352 τρισὶν
1749 1323 1763 1345 ,
1798 1286 2055 1333 ἑκκαίδεκα

222 1366 311 1429 μὲν
342 1366 527 1430 ἀνδρῶν
558 1366 795 1430 μυριάδας
827 1366 1135 1425 κατακανὼν,
1169 1367 1253 1426 τήν
1281 1365 1337 1414 δὲ
1373 1369 1589 1415 εΕλλάδα
1624 1368 1706 1414 καὶ
1740 1366 2053 1412 Μακεδονίαν

226 1449 308 1494 καὶ
351 1450 547 1493 Ἰωνίαν
580 1448 662 1493 καὶ
696 1449 883 1504 Ασίαν,
931 1451 1014 1494 καὶ
1049 1445 1172 1493 ἄλλα
1211 1446 1334 1506 ἔθνη
1365 1449 1550 1506 πολλὰ,
1600 1449 1695 1494 ὅσα
1735 1445 2055 1508 Μιθριδάτης

224 1527 543 1589 προειλήφει,
593 1524 642 1579 ἒς
676 1529 948 1588 εΡωμαίους
993 1526 1278 1588 ἀναλαβὼν,
1316 1526 1473 1573 αὐτόν
1508 1543 1560 1573 τε
1598 1525 1683 1572 τὸν
1723 1526 1932 1587 βασιλέα
1970 1526 2056 1578 τὰς

225 1611 343 1659 ναῦς
390 1605 713 1667 ἀφελόμενος,
760 1610 841 1653 καὶ
888 1606 938 1660 ἒς
975 1608 1129 1668 μόνην
1164 1607 1248 1666 τήν
1288 1603 1529 1669 πατρῴαν
1558 1605 1712 1669 ἀρχήν
1750 1607 1804 1653 ἐκ
1848 1605 2056 1653 τοσῶνδε

227 1687 578 1744 κατακλείσας,
626 1683 845 1746 ἐπανῄει.
918 1685 983 1733 ld.
1015 1690 1061 1731 Β.
1094 1685 1241 1731 Mithr.
1273 1701 1310 1730 c.
1338 1688 1536 1731 54—58.
1585 1684 1646 1730 Cf.
1681 1684 1897 1731 Plutarch.
1931 1683 2056 1730 Sulla

224 1783 260 1810 c.
278 1769 353 1811 22.
401 1764 553 1810 Florus
572 1777 643 1809 111.
675 1780 712 1809 c.
730 1768 771 1809 5.
808 1768 878 1809 11.
927 1762 1085 1809 strabo
1106 1777 1211 1809 xm.
1237 1780 1278 1825 p.
1297 1766 1400 1808 594.
1449 1763 1529 1808 Dio
1557 1761 1713 1824 fragm.
1741 1767 1846 1808 173.
1876 1767 1916 1807 1.
1953 1775 1991 1806 Τ.
2012 1766 2053 1805 1.

226 1861 267 1905 p.
287 1848 358 1888 73.
391 1842 566 1904 (fragm.
600 1846 703 1887 105.
734 1841 905 1901 Bekk.).
969 1844 1166 1886 Memnon
1199 1841 1315 1903 apud
1346 1841 1552 1888 Photium
1581 1841 1671 1886 cod.
1705 1845 1810 1887 224.
1872 1840 2048 1894 Orosius

226 1937 290 1968 vl.
324 1938 360 1968 c.
377 1926 420 1968 2.

989 2140 1305 2150 ——-—-————·

991 2153 1307 2163 —n———oc———m

516 2327 773 2385 ANNUS
822 2325 1065 2384 VITAE
1117 2299 1540 2381 CICERONIS
1588 2298 1783 2409 xx1v.

225 2507 262 2535 a.
282 2492 331 2535 U.
352 2494 394 2534 C.
640 2496 752 2536 Coss.
787 2493 833 2534 L.
870 2491 1144 2534 CORNELIUS
1179 2491 1340 2533 SCIPIO
1371 2489 1646 2536 ASIATICUS.
1888 2502 1925 2530 a.
1943 2489 1992 2529 A.
2012 2488 2053 2529 C.

263 2584 371 2628 671.
787 2585 830 2625 C.
867 2583 1037 2637 IUNIUS
1069 2582 1330 2623 NORBANUS
1364 2581 1570 2622 BULBUS.
1941 2582 2015 2621 83.

305 2715 368 2789 (1)
412 2713 560 2768 Sulla
610 2730 740 2785 paee
787 2730 914 2769 eum
957 2697 1266 2767 Mithridate
1317 2710 1460 2767 facta
1507 2711 1563 2764 in
1613 2709 1823 2764 Italiam
1877 2709 2053 2772 redit,

230 2831 327 2888 pro
372 2814 738 2887 recuperanda
773 2813 1049 2887 republica
1087 2813 1287 2868 bellum
1323 2812 1478 2868 civile
1517 2817 1770 2884 gesturus
1802 2811 2058 2867 adversus

229 2916 532 2989 Scipionem
570 2921 624 2969 et
661 2913 968 2969 Norbanum
1009 2913 1270 2968 consules
1311 2931 1346 2968 1.
1387 2917 1548 2968 c.'54.
1593 2917 1718 2968 107.

288 3016 464 3062 Orosius
495 3029 540 3061 v.
571 3031 609 3060 c.
635 3018 709 3060 20.
748 3017 926 3059 Interea
955 3013 1127 3058 residui
1155 3021 1435 3069 senatorum,
1475 3013 1556 3073 qui
1578 3011 1828 3073 potentiam
1868 3012 2057 3068 Cinnae,

229 3088 388 3138 Marii*
403 3092 733 3150 crudelitatem,
780 3091 1002 3138 insaniam
1053 3090 1320 3146 Fimbriae,
1354 3089 1902 3150 Sertoriique‘audaciam
1932 3090 2058 3151 fuga

229 3180 486 3227 evaserant,
520 3170 761 3216 transvecti
792 3172 843 3216 in
881 3169 1137 3225 Graeciam,
1179 3183 1353 3229 coegere
1377 3167 1588 3228 precibus
1620 3168 1822 3223 Sullam,
1861 3175 1915 3212 ut
1939 3170 2040 3229 peri
2048 3197 2061 3204 -

230 3249 436 3306 clitanti,
468 3250 600 3293 immo
629 3250 721 3294 iam
735 3265 879 3310 paene
892 3246 1099 3309 perditae
1117 3246 1322 3306 patriae,
1355 3262 1479 3307 opem
1495 3245 1661 3303 ferret.
1723 3247 1875 3307 Igitur
1900 3246 2059 3303 Sulla,

227 3341 330 3370 moa·
363 3334 416 3371 ut
451 3328 719 3388 Campanum
751 3326 884 3371 littus
918 3325 1076 3386 attigit
1093 3357 1106 3380 ,
1137 3319 1399 3369 Norbanum
1430 3321 1651 3368 consulem
1681 3323 1854 3383 praelio
1884 3341 2060 3384 oppres·

231 3404 294 3447 sit
309 3411 388 3448 cet.
422 3403 610 3449 Velleius
632 3418 683 3451 11.
702 3420 737 3448 c.
754 3408 825 3448 24.
844 3409 885 3450 3.
909 3406 1016 3447 Tum
1036 3402 1168 3447 Sulla
1180 3436 1194 3460 ,
1212 3402 1469 3464 compositis
1485 3402 1800 3446 transmarinis
1815 3403 1970 3459 rebus,
1998 3428 2058 3436 —-·

232 3488 427 3525 revectus
451 3482 499 3526 in
524 3483 707 3528 Italiam
734 3482 856 3527 haud
869 3481 1009 3543 plura
1030 3498 1161 3542 quam
1191 3482 1382 3542 triginta
1407 3487 1676 3525 armatorum
1700 3479 1828 3525 milia
1850 3480 2060 3525 adversus
