2210 3970
430 230 572 287 ως.
615 248 659 286 0.
687 230 845 287 xxv.
889 230 928 304 g
956 235 1022 286 74
1063 261 1138 270 -
1178 230 1459 287 0.xxvu.
1502 231 1542 305 g
1579 235 1665 284 78.
1851 234 1957 287 495

129 377 267 435 blica
306 378 412 436 late
444 386 628 454 patere
663 382 861 454 poterit
906 380 1190 437 industria.
1268 380 1534 453 Equidem
1573 397 1640 437 ex
1678 380 1764 437 his
1797 380 1963 435 etiam

130 478 370 535 fructum
409 481 561 553 capio
605 480 801 537 laboris
833 481 969 547 mei,
1027 481 1121 554 qui
1156 481 1263 536 iam
1292 487 1469 537 aetate
1505 480 1747 554 provecti
1780 480 1836 535 in
1875 496 1965 534 no·

129 582 260 636 stris
298 580 452 637 libris
480 582 854 654 acquiescunt;
893 597 1123 656 quorum
1157 581 1338 638 studio
1375 581 1591 654 legendi
1623 597 1806 637 meum
1834 580 1966 636 scri-

127 679 289 736 bendi
323 679 570 736 studium
602 680 975 738 vehementius
1005 683 1062 738 in
1095 682 1211 739 dies
1248 683 1539 740 incitatur:
1580 697 1714 754 quos
1745 679 1965 754 quidem

127 780 338 853 plures,
377 797 540 854 qnam
568 782 755 848 rebar,
794 800 911 839 esse
948 784 1188 855 cognovi.
1265 783 1613 856 Magnificum
1647 781 1782 838 illud
1802 782 1968 838 etiam

125 880 486 954 Romanisque
537 881 846 939 hominihus
884 884 1208 955 gloriosum,
1265 890 1328 939 ut
1374 882 1595 939 Graecis
1632 881 1700 938 de
1738 880 1967 955 philoso-

126 979 258 1054 phia'
269 980 468 1038 litteris
508 998 613 1038 non
653 990 860 1055 egeant.
941 982 1092 1052 Quod
1122 964 1382 1055 assequar
1410 981 1680 1055 profecto,
1721 982 1769 1037 si
1814 981 1967 1037 insti·

126 1087 246 1138 tuta
283 1081 572 1156 perfecero.
654 1088 743 1141 77.
783 1084 854 1140 Et
876 1091 892 1123 ¹
935 1090 1116 1140 tamen
1160 1083 1437 1140 interdum
1475 1099 1664 1140 vereor
1682 1125 1698 1149 ,
1739 1099 1808 1138 ne
1847 1082 1967 1154 qui·

124 1179 353 1238 busdam
383 1181 539 1239 bonis
576 1183 710 1238 viris
740 1182 1107 1257 philosophiae
1144 1200 1338 1240 nomen
1379 1184 1453 1240 sit
1491 1184 1727 1239 invisum
1766 1183 1966 1239 miren-

126 1287 327 1356 turque
364 1283 429 1340 in'
451 1299 514 1340 ea
546 1289 761 1339 tantum
797 1299 886 1339 me
924 1300 1116 1357 operae
1145 1291 1201 1340 et
1233 1285 1492 1357 temporis
1526 1300 1747 1358 ponere:
1787 1298 1925 1356 quae
1943 1287 1967 1320 ²

122 1382 340 1455 quidem
362 1423 379 1450 ,
434 1388 650 1440 tantum
688 1382 873 1449 abest,
915 1390 975 1439 ut
1014 1383 1275 1456 proinde,
1333 1399 1397 1439 ac
1442 1382 1509 1439 de
1554 1382 1837 1438 hominum
1884 1389 1968 1438 est

123 1483 236 1540 vita
263 1483 464 1541 merita
482 1526 499 1551 ‚
537 1482 822 1549 laudetur,
874 1489 965 1549 ut,
1011 1499 1045 1540 a
1084 1483 1355 1556 plerisque
1392 1482 1638 1556 neglecta
1658 1524 1674 1549 ,
1706 1499 1739 1539 a
1777 1481 1968 1540 multis

121 1583 288 1641 etiam
336 1585 693 1658 Vituperetur.
773 1582 891 1652 Qua
910 1589 932 1623 ⁸
979 1582 1200 1657 quidem
1239 1584 1296 1639 in
1340 1599 1534 1640 caussa
1577 1588 1634 1639 et
1682 1582 1967 1639 benevolos

122 1682 743 1759 obiurgatoressplacare
774 1689 830 1740 et
857 1682 1069 1739 invidos
1100 1684 1495 1757 vituperatores
1528 1681 1809 1739 confutare
1848 1699 1966 1754 pos-

120 1789 340 1853 sumusi,
379 1791 444 1842 ut
480 1785 677 1843 alteros
714 1784 1125 1859 reprehendisse
1163 1784 1461 1858 poeniteat,
1514 1782 1671 1839 alteri
1712 1782 1968 1840 didicisse

121 1885 493 1959 sefgaudeant.
568 1886 704 1945 Nam
731 1887 824 1960 qui
846 1886 1138 1943 admonent
1157 1886 1332 1942 amice
1353 1926 1367 1950 ,
1407 1883 1635 1940 docendi
1666 1891 1830 1947 sunt;
1868 1884 1964 1956 qui

122 1985 344 2043 inimice
391 1986 731 2043 insectantur
748 2028 764 2053 ,
818 1985 1126 2059 repellendi.
1217 1985 1449 2042 Multum
1498 1990 1683 2042 autem
1744 1984 1965 2041 fluxisse

122 2084 276 2142 video
306 2085 374 2143 de
410 2085 564 2142 libris
596 2087 796 2142 nostris
815 2127 832 2152 ,
871 2102 1006 2159 quos
1044 2085 1348 2159 complures
1388 2085 1538 2142 brevi
1577 2092 1818 2158 tempore
1854 2082 1964 2139 edi·

123 2185 334 2253 dim-us,
389 2186 710 2259 variumque
756 2201 1059 2241 sermonem
1105 2185 1305 2258 partim
1341 2183 1731 2240 admirantium
1751 2225 1767 2249 ,
1820 2182 1964 2240 unde

122 2286 223 2344 hoc'
249 2285 657 2360 philosophandi
688 2286 842 2342 nohis
880 2286 1060 2342 subito
1089 2284 1334 2341 studium
1366 2285 1694 2349 exstitisset,
1733 2285 1961 2356 partim,

121 2387 254 2462 quid
302 2390 524 2462 Lquaque
573 2387 639 2444 de
690 2405 751 2444 re
807 2388 943 2443 certi
1006 2386 1357 2451 haberemus,
1414 2387 1556 2442 scire
1605 2384 1961 2458 cupientium.

121 2488 305 2546 Multis
335 2489 499 2545 etiam
542 2489 687 2545 sensi
733 2487 980 2543 mirabile
1009 2487 1210 2554 videri,
1270 2502 1389 2543 eam
1421 2479 1575 2541 nohis
1614 2485 1961 2558 potissimum

121 2589 398 2664 probatam
437 2605 555 2646 esse
582 2587 971 2662 philosophiam
992 2629 1009 2653 ,
1048 2604 1187 2660 quae
1223 2586 1401 2643 lucem
1442 2586 1677 2658 eriperet
1714 2590 1770 2642 et
1805 2586 1963 2658 quasi

121 2692 333 2750 noctem
351 2689 644 2764 quamdam
673 2688 832 2745 rebus
865 2686 1195 2753 offunderet,
1235 2686 1587 2759 desertaeque
1614 2684 1963 2758 disciplinae,

8 2779 15 2865 ff
122 2791 188 2847 et'
214 2788 572 2864 iampridem
602 2788 848 2854 relictae,
891 2789 1252 2862 patrocinium
1293 2804 1391 2843 nec
1423 2787 1703 2860 opinatum
1741 2802 1775 2843 a
1808 2785 1960 2842 uobis

123 2905 238 2946 esse
275 2891 609 2962 susceptum.

11 3069 18 3136 '-
126 3093 152 3128 ·'
198 3091 415 3149 XXVII.
499 3095 586 3146 78.
626 3091 732 3146 Nos
789 3098 971 3148 autem
1022 3099 1132 3148 nec‘
1171 3090 1351 3147 subito
1409 3087 1685 3159 coepimus
1732 3084 1958 3158 philoso-

124 3193 310 3267 phari,
350 3209 448 3247 nec
481 3190 806 3247 mediocrem
835 3208 867 3246 a
900 3193 1075 3264 primo
1108 3198 1349 3264 tempore
1383 3187 1576 3244 aetatis
1609 3187 1665 3240 in
1694 3203 1756 3241 eo
1779 3185 1959 3240 studio

128 3309 341 3366 operam
370 3308 666 3364 curamque
699 3294 1170 3365 consumpsimuS‚
1223 3298 1312 3352 et,
1350 3304 1518 3360 quum
1557 3287 1782 3343 minime
1814 3286 1959 3341 vide·

184 3428 224 3486 ¹)
254 3425 307 3471 de
337 3425 460 3472 offic.
502 3430 556 3471 ll.
591 3442 626 3470 c.
667 3430 704 3471 1.
743 3428 767 3483 ᾗ
802 3428 843 3470 2.
884 3452 941 3459 —-
986 3429 1025 3486 ⁹)
1058 3428 1182 3471 Tusc.
1217 3427 1263 3469 V.
1299 3439 1334 3466 c.
1369 3425 1411 3467 2.
1443 3423 1467 3478 §
1502 3425 1542 3467 6.
1577 3447 1637 3457 --·
1668 3421 1709 3479 ³)
1740 3418 1794 3465 de
1826 3421 1873 3463 N.
1908 3420 1959 3463 Ι).

124 3507 156 3549 Ι.
188 3519 223 3547 c.
258 3508 297 3548 3.
333 3506 416 3565 §5.
