2150 3990
455 211 506 264 12.
533 211 617 267 1v.
661 229 705 265 c.
731 209 916 265 xvffl.
960 210 1092 281 §45
1133 239 1207 250 -
1247 209 1382 263 mx.
1426 209 1576 281 §lis
1828 216 1929 265 177

109 379 170 417 ea
210 361 385 417 habui
423 363 774 418 orationes:
833 375 1062 432 quarum
1114 358 1339 414 alteram
1398 375 1503 414 non
1546 357 1743 414 libebat
1788 360 1919 414 mihi

108 462 376 527 scribere,
434 463 560 534 quia
617 452 973 522 abscideram;
1026 458 1277 524 alteram,
1325 475 1391 514 ne
1442 458 1715 515 laudarem
1761 475 1885 514 eum
1907 502 1920 525 ‚

106 579 266 636 quem
300 578 404 618 non
437 562 697 618 amabam.

180 761 317 817 XIX.
397 766 486 817 47.
527 764 755 817 Gaesar¹
815 763 926 832 egit
963 777 1052 816 cas
1091 778 1176 816 res
1227 763 1282 815 in
1327 762 1639 826 consulatu,
1690 777 1921 833 quarum

102 877 188 918 me
218 861 537 935 participem
575 879 691 918 esse
729 862 929 917 voluit:
986 861 1183 934 quibus
1225 878 1324 932 ego
1362 862 1409 916 si
1448 862 1631 917 minus
1667 862 1919 917 assentie-

99 960 232 1026 bar,
268 965 453 1017 tamen
474 960 630 1016 'illius
662 961 798 1016 mihi
825 960 1089 1017 iudicium
1114 967 1331 1034 gratum
1365 977 1482 1017 esse
1520 960 1763 1018 debebat.
1840 961 1923 1017 Me

98 1060 187 1119 ille
199 1083 216 1126 ,
237 1065 299 1116 ut
318 1061 790 1134 quinqueviratum
811 1061 1140 1135 acciperem,
1172 1061 1409 1133 rogavit:
1431 1062 1596 1117 mein
1622 1060 1798 1116 tribus
1818 1060 1920 1116 sihi

97 1161 558 1218 coniunctissimis
591 1162 963 1218 consularibus
994 1179 1110 1217 esse
1147 1161 1342 1217 voluit:
1396 1161 1533 1218 mihi
1570 1161 1922 1233 legationem,

98 1265 273 1335 quam'
306 1261 495 1316 vellem
515 1302 536 1326 ,
581 1267 782 1333 quanto
819 1276 943 1315 cum
983 1260 1182 1316 honore
1219 1261 1410 1316 vellem
1431 1302 1446 1325 ,
1485 1261 1695 1316 detulit.
1774 1261 1923 1328 Quae

0 1377 1 1384 ¹
98 1378 197 1435 ego
225 1360 434 1426 omnia,
478 1375 585 1415 non
636 1360 849 1431 ingrato
887 1360 1067 1414 animo
1087 1400 1102 1424 ,
1154 1358 1249 1414 sed
1286 1358 1644 1414 obstinatione
1687 1359 1921 1431 quadam

0 1444 1 1449 ἵ
94 1459 420 1526 sententiae,
442 1457 738 1533 repudiavi.
817 1457 989 1527 Quam
1016 1459 1317 1532 sapienter,
1357 1475 1463 1515 non
1491 1458 1741 1532 disputo:
1781 1460 1922 1516 mul-

97 1563 180 1619 tis
205 1559 350 1618 enim
382 1575 489 1616 non
527 1558 783 1633 probabo:
821 1565 1132 1616 constanter
1153 1559 1373 1633 quidem
1405 1566 1462 1616 et
1494 1558 1706 1616 sortiter
1741 1568 1919 1617 certe:

91 1661 193 1735 qui
217 1676 391 1735 quum
418 1675 509 1717 me
543 1658 870 1716 firmissimis
900 1659 1092 1733 opibus
1129 1667 1319 1717 contra
1354 1660 1531 1717 scelus
1571 1661 1917 1719 inimicorum

88 1763 303 1820 munire
339 1768 398 1819 et·
430 1760 718 1836 populares·
750 1762 986 1835 impetus
1023 1761 1267 1835 populari
1304 1762 1571 1837 praesidio
1601 1763 1922 1837 propulsare

39 1934 42 1938 ¹
85 1878 293 1938 pooeem
314 1904 346 1929 ,,
387 1864 634 1937 quamvis
683 1863 930 1937 excipere
978 1862 1250 1920 fortunam
1270 1905 1287 1930 ,
1343 1864 1528 1920 subire
1581 1866 1693 1921 vim
1749 1873 1914 1938 atque

85 1964 340 2029 iniuriam
364 1962 570 2030 malui,
607 1979 771 2038 quam
804 1969 900 2019 aut
938 1980 971 2019 a
1001 1969 1225 2020 senatus
1253 1965 1613 2021 sanctissimis
1639 1966 1913 2022 mentibus

84 2062 343 2121 dissidere
380 2069 478 2120 aut
513 2062 580 2119 de
628 2080 748 2120 meo
785 2069 933 2119 statu
970 2063 1260 2119 declinare.
1338 2064 1441 2120 Sed
1486 2081 1592 2119 non
1638 2067 1687 2120 is
1735 2066 1909 2122 solum

84 2170 275 2238 gratus
308 2163 468 2221 dehet
508 2179 653 2229 esse,
709 2164 803 2236 qui
848 2165 1056 2236 accepit
1092 2163 1415 2220 beneficium
1436 2207 1451 2230 ,
1509 2182 1697 2221 verum
1741 2167 1907 2222 etiam

84 2266 160 2339 is,
199 2263 289 2320 cui
327 2267 563 2338 potestas
593 2263 891 2336 aecipiendi
929 2262 1052 2319 fuit.
1127 2264 1242 2335 Ego
1279 2264 1371 2320 illa
1406 2274 1751 2331 ornamenta,
1789 2268 1908 2339 qui-

83 2364 190 2421 hus
223 2363 317 2420 ille
354 2379 442 2420 me
479 2363 737 2428 ornabat,
796 2362 986 2419 decere
1021 2380 1138 2429 me,
1177 2370 1234 2419 et
1268 2366 1556 2421 convenire
1593 2366 1663 2422 iis
1710 2366 1872 2422 rebus
1892 2409 1907 2432 ,

79 2480 218 2537 quas
252 2479 523 2537 gesseram
543 2504 558 2529 ,
597 2478 704 2518 non
741 2462 1014 2536 putabam.
1055 2462 1215 2519 Illum
1254 2463 1472 2537 quidem
1512 2467 1688 2521 amico
1725 2467 1907 2522 animo

76 2580 166 2621 me
184 2563 379 2621 habere
403 2562 588 2619 eodem
619 2562 765 2628 loco,
803 2579 910 2635 quo
946 2563 1246 2636 principem
1285 2565 1489 2620 civium
1509 2607 1525 2631 ,
1566 2582 1728 2621 suum
1748 2583 1906 2639 gene-

74 2679 228 2731 rum,
247 2663 564 2721 sentiebam.
639 2666 734 2719 48.
771 2662 1037 2720 Traduxit
1058 2663 1126 2720 ad
1144 2664 1353 2738 plebem
1379 2666 1903 2725 inimicummeum:

51 2767 189 2821 ‘sive
216 2766 390 2822 iratus
426 2764 563 2822 mihi
580 2808 603 2831 ,.
636 2764 778 2838 quod
809 2782 897 2821 me
936 2782 1121 2821 secum
1159 2783 1234 2822 ne
1259 2766 1535 2822 beneficiis
1572 2768 1791 2839 quidem
1825 2772 1905 2824 vi-

53 2865 234 2922 ·dehat
261 2880 416 2938 posse
451 2865 736 2937 coniungi,
776 2866 891 2920 sive
926 2873 1198 2922 exoratus,
1274 2866 1354 2922 Ne
1382 2866 1514 2922 haec
1541 2867 1759 2939 quidem
1797 2868 1903 2924 fuit

54 2967 296 3038 ‘'siniuria.
372 2965 506 3021 Nam
526 2972 709 3038 postea
729 2983 816 3022 me
835 3008 850 3031 ‚
891 2974 957 3023 ut
985 2967 1087 3022 sibi
1116 2984 1289 3023 essem
1310 2968 1520 3039 legatus
1534 3010 1555 3032 ,»
1590 2984 1696 3022 non
1728 2967 1903 3024 solum

74 3067 282 3132 suasit,
320 3082 509 3128 verum
548 3066 713 3121 etiam
751 3067 976 3137 rogavit.
1055 3067 1131 3123 Ne
1168 3068 1225 3123 id
1275 3068 1493 3141 quidem
1538 3069 1754 3141 accepi:
1794 3085 1901 3124 non

76 3182 184 3240 ‚quo
222 3166 457 3223 alienum
508 3181 626 3221 mea
670 3165 934 3238 dignitate
983 3167 1305 3234 arbitrarer,
1364 3168 1456 3223 sed
1494 3168 1635 3240 quod
1687 3175 1902 3225 tantum

16 3270 19 3282 '
81 3266 403 3339 reipublicae
454 3267 669 3321 sceleris
722 3267 1028 3339 impendere
1068 3286 1098 3322 a
1137 3268 1443 3325 consulibus
1490 3270 1748 3340 proximis
1793 3289 1896 3324 non

85 3404 296 3421 ψ-

141 3513 179 3568 ·)
211 3509 263 3555 de
291 3510 480 3562 Provinc.
513 3510 687 3558 Consul.
720 3526 755 3559 e.
793 3516 862 3560 17.
897 3515 1013 3571 §a

1567 3590 1622 3636 12
