<?xml version="1.0" encoding="UTF-8"?>
<!DOCTYPE html PUBLIC "-//W3C//DTD XHTML 1.0 Transitional//EN"
    "http://www.w3.org/TR/xhtml1/DTD/xhtml1-transitional.dtd">
<html xmlns="http://www.w3.org/1999/xhtml" xml:lang="en" lang="en">
 <head>
  <title>
</title>
<meta http-equiv="Content-Type" content="text/html;charset=utf-8" />
  <meta name='ocr-system' content='tesseract 3.04.00' />
  <meta name='ocr-capabilities' content='ocr_page ocr_carea ocr_par ocr_line ocrx_word'/>
</head>
<body>
  <div class='ocr_page' id='page_1' title='image "./mtulliiciceronis00suriuoft/mtulliiciceronis00suriuoft_0155.png"; bbox 0 0 2150 3990; ppageno 0'>
   <div class='ocr_carea' id='block_1_1' title="bbox 390 209 1932 285">
    <p class='ocr_par' dir='ltr' id='par_1_1' title="bbox 390 209 1932 285">
     <span class='ocr_line' id='line_1_1' title="bbox 390 209 1932 285; baseline 0.005 -22"><span class='ocrx_word' id='word_1_1' title='bbox 390 209 443 263; x_wconf 84' lang='lat' dir='ltr'><strong>L.</strong></span> <span class='ocrx_word' id='word_1_2' title='bbox 469 209 557 264; x_wconf 90' lang='lat'>111.</span> <span class='ocrx_word' id='word_1_3' title='bbox 601 228 644 263; x_wconf 82' lang='lat' dir='ltr'><strong>c.</strong></span> <span class='ocrx_word' id='word_1_4' title='bbox 670 210 852 264; x_wconf 89' lang='lat' dir='ltr'><strong>XXVI.</strong></span> <span class='ocrx_word' id='word_1_5' title='bbox 896 210 935 282; x_wconf 88' lang='lat'>5</span> <span class='ocrx_word' id='word_1_6' title='bbox 960 214 1030 265; x_wconf 78' lang='grc'><strong>82</strong></span> <span class='ocrx_word' id='word_1_7' title='bbox 1070 241 1143 250; x_wconf 83' lang='grc'><strong>--</strong></span> <span class='ocrx_word' id='word_1_8' title='bbox 1183 228 1226 264; x_wconf 88' lang='lat' dir='ltr'><strong>c.</strong></span> <span class='ocrx_word' id='word_1_9' title='bbox 1252 212 1434 266; x_wconf 74' lang='lat' dir='ltr'><strong>xxvi.</strong></span> <span class='ocrx_word' id='word_1_10' title='bbox 1478 215 1517 285; x_wconf 49' lang='grc' dir='ltr'><em>ὅ</em></span> <span class='ocrx_word' id='word_1_11' title='bbox 1541 219 1628 268; x_wconf 85' lang='grc'><strong>84.</strong></span> <span class='ocrx_word' id='word_1_12' title='bbox 1829 220 1932 271; x_wconf 80' lang='lat'><strong>137</strong></span> 
     </span>
    </p>
   </div>
   <div class='ocr_carea' id='block_1_2' title="bbox 67 359 1937 1537">
    <p class='ocr_par' dir='ltr' id='par_1_2' title="bbox 67 359 1937 1537">
     <span class='ocr_line' id='line_1_2' title="bbox 118 359 1937 435; baseline 0.005 -23"><span class='ocrx_word' id='word_1_13' title='bbox 118 365 415 433; x_wconf 85' lang='lat' dir='ltr'><strong>praeterea·</strong></span> <span class='ocrx_word' id='word_1_14' title='bbox 449 359 709 432; x_wconf 85' lang='lat' dir='ltr'><strong>publicari</strong></span> <span class='ocrx_word' id='word_1_15' title='bbox 761 359 938 415; x_wconf 89' lang='lat' dir='ltr'><strong>iubet:</strong></span> <span class='ocrx_word' id='word_1_16' title='bbox 992 361 1157 415; x_wconf 84' lang='lat' dir='ltr'><strong>vitam</strong></span> <span class='ocrx_word' id='word_1_17' title='bbox 1202 359 1367 417; x_wconf 89' lang='lat' dir='ltr'><strong>solam</strong></span> <span class='ocrx_word' id='word_1_18' title='bbox 1411 362 1668 435; x_wconf 82' lang='lat' dir='ltr'>relinquit</span> <span class='ocrx_word' id='word_1_19' title='bbox 1719 365 1937 422; x_wconf 83' lang='lat' dir='ltr'><strong>nefariis</strong></span> 
     </span>
     <span class='ocr_line' id='line_1_3' title="bbox 126 457 1934 532; baseline 0.005 -20"><span class='ocrx_word' id='word_1_20' title='bbox 126 457 463 515; x_wconf 86' lang='lat' dir='ltr'><strong>hominihus:</strong></span> <span class='ocrx_word' id='word_1_21' title='bbox 503 477 664 532; x_wconf 90' lang='lat' dir='ltr'><strong>quam</strong></span> <span class='ocrx_word' id='word_1_22' title='bbox 695 461 741 516; x_wconf 90' lang='lat' dir='ltr'><strong>si</strong></span> <span class='ocrx_word' id='word_1_23' title='bbox 780 460 1098 532; x_wconf 87' lang='lat' dir='ltr'><strong>eripuisset,</strong></span> <span class='ocrx_word' id='word_1_24' title='bbox 1138 459 1336 515; x_wconf 88' lang='lat' dir='ltr'><strong>multos</strong></span> <span class='ocrx_word' id='word_1_25' title='bbox 1383 477 1488 516; x_wconf 92' lang='lat' dir='ltr'><strong>uno</strong></span> <span class='ocrx_word' id='word_1_26' title='bbox 1519 461 1697 518; x_wconf 88' lang='lat' dir='ltr'><strong>dolore</strong></span> <span class='ocrx_word' id='word_1_27' title='bbox 1728 464 1934 521; x_wconf 88' lang='lat' dir='ltr'><strong>dolores</strong></span> 
     </span>
     <span class='ocr_line' id='line_1_4' title="bbox 126 540 1933 634; baseline 0.004 -21"><span class='ocrx_word' id='word_1_28' title='bbox 126 559 291 614; x_wconf 89' lang='lat' dir='ltr'><strong>animi</strong></span> <span class='ocrx_word' id='word_1_29' title='bbox 310 540 490 632; x_wconf 58' lang='lat' dir='ltr'><strong>&#39;atque</strong></span> <span class='ocrx_word' id='word_1_30' title='bbox 521 562 758 634; x_wconf 88' lang='lat' dir='ltr'><strong>corporis</strong></span> <span class='ocrx_word' id='word_1_31' title='bbox 796 567 851 616; x_wconf 89' lang='lat' dir='ltr'><strong>et</strong></span> <span class='ocrx_word' id='word_1_32' title='bbox 886 576 1070 616; x_wconf 91' lang='lat' dir='ltr'><strong>omnes</strong></span> <span class='ocrx_word' id='word_1_33' title='bbox 1101 560 1364 616; x_wconf 89' lang='lat' dir='ltr'><strong>scelerum</strong></span> <span class='ocrx_word' id='word_1_34' title='bbox 1397 579 1591 634; x_wconf 88' lang='lat' dir='ltr'><strong>poenas</strong></span> <span class='ocrx_word' id='word_1_35' title='bbox 1631 563 1933 620; x_wconf 76' lang='lat' dir='ltr'><strong>ademisset.</strong></span> 
     </span>
     <span class='ocr_line' id='line_1_5' title="bbox 127 656 1934 737; baseline 0.004 -24"><span class='ocrx_word' id='word_1_36' title='bbox 127 660 216 713; x_wconf 79' lang='lat'><strong>83.</strong></span> <span class='ocrx_word' id='word_1_37' title='bbox 255 656 322 713; x_wconf 74' lang='lat' dir='ltr'><strong>M.</strong></span> <span class='ocrx_word' id='word_1_38' title='bbox 357 666 537 715; x_wconf 86' lang='lat' dir='ltr'><strong>autem</strong></span> <span class='ocrx_word' id='word_1_39' title='bbox 569 660 696 716; x_wconf 87' lang='lat' dir='ltr'><strong>Cato</strong></span> <span class='ocrx_word' id='word_1_40' title='bbox 718 668 736 700; x_wconf 87' lang='lat'><strong>¹</strong></span> <span class='ocrx_word' id='word_1_41' title='bbox 759 704 774 726; x_wconf 94' lang='lat'><strong>,</strong></span> <span class='ocrx_word' id='word_1_42' title='bbox 813 677 981 733; x_wconf 89' lang='lat' dir='ltr'><strong>quum</strong></span> <span class='ocrx_word' id='word_1_43' title='bbox 1017 667 1159 716; x_wconf 88' lang='lat' dir='ltr'><strong>esset</strong></span> <span class='ocrx_word' id='word_1_44' title='bbox 1196 660 1509 733; x_wconf 87' lang='lat' dir='ltr'><strong>designatus</strong></span> <span class='ocrx_word' id='word_1_45' title='bbox 1546 662 1796 719; x_wconf 89' lang='lat' dir='ltr'><strong>tribunus</strong></span> <span class='ocrx_word' id='word_1_46' title='bbox 1829 664 1934 737; x_wconf 86' lang='lat' dir='ltr'><strong>ple-</strong></span> 
     </span>
     <span class='ocr_line' id='line_1_6' title="bbox 121 736 1934 821; baseline 0.006 -12"><span class='ocrx_word' id='word_1_47' title='bbox 121 754 238 821; x_wconf 83' lang='lat' dir='ltr'><strong>his,</strong></span> <span class='ocrx_word' id='word_1_48' title='bbox 284 756 478 813; x_wconf 89' lang='lat' dir='ltr'><strong>obtulit</strong></span> <span class='ocrx_word' id='word_1_49' title='bbox 513 736 572 814; x_wconf 73' lang='lat' dir='ltr'><strong>in</strong></span> <span class='ocrx_word' id='word_1_50' title='bbox 612 759 901 816; x_wconf 79' lang='lat' dir='ltr'><strong>discrimen</strong></span> <span class='ocrx_word' id='word_1_51' title='bbox 944 760 1110 816; x_wconf 87' lang='lat' dir='ltr'><strong>vitam</strong></span> <span class='ocrx_word' id='word_1_52' title='bbox 1149 777 1336 816; x_wconf 91' lang='lat' dir='ltr'><strong>suam:</strong></span> <span class='ocrx_word' id='word_1_53' title='bbox 1389 761 1527 817; x_wconf 83' lang='lat' dir='ltr'><strong>dixit</strong></span> <span class='ocrx_word' id='word_1_54' title='bbox 1569 779 1687 819; x_wconf 91' lang='lat' dir='ltr'><strong>eam</strong></span> <span class='ocrx_word' id='word_1_55' title='bbox 1725 771 1934 820; x_wconf 90' lang='lat' dir='ltr'><strong>senten·</strong></span> 
     </span>
     <span class='ocr_line' id='line_1_7' title="bbox 122 854 1933 935; baseline 0.006 -25"><span class='ocrx_word' id='word_1_56' title='bbox 122 854 252 910; x_wconf 89' lang='lat' dir='ltr'><strong>tiam</strong></span> <span class='ocrx_word' id='word_1_57' title='bbox 274 898 288 921; x_wconf 92' lang='lat'><strong><em>‚</em></strong></span> <span class='ocrx_word' id='word_1_58' title='bbox 346 859 502 914; x_wconf 89' lang='lat' dir='ltr'><strong>cuius</strong></span> <span class='ocrx_word' id='word_1_59' title='bbox 558 860 814 916; x_wconf 88' lang='lat' dir='ltr'><strong>invidiam</strong></span> <span class='ocrx_word' id='word_1_60' title='bbox 867 861 1058 934; x_wconf 84' lang='lat' dir='ltr'><strong>capitis</strong></span> <span class='ocrx_word' id='word_1_61' title='bbox 1114 860 1352 933; x_wconf 90' lang='lat' dir='ltr'><strong>periculo</strong></span> <span class='ocrx_word' id='word_1_62' title='bbox 1401 860 1501 916; x_wconf 86' lang='lat' dir='ltr'><strong>sibi</strong></span> <span class='ocrx_word' id='word_1_63' title='bbox 1560 863 1933 935; x_wconf 88' lang='lat' dir='ltr'><strong>praestandam</strong></span> 
     </span>
     <span class='ocr_line' id='line_1_8' title="bbox 119 954 1934 1037; baseline 0.006 -28"><span class='ocrx_word' id='word_1_64' title='bbox 119 954 364 1013; x_wconf 85' lang='lat' dir='ltr'><strong>videbat:</strong></span> <span class='ocrx_word' id='word_1_65' title='bbox 404 958 542 1037; x_wconf 81' lang='lat' dir='ltr'><strong>dixit</strong></span> <span class='ocrx_word' id='word_1_66' title='bbox 586 960 960 1017; x_wconf 87' lang='lat' dir='ltr'><strong>vehementer:</strong></span> <span class='ocrx_word' id='word_1_67' title='bbox 1001 961 1112 1033; x_wconf 88' lang='lat' dir='ltr'><strong>egit</strong></span> <span class='ocrx_word' id='word_1_68' title='bbox 1150 961 1382 1017; x_wconf 88' lang='lat' dir='ltr'><strong>acriter:</strong></span> <span class='ocrx_word' id='word_1_69' title='bbox 1421 977 1518 1027; x_wconf 86' lang='lat' dir='ltr'><strong>ea,</strong></span> <span class='ocrx_word' id='word_1_70' title='bbox 1557 978 1694 1034; x_wconf 88' lang='lat' dir='ltr'><strong>quae</strong></span> <span class='ocrx_word' id='word_1_71' title='bbox 1732 965 1934 1029; x_wconf 86' lang='lat' dir='ltr'><strong>sensit,</strong></span> 
     </span>
     <span class='ocr_line' id='line_1_9' title="bbox 119 1059 1933 1128; baseline 0.004 -16"><span class='ocrx_word' id='word_1_72' title='bbox 119 1072 247 1128; x_wconf 89' lang='lat' dir='ltr'><strong>prae</strong></span> <span class='ocrx_word' id='word_1_73' title='bbox 283 1075 342 1114; x_wconf 90' lang='lat' dir='ltr'><strong>se</strong></span> <span class='ocrx_word' id='word_1_74' title='bbox 379 1059 538 1116; x_wconf 84' lang='lat' dir='ltr'><strong>tulit:</strong></span> <span class='ocrx_word' id='word_1_75' title='bbox 596 1060 706 1117; x_wconf 86' lang='lat' dir='ltr'><strong>dux</strong></span> <span class='ocrx_word' id='word_1_76' title='bbox 726 1104 741 1128; x_wconf 91' lang='lat'>‚</span> <span class='ocrx_word' id='word_1_77' title='bbox 801 1070 987 1118; x_wconf 82' lang='lat' dir='ltr'><strong>auctor</strong></span> <span class='ocrx_word' id='word_1_78' title='bbox 1006 1103 1022 1128; x_wconf 88' lang='lat'>‚</span> <span class='ocrx_word' id='word_1_79' title='bbox 1079 1068 1230 1118; x_wconf 83' lang='lat' dir='ltr'><strong>actor</strong></span> <span class='ocrx_word' id='word_1_80' title='bbox 1284 1079 1466 1119; x_wconf 90' lang='lat' dir='ltr'><strong>rerum</strong></span> <span class='ocrx_word' id='word_1_81' title='bbox 1525 1062 1739 1119; x_wconf 89' lang='lat' dir='ltr'><strong>illarum</strong></span> <span class='ocrx_word' id='word_1_82' title='bbox 1797 1063 1933 1120; x_wconf 81' lang='lat' dir='ltr'><strong>suit:</strong></span> 
     </span>
     <span class='ocr_line' id='line_1_10' title="bbox 67 1151 1932 1232; baseline 0.006 -21"><span class='ocrx_word' id='word_1_83' title='bbox 67 1151 69 1155; x_wconf 79' lang='grc'><strong>’</strong></span> <span class='ocrx_word' id='word_1_84' title='bbox 120 1171 224 1212; x_wconf 91' lang='lat' dir='ltr'><strong>non</strong></span> <span class='ocrx_word' id='word_1_85' title='bbox 267 1175 374 1230; x_wconf 88' lang='lat' dir='ltr'><strong>quo</strong></span> <span class='ocrx_word' id='word_1_86' title='bbox 410 1161 711 1232; x_wconf 89' lang='lat' dir='ltr'><strong>periculum</strong></span> <span class='ocrx_word' id='word_1_87' title='bbox 761 1179 922 1218; x_wconf 91' lang='lat' dir='ltr'><strong>suum</strong></span> <span class='ocrx_word' id='word_1_88' title='bbox 975 1180 1080 1218; x_wconf 91' lang='lat' dir='ltr'><strong>non</strong></span> <span class='ocrx_word' id='word_1_89' title='bbox 1119 1162 1356 1224; x_wconf 80' lang='lat' dir='ltr'><strong>videret:</strong></span> <span class='ocrx_word' id='word_1_90' title='bbox 1396 1162 1488 1218; x_wconf 90' lang='lat' dir='ltr'><strong>sed</strong></span> <span class='ocrx_word' id='word_1_91' title='bbox 1535 1165 1591 1218; x_wconf 91' lang='lat' dir='ltr'><strong>in</strong></span> <span class='ocrx_word' id='word_1_92' title='bbox 1643 1170 1797 1220; x_wconf 75' lang='lat' dir='ltr'><strong>tanta</strong></span> <span class='ocrx_word' id='word_1_93' title='bbox 1829 1167 1932 1222; x_wconf 88' lang='lat' dir='ltr'><strong>rei·</strong></span> 
     </span>
     <span class='ocr_line' id='line_1_11' title="bbox 117 1257 1935 1336; baseline 0.004 -24"><span class='ocrx_word' id='word_1_94' title='bbox 117 1257 360 1328; x_wconf 77' lang='lat' dir='ltr'><strong>publicae</strong></span> <span class='ocrx_word' id='word_1_95' title='bbox 401 1266 718 1333; x_wconf 86' lang='lat' dir='ltr'><strong>tempestate</strong></span> <span class='ocrx_word' id='word_1_96' title='bbox 774 1261 910 1316; x_wconf 88' lang='lat' dir='ltr'><strong>nihil</strong></span> <span class='ocrx_word' id='word_1_97' title='bbox 958 1262 1062 1317; x_wconf 89' lang='lat' dir='ltr'><strong>sihi</strong></span> <span class='ocrx_word' id='word_1_98' title='bbox 1084 1304 1099 1326; x_wconf 92' lang='lat'>‚</span> <span class='ocrx_word' id='word_1_99' title='bbox 1159 1263 1265 1317; x_wconf 90' lang='lat' dir='ltr'><strong>nisi</strong></span> <span class='ocrx_word' id='word_1_100' title='bbox 1305 1262 1369 1317; x_wconf 91' lang='lat' dir='ltr'><strong>de</strong></span> <span class='ocrx_word' id='word_1_101' title='bbox 1421 1265 1625 1335; x_wconf 84' lang='lat' dir='ltr'><strong>patriae</strong></span> <span class='ocrx_word' id='word_1_102' title='bbox 1682 1265 1935 1336; x_wconf 89' lang='lat' dir='ltr'><strong>periculis</strong></span> 
     </span>
     <span class='ocr_line' id='line_1_12' title="bbox 116 1357 1933 1433; baseline 0.004 -21"><span class='ocrx_word' id='word_1_103' title='bbox 116 1357 460 1429; x_wconf 79' lang='lat' dir='ltr'><strong>cogitandum</strong></span> <span class='ocrx_word' id='word_1_104' title='bbox 490 1360 730 1433; x_wconf 88' lang='lat' dir='ltr'><strong>putabat.</strong></span> <span class='ocrx_word' id='word_1_105' title='bbox 807 1361 921 1432; x_wconf 85' lang='lat' dir='ltr'><strong>Ego</strong></span> <span class='ocrx_word' id='word_1_106' title='bbox 940 1367 991 1426; x_wconf 82' lang='lat'><strong>²,</strong></span> <span class='ocrx_word' id='word_1_107' title='bbox 1031 1361 1172 1433; x_wconf 87' lang='lat' dir='ltr'><strong>quod</strong></span> <span class='ocrx_word' id='word_1_108' title='bbox 1205 1363 1262 1417; x_wconf 92' lang='lat' dir='ltr'><strong>in</strong></span> <span class='ocrx_word' id='word_1_109' title='bbox 1294 1361 1394 1418; x_wconf 91' lang='lat' dir='ltr'><strong>hac</strong></span> <span class='ocrx_word' id='word_1_110' title='bbox 1433 1378 1624 1418; x_wconf 85' lang='lat' dir='ltr'><strong>caussa</strong></span> <span class='ocrx_word' id='word_1_111' title='bbox 1656 1363 1933 1420; x_wconf 88' lang='lat' dir='ltr'><strong>vehemen-</strong></span> 
     </span>
     <span class='ocr_line' id='line_1_13' title="bbox 114 1456 1934 1537; baseline 0.005 -25"><span class='ocrx_word' id='word_1_112' title='bbox 114 1456 222 1513; x_wconf 89' lang='lat' dir='ltr'><strong>tior</strong></span> <span class='ocrx_word' id='word_1_113' title='bbox 255 1474 405 1516; x_wconf 88' lang='lat' dir='ltr'><strong>eram</strong></span> <span class='ocrx_word' id='word_1_114' title='bbox 425 1501 441 1525; x_wconf 91' lang='lat'><em>‚</em></span> <span class='ocrx_word' id='word_1_115' title='bbox 479 1476 586 1516; x_wconf 90' lang='lat' dir='ltr'><strong>non</strong></span> <span class='ocrx_word' id='word_1_116' title='bbox 626 1461 909 1517; x_wconf 79' lang='lat' dir='ltr'><strong>atrocitate</strong></span> <span class='ocrx_word' id='word_1_117' title='bbox 945 1461 1114 1516; x_wconf 90' lang='lat' dir='ltr'><strong>animi</strong></span> <span class='ocrx_word' id='word_1_118' title='bbox 1153 1460 1404 1517; x_wconf 89' lang='lat' dir='ltr'><strong>movebar</strong></span> <span class='ocrx_word' id='word_1_119' title='bbox 1423 1504 1457 1527; x_wconf 84' lang='lat'><strong>‚.</strong></span> <span class='ocrx_word' id='word_1_120' title='bbox 1479 1463 1624 1537; x_wconf 87' lang='lat' dir='ltr'><strong>(quis</strong></span> <span class='ocrx_word' id='word_1_121' title='bbox 1667 1465 1812 1520; x_wconf 91' lang='lat' dir='ltr'><strong>enim</strong></span> <span class='ocrx_word' id='word_1_122' title='bbox 1852 1473 1934 1521; x_wconf 84' lang='lat' dir='ltr'><strong>est</strong></span> 
     </span>
    </p>
   </div>
   <div class='ocr_carea' id='block_1_3' title="bbox 12 1559 1934 1836">
    <p class='ocr_par' dir='ltr' id='par_1_3' title="bbox 12 1559 1934 1836">
     <span class='ocr_line' id='line_1_14' title="bbox 12 1559 1934 1635; baseline 0.004 -22"><span class='ocrx_word' id='word_1_123' title='bbox 12 1567 14 1572; x_wconf 80' lang='grc'>’</span> <span class='ocrx_word' id='word_1_124' title='bbox 114 1572 200 1614; x_wconf 87' lang='lat' dir='ltr'><strong>me</strong></span> <span class='ocrx_word' id='word_1_125' title='bbox 238 1559 422 1626; x_wconf 77' lang='lat' dir='ltr'><strong>mitior</strong></span> <span class='ocrx_word' id='word_1_126' title='bbox 437 1559 479 1635; x_wconf 83' lang='lat'><strong>?)</strong></span> <span class='ocrx_word' id='word_1_127' title='bbox 531 1561 626 1618; x_wconf 87' lang='lat' dir='ltr'><strong>sed</strong></span> <span class='ocrx_word' id='word_1_128' title='bbox 662 1562 923 1634; x_wconf 84' lang='lat' dir='ltr'><strong>singulari</strong></span> <span class='ocrx_word' id='word_1_129' title='bbox 974 1561 1208 1634; x_wconf 88' lang='lat' dir='ltr'><strong>quadam</strong></span> <span class='ocrx_word' id='word_1_130' title='bbox 1246 1560 1584 1619; x_wconf 85' lang='lat' dir='ltr'><strong>humanitate</strong></span> <span class='ocrx_word' id='word_1_131' title='bbox 1621 1570 1676 1619; x_wconf 91' lang='lat' dir='ltr'><strong>et</strong></span> <span class='ocrx_word' id='word_1_132' title='bbox 1726 1565 1934 1621; x_wconf 87' lang='lat' dir='ltr'><strong>miseri·</strong></span> 
     </span>
     <span class='ocr_line' id='line_1_15' title="bbox 12 1657 1933 1729; baseline 0.002 -9"><span class='ocrx_word' id='word_1_133' title='bbox 12 1716 13 1720; x_wconf 65' lang='lat'>,</span> <span class='ocrx_word' id='word_1_134' title='bbox 114 1657 312 1718; x_wconf 84' lang='lat' dir='ltr'><strong>cordia.</strong></span> <span class='ocrx_word' id='word_1_135' title='bbox 390 1661 622 1719; x_wconf 83' lang='lat' dir='ltr'><strong>Videbar</strong></span> <span class='ocrx_word' id='word_1_136' title='bbox 670 1664 815 1720; x_wconf 90' lang='lat' dir='ltr'><strong>enim</strong></span> <span class='ocrx_word' id='word_1_137' title='bbox 867 1662 1001 1718; x_wconf 88' lang='lat' dir='ltr'><strong>mihi</strong></span> <span class='ocrx_word' id='word_1_138' title='bbox 1054 1662 1193 1718; x_wconf 90' lang='lat' dir='ltr'><strong>hanc</strong></span> <span class='ocrx_word' id='word_1_139' title='bbox 1245 1662 1432 1719; x_wconf 85' lang='lat' dir='ltr'><strong>urbem</strong></span> <span class='ocrx_word' id='word_1_140' title='bbox 1489 1662 1671 1720; x_wconf 86' lang='lat' dir='ltr'><strong>videre</strong></span> <span class='ocrx_word' id='word_1_141' title='bbox 1692 1707 1706 1729; x_wconf 89' lang='lat'>‚</span> <span class='ocrx_word' id='word_1_142' title='bbox 1757 1664 1933 1723; x_wconf 86' lang='lat' dir='ltr'><strong>lucem</strong></span> 
     </span>
     <span class='ocr_line' id='line_1_16' title="bbox 12 1758 1934 1836; baseline 0.002 -18"><span class='ocrx_word' id='word_1_143' title='bbox 12 1758 14 1763; x_wconf 81' lang='grc'><strong>’</strong></span> <span class='ocrx_word' id='word_1_144' title='bbox 112 1761 255 1820; x_wconf 86' lang='lat' dir='ltr'><strong>orbis</strong></span> <span class='ocrx_word' id='word_1_145' title='bbox 292 1768 562 1820; x_wconf 83' lang='lat' dir='ltr'><strong>terrarum</strong></span> <span class='ocrx_word' id='word_1_146' title='bbox 598 1768 761 1836; x_wconf 87' lang='lat' dir='ltr'><strong>atque</strong></span> <span class='ocrx_word' id='word_1_147' title='bbox 788 1779 980 1819; x_wconf 79' lang='lat' dir='ltr'><strong>arcem</strong></span> <span class='ocrx_word' id='word_1_148' title='bbox 1012 1762 1254 1820; x_wconf 89' lang='lat' dir='ltr'><strong>omnium</strong></span> <span class='ocrx_word' id='word_1_149' title='bbox 1289 1764 1531 1835; x_wconf 85' lang='lat' dir='ltr'><strong>gentium</strong></span> <span class='ocrx_word' id='word_1_150' title='bbox 1555 1805 1570 1829; x_wconf 93' lang='lat'><strong>,</strong></span> <span class='ocrx_word' id='word_1_151' title='bbox 1609 1764 1787 1821; x_wconf 86' lang='lat' dir='ltr'><strong>subito</strong></span> <span class='ocrx_word' id='word_1_152' title='bbox 1828 1784 1934 1822; x_wconf 90' lang='lat' dir='ltr'><strong>uno</strong></span> 
     </span>
    </p>
   </div>
   <div class='ocr_carea' id='block_1_4' title="bbox 73 1863 1932 3244">
    <p class='ocr_par' dir='ltr' id='par_1_4' title="bbox 73 1863 1932 3244">
     <span class='ocr_line' id='line_1_17' title="bbox 113 1863 1931 1939; baseline 0.002 -19"><span class='ocrx_word' id='word_1_153' title='bbox 113 1863 358 1921; x_wconf 78' lang='lat' dir='ltr'><strong>incendio</strong></span> <span class='ocrx_word' id='word_1_154' title='bbox 395 1863 798 1921; x_wconf 75' lang='lat' dir='ltr'><strong>concidentem:</strong></span> <span class='ocrx_word' id='word_1_155' title='bbox 839 1864 1123 1921; x_wconf 88' lang='lat' dir='ltr'><strong>cernebam</strong></span> <span class='ocrx_word' id='word_1_156' title='bbox 1155 1865 1335 1920; x_wconf 91' lang='lat' dir='ltr'><strong>animo</strong></span> <span class='ocrx_word' id='word_1_157' title='bbox 1373 1865 1637 1939; x_wconf 87' lang='lat' dir='ltr'><strong>sepultam</strong></span> <span class='ocrx_word' id='word_1_158' title='bbox 1671 1868 1931 1939; x_wconf 90' lang='lat' dir='ltr'><strong>patriam,</strong></span> 
     </span>
     <span class='ocr_line' id='line_1_18' title="bbox 110 1963 1930 2038; baseline 0.001 -16"><span class='ocrx_word' id='word_1_159' title='bbox 110 1965 347 2022; x_wconf 82' lang='lat' dir='ltr'><strong>miseros·</strong></span> <span class='ocrx_word' id='word_1_160' title='bbox 369 1970 532 2038; x_wconf 83' lang='lat' dir='ltr'><strong>atque</strong></span> <span class='ocrx_word' id='word_1_161' title='bbox 581 1963 876 2038; x_wconf 88' lang='lat' dir='ltr'><strong>insepultos</strong></span> <span class='ocrx_word' id='word_1_162' title='bbox 913 1982 1131 2022; x_wconf 89' lang='lat' dir='ltr'><strong>acervos</strong></span> <span class='ocrx_word' id='word_1_163' title='bbox 1168 1965 1403 2022; x_wconf 88' lang='lat' dir='ltr'><strong>civium:</strong></span> <span class='ocrx_word' id='word_1_164' title='bbox 1445 1966 1759 2023; x_wconf 85' lang='lat' dir='ltr'><strong>versabatur</strong></span> <span class='ocrx_word' id='word_1_165' title='bbox 1797 1967 1930 2024; x_wconf 84' lang='lat' dir='ltr'><strong>mihi</strong></span> 
     </span>
     <span class='ocr_line' id='line_1_19' title="bbox 109 2064 1931 2138; baseline 0.002 -17"><span class='ocrx_word' id='word_1_166' title='bbox 109 2072 235 2121; x_wconf 87' lang='lat' dir='ltr'><strong>ante</strong></span> <span class='ocrx_word' id='word_1_167' title='bbox 265 2064 446 2121; x_wconf 86' lang='lat' dir='ltr'><strong>oculos</strong></span> <span class='ocrx_word' id='word_1_168' title='bbox 481 2071 731 2138; x_wconf 86' lang='lat' dir='ltr'><strong>aspectus</strong></span> <span class='ocrx_word' id='word_1_169' title='bbox 762 2064 979 2137; x_wconf 84' lang='lat' dir='ltr'><strong>Cethegi</strong></span> <span class='ocrx_word' id='word_1_170' title='bbox 1019 2073 1074 2121; x_wconf 91' lang='lat' dir='ltr'><strong>et</strong></span> <span class='ocrx_word' id='word_1_171' title='bbox 1105 2064 1256 2120; x_wconf 80' lang='lat' dir='ltr'><strong>l‘uror</strong></span> <span class='ocrx_word' id='word_1_172' title='bbox 1288 2066 1343 2119; x_wconf 90' lang='lat' dir='ltr'><strong>in</strong></span> <span class='ocrx_word' id='word_1_173' title='bbox 1382 2067 1584 2121; x_wconf 88' lang='lat' dir='ltr'><strong>civium</strong></span> <span class='ocrx_word' id='word_1_174' title='bbox 1617 2066 1777 2123; x_wconf 87' lang='lat' dir='ltr'><strong>caede</strong></span> <span class='ocrx_word' id='word_1_175' title='bbox 1810 2067 1931 2124; x_wconf 87' lang='lat' dir='ltr'><strong>bac·</strong></span> 
     </span>
     <span class='ocr_line' id='line_1_20' title="bbox 109 2165 1932 2238; baseline 0.002 -17"><span class='ocrx_word' id='word_1_176' title='bbox 109 2165 339 2222; x_wconf 72' lang='lat' dir='ltr'><strong>chamis.</strong></span> <span class='ocrx_word' id='word_1_177' title='bbox 416 2165 594 2234; x_wconf 87' lang='lat' dir='ltr'><strong>Quum</strong></span> <span class='ocrx_word' id='word_1_178' title='bbox 625 2182 750 2221; x_wconf 87' lang='lat' dir='ltr'><strong>vero</strong></span> <span class='ocrx_word' id='word_1_179' title='bbox 787 2165 923 2220; x_wconf 89' lang='lat' dir='ltr'><strong>mihi</strong></span> <span class='ocrx_word' id='word_1_180' title='bbox 962 2181 1341 2238; x_wconf 87' lang='lat' dir='ltr'><strong>proposueram</strong></span> <span class='ocrx_word' id='word_1_181' title='bbox 1381 2173 1697 2238; x_wconf 85' lang='lat' dir='ltr'><strong>regnantem</strong></span> <span class='ocrx_word' id='word_1_182' title='bbox 1735 2168 1932 2226; x_wconf 89' lang='lat' dir='ltr'><strong>Lentu-</strong></span> 
     </span>
     <span class='ocr_line' id='line_1_21' title="bbox 109 2265 1930 2343; baseline 0.003 -22"><span class='ocrx_word' id='word_1_183' title='bbox 109 2265 252 2332; x_wconf 90' lang='lat' dir='ltr'><strong>lum,</strong></span> <span class='ocrx_word' id='word_1_184' title='bbox 290 2268 434 2323; x_wconf 89' lang='lat' dir='ltr'><strong>sicut</strong></span> <span class='ocrx_word' id='word_1_185' title='bbox 469 2267 585 2340; x_wconf 84' lang='lat' dir='ltr'><strong>ipse</strong></span> <span class='ocrx_word' id='word_1_186' title='bbox 621 2284 679 2322; x_wconf 87' lang='lat' dir='ltr'><strong>se</strong></span> <span class='ocrx_word' id='word_1_187' title='bbox 718 2283 783 2322; x_wconf 89' lang='lat' dir='ltr'><strong>ex</strong></span> <span class='ocrx_word' id='word_1_188' title='bbox 822 2265 946 2322; x_wconf 84' lang='lat' dir='ltr'><strong>fatis</strong></span> <span class='ocrx_word' id='word_1_189' title='bbox 985 2283 1227 2338; x_wconf 89' lang='lat' dir='ltr'><strong>sperasse</strong></span> <span class='ocrx_word' id='word_1_190' title='bbox 1265 2266 1540 2323; x_wconf 83' lang='lat' dir='ltr'><strong>consessus</strong></span> <span class='ocrx_word' id='word_1_191' title='bbox 1578 2274 1693 2331; x_wconf 88' lang='lat' dir='ltr'><strong>est;</strong></span> <span class='ocrx_word' id='word_1_192' title='bbox 1730 2285 1930 2343; x_wconf 84' lang='lat' dir='ltr'><strong>purpu-</strong></span> 
     </span>
     <span class='ocr_line' id='line_1_22' title="bbox 108 2359 1927 2435; baseline 0.003 -14"><span class='ocrx_word' id='word_1_193' title='bbox 108 2372 289 2423; x_wconf 84' lang='lat' dir='ltr'><strong>ratum</strong></span> <span class='ocrx_word' id='word_1_194' title='bbox 307 2359 586 2423; x_wconf 73' lang='lat' dir='ltr'><strong>esse‘hunc</strong></span> <span class='ocrx_word' id='word_1_195' title='bbox 606 2365 922 2428; x_wconf 78' lang='lat' dir='ltr'><strong>Gabinium3</strong></span> <span class='ocrx_word' id='word_1_196' title='bbox 959 2382 1086 2420; x_wconf 90' lang='lat' dir='ltr'><strong>cum</strong></span> <span class='ocrx_word' id='word_1_197' title='bbox 1106 2367 1352 2422; x_wconf 89' lang='lat' dir='ltr'><strong>exercitu</strong></span> <span class='ocrx_word' id='word_1_198' title='bbox 1375 2368 1588 2435; x_wconf 80' lang='lat' dir='ltr'><strong>venisse</strong></span> <span class='ocrx_word' id='word_1_199' title='bbox 1618 2369 1927 2426; x_wconf 85' lang='lat' dir='ltr'><strong>Catilinam:</strong></span> 
     </span>
     <span class='ocr_line' id='line_1_23' title="bbox 108 2465 1925 2542; baseline 0.003 -20"><span class='ocrx_word' id='word_1_200' title='bbox 108 2474 225 2523; x_wconf 90' lang='lat' dir='ltr'><strong>tum</strong></span> <span class='ocrx_word' id='word_1_201' title='bbox 262 2467 699 2524; x_wconf 81' lang='lat' dir='ltr'><strong>lamentationem</strong></span> <span class='ocrx_word' id='word_1_202' title='bbox 730 2465 1203 2523; x_wconf 80' lang='lat' dir='ltr'><strong>matrumfamilias</strong></span> <span class='ocrx_word' id='word_1_203' title='bbox 1223 2510 1240 2532; x_wconf 89' lang='lat'><strong>,</strong></span> <span class='ocrx_word' id='word_1_204' title='bbox 1278 2474 1396 2524; x_wconf 92' lang='lat' dir='ltr'><strong>tum</strong></span> <span class='ocrx_word' id='word_1_205' title='bbox 1437 2468 1925 2542; x_wconf 84' lang='lat' dir='ltr'><strong>sugam-virginum</strong></span> 
     </span>
     <span class='ocr_line' id='line_1_24' title="bbox 105 2566 1927 2645; baseline 0.003 -22"><span class='ocrx_word' id='word_1_206' title='bbox 105 2575 266 2642; x_wconf 80' lang='lat' dir='ltr'><strong>atque</strong></span> <span class='ocrx_word' id='word_1_207' title='bbox 301 2579 592 2642; x_wconf 89' lang='lat' dir='ltr'><strong>puerorum</strong></span> <span class='ocrx_word' id='word_1_208' title='bbox 613 2608 628 2633; x_wconf 90' lang='lat'><strong><em>‚</em></strong></span> <span class='ocrx_word' id='word_1_209' title='bbox 666 2584 730 2622; x_wconf 89' lang='lat' dir='ltr'><strong>ac</strong></span> <span class='ocrx_word' id='word_1_210' title='bbox 768 2566 1105 2623; x_wconf 87' lang='lat' dir='ltr'><strong>vexationem</strong></span> <span class='ocrx_word' id='word_1_211' title='bbox 1146 2567 1434 2639; x_wconf 82' lang='lat' dir='ltr'><strong>virginum</strong></span> <span class='ocrx_word' id='word_1_212' title='bbox 1473 2570 1772 2626; x_wconf 87' lang='lat' dir='ltr'><strong>Vestalium</strong></span> <span class='ocrx_word' id='word_1_213' title='bbox 1811 2590 1927 2645; x_wconf 89' lang='lat' dir='ltr'><strong>per·</strong></span> 
     </span>
     <span class='ocr_line' id='line_1_25' title="bbox 103 2667 1926 2742; baseline 0.003 -18"><span class='ocrx_word' id='word_1_214' title='bbox 103 2667 509 2726; x_wconf 81' lang='lat' dir='ltr'><strong>horrescebam:</strong></span> <span class='ocrx_word' id='word_1_215' title='bbox 560 2675 649 2734; x_wconf 91' lang='lat' dir='ltr'><strong>et,</strong></span> <span class='ocrx_word' id='word_1_216' title='bbox 688 2669 816 2742; x_wconf 89' lang='lat' dir='ltr'><strong>quia</strong></span> <span class='ocrx_word' id='word_1_217' title='bbox 859 2668 997 2724; x_wconf 87' lang='lat' dir='ltr'><strong>mihi</strong></span> <span class='ocrx_word' id='word_1_218' title='bbox 1047 2668 1393 2726; x_wconf 88' lang='lat' dir='ltr'><strong>vehementer</strong></span> <span class='ocrx_word' id='word_1_219' title='bbox 1430 2670 1564 2728; x_wconf 87' lang='lat' dir='ltr'><strong>haec</strong></span> <span class='ocrx_word' id='word_1_220' title='bbox 1606 2672 1926 2729; x_wconf 84' lang='lat' dir='ltr'><strong>videbantur</strong></span> 
     </span>
     <span class='ocr_line' id='line_1_26' title="bbox 103 2768 1924 2847; baseline 0.004 -23"><span class='ocrx_word' id='word_1_221' title='bbox 103 2769 303 2826; x_wconf 87' lang='lat' dir='ltr'><strong>misera</strong></span> <span class='ocrx_word' id='word_1_222' title='bbox 337 2776 500 2843; x_wconf 87' lang='lat' dir='ltr'><strong>atque</strong></span> <span class='ocrx_word' id='word_1_223' title='bbox 547 2768 850 2825; x_wconf 89' lang='lat' dir='ltr'><strong>miseranda</strong></span> <span class='ocrx_word' id='word_1_224' title='bbox 873 2812 886 2834; x_wconf 96' lang='lat'><em>‚</em></span> <span class='ocrx_word' id='word_1_225' title='bbox 939 2769 1142 2825; x_wconf 88' lang='lat' dir='ltr'><strong>idcirco</strong></span> <span class='ocrx_word' id='word_1_226' title='bbox 1180 2771 1236 2825; x_wconf 91' lang='lat' dir='ltr'><strong>in</strong></span> <span class='ocrx_word' id='word_1_227' title='bbox 1269 2788 1359 2827; x_wconf 93' lang='lat' dir='ltr'><strong>eos</strong></span> <span class='ocrx_word' id='word_1_228' title='bbox 1379 2813 1394 2837; x_wconf 93' lang='lat'><em>‚</em></span> <span class='ocrx_word' id='word_1_229' title='bbox 1435 2775 1530 2845; x_wconf 89' lang='lat' dir='ltr'><strong>qui</strong></span> <span class='ocrx_word' id='word_1_230' title='bbox 1568 2791 1630 2829; x_wconf 91' lang='lat' dir='ltr'><strong>ea</strong></span> <span class='ocrx_word' id='word_1_231' title='bbox 1668 2774 1924 2847; x_wconf 87' lang='lat' dir='ltr'><strong>perficere</strong></span> 
     </span>
     <span class='ocr_line' id='line_1_27' title="bbox 73 2868 1923 2945; baseline 0.004 -22"><span class='ocrx_word' id='word_1_232' title='bbox 73 2868 414 2934; x_wconf 83' lang='lat' dir='ltr'><strong>&#39;voluerunt,</strong></span> <span class='ocrx_word' id='word_1_233' title='bbox 446 2885 535 2924; x_wconf 93' lang='lat' dir='ltr'><strong>me</strong></span> <span class='ocrx_word' id='word_1_234' title='bbox 565 2885 812 2925; x_wconf 88' lang='lat' dir='ltr'><strong>severum</strong></span> <span class='ocrx_word' id='word_1_235' title='bbox 832 2870 1309 2944; x_wconf 87' lang='lat' dir='ltr'><strong>vehementemque</strong></span> <span class='ocrx_word' id='word_1_236' title='bbox 1341 2873 1581 2945; x_wconf 87' lang='lat' dir='ltr'><strong>praebui.</strong></span> <span class='ocrx_word' id='word_1_237' title='bbox 1622 2878 1713 2930; x_wconf 80' lang='lat'><strong>84.</strong></span> <span class='ocrx_word' id='word_1_238' title='bbox 1737 2875 1883 2943; x_wconf 85' lang='lat' dir='ltr'><strong>Quae</strong></span> <span class='ocrx_word' id='word_1_239' title='bbox 1900 2881 1923 2913; x_wconf 80' lang='lat'>⁸</span> 
     </span>
     <span class='ocr_line' id='line_1_28' title="bbox 102 2968 1918 3046; baseline 0.003 -23"><span class='ocrx_word' id='word_1_240' title='bbox 102 2969 281 3024; x_wconf 88' lang='lat' dir='ltr'><strong>omnia</strong></span> <span class='ocrx_word' id='word_1_241' title='bbox 318 2969 446 3040; x_wconf 88' lang='lat' dir='ltr'><strong>quia</strong></span> <span class='ocrx_word' id='word_1_242' title='bbox 494 2968 621 3028; x_wconf 83' lang='lat' dir='ltr'><strong>Cato</strong></span> <span class='ocrx_word' id='word_1_243' title='bbox 659 2969 835 3024; x_wconf 88' lang='lat' dir='ltr'><strong>verbis</strong></span> <span class='ocrx_word' id='word_1_244' title='bbox 885 2970 1331 3028; x_wconf 89' lang='lat' dir='ltr'><strong>luculentioribus</strong></span> <span class='ocrx_word' id='word_1_245' title='bbox 1383 2980 1438 3028; x_wconf 92' lang='lat' dir='ltr'><strong>et</strong></span> <span class='ocrx_word' id='word_1_246' title='bbox 1483 2973 1729 3046; x_wconf 89' lang='lat' dir='ltr'><strong>pluribus</strong></span> <span class='ocrx_word' id='word_1_247' title='bbox 1780 2991 1918 3029; x_wconf 86' lang='lat' dir='ltr'><strong>com·</strong></span> 
     </span>
     <span class='ocr_line' id='line_1_29' title="bbox 99 3068 1919 3143; baseline 0.003 -19"><span class='ocrx_word' id='word_1_248' title='bbox 99 3068 453 3142; x_wconf 83' lang='lat' dir='ltr'><strong>prehenderat</strong></span> <span class='ocrx_word' id='word_1_249' title='bbox 508 3069 991 3143; x_wconf 86' lang='lat' dir='ltr'><strong>perscribendaque</strong></span> <span class='ocrx_word' id='word_1_250' title='bbox 1053 3080 1372 3137; x_wconf 89' lang='lat' dir='ltr'><strong>censuerat,</strong></span> <span class='ocrx_word' id='word_1_251' title='bbox 1430 3072 1632 3128; x_wconf 90' lang='lat' dir='ltr'><strong>idcirco</strong></span> <span class='ocrx_word' id='word_1_252' title='bbox 1690 3075 1745 3129; x_wconf 90' lang='lat' dir='ltr'><strong>in</strong></span> <span class='ocrx_word' id='word_1_253' title='bbox 1803 3076 1919 3130; x_wconf 90' lang='lat' dir='ltr'><strong>eius</strong></span> 
     </span>
     <span class='ocr_line' id='line_1_30' title="bbox 101 3169 1916 3244; baseline 0.004 -20"><span class='ocrx_word' id='word_1_254' title='bbox 101 3171 420 3227; x_wconf 86' lang='lat' dir='ltr'><strong>sententiam</strong></span> <span class='ocrx_word' id='word_1_255' title='bbox 472 3176 554 3226; x_wconf 87' lang='lat' dir='ltr'><strong>est</strong></span> <span class='ocrx_word' id='word_1_256' title='bbox 604 3169 745 3226; x_wconf 85' lang='lat' dir='ltr'><strong>facta</strong></span> <span class='ocrx_word' id='word_1_257' title='bbox 811 3171 1097 3234; x_wconf 81' lang='lat' dir='ltr'><strong>discessi03</strong></span> <span class='ocrx_word' id='word_1_258' title='bbox 1154 3189 1260 3244; x_wconf 91' lang='lat' dir='ltr'><strong>qua</strong></span> <span class='ocrx_word' id='word_1_259' title='bbox 1282 3178 1301 3209; x_wconf 75' lang='lat'>⁴</span> <span class='ocrx_word' id='word_1_260' title='bbox 1355 3173 1410 3226; x_wconf 90' lang='lat' dir='ltr'><strong>in</strong></span> <span class='ocrx_word' id='word_1_261' title='bbox 1463 3189 1522 3227; x_wconf 93' lang='lat' dir='ltr'><strong>re</strong></span> <span class='ocrx_word' id='word_1_262' title='bbox 1572 3173 1916 3231; x_wconf 85' lang='lat' dir='ltr'><strong>manifestum</strong></span> 
     </span>
    </p>
   </div>
   <div class='ocr_carea' id='block_1_5' title="bbox 103 3330 312 3346">
    <p class='ocr_par' dir='ltr' id='par_1_5' title="bbox 103 3330 312 3346">
     <span class='ocr_line' id='line_1_31' title="bbox 103 3330 312 3346; baseline 0 0"><span class='ocrx_word' id='word_1_263' title='bbox 103 3330 312 3346; x_wconf 95' lang='lat' dir='ltr'><strong> </strong></span> 
     </span>
    </p>
   </div>
   <div class='ocr_carea' id='block_1_6' title="bbox 99 3424 1912 3565">
    <p class='ocr_par' dir='ltr' id='par_1_6' title="bbox 99 3424 1912 3565">
     <span class='ocr_line' id='line_1_32' title="bbox 165 3424 1912 3492; baseline 0.002 -23"><span class='ocrx_word' id='word_1_264' title='bbox 165 3426 203 3482; x_wconf 87' lang='lat'><strong>¹)</strong></span> <span class='ocrx_word' id='word_1_265' title='bbox 235 3440 309 3484; x_wconf 87' lang='lat' dir='ltr'><strong>pro</strong></span> <span class='ocrx_word' id='word_1_266' title='bbox 339 3424 479 3471; x_wconf 82' lang='lat' dir='ltr'><strong>Sextio</strong></span> <span class='ocrx_word' id='word_1_267' title='bbox 510 3433 553 3472; x_wconf 69' lang='grc' dir='ltr'><strong>ο.</strong></span> <span class='ocrx_word' id='word_1_268' title='bbox 586 3429 656 3470; x_wconf 84' lang='grc'><strong>28.</strong></span> <span class='ocrx_word' id='word_1_269' title='bbox 702 3430 727 3484; x_wconf 79' lang='lat'>§</span> <span class='ocrx_word' id='word_1_270' title='bbox 762 3431 832 3472; x_wconf 80' lang='lat'><strong>61.</strong></span> <span class='ocrx_word' id='word_1_271' title='bbox 867 3454 924 3463; x_wconf 94' lang='grc'><strong>--</strong></span> <span class='ocrx_word' id='word_1_272' title='bbox 958 3431 997 3486; x_wconf 80' lang='lat'><strong>2)</strong></span> <span class='ocrx_word' id='word_1_273' title='bbox 1030 3428 1073 3472; x_wconf 90' lang='lat' dir='ltr'><strong>in</strong></span> <span class='ocrx_word' id='word_1_274' title='bbox 1118 3426 1244 3471; x_wconf 86' lang='lat' dir='ltr'><strong>Catil.</strong></span> <span class='ocrx_word' id='word_1_275' title='bbox 1284 3429 1352 3472; x_wconf 85' lang='lat' dir='ltr'><strong>lv.</strong></span> <span class='ocrx_word' id='word_1_276' title='bbox 1394 3444 1428 3473; x_wconf 78' lang='lat' dir='ltr'><strong>c,</strong></span> <span class='ocrx_word' id='word_1_277' title='bbox 1454 3430 1498 3475; x_wconf 78' lang='lat'><strong>6.</strong></span> <span class='ocrx_word' id='word_1_278' title='bbox 1540 3431 1564 3484; x_wconf 53' lang='grc' dir='ltr'><em>ᾗ</em></span> <span class='ocrx_word' id='word_1_279' title='bbox 1595 3430 1665 3474; x_wconf 84' lang='lat'><strong>11.</strong></span> <span class='ocrx_word' id='word_1_280' title='bbox 1698 3456 1755 3466; x_wconf 80' lang='lat'>—</span> <span class='ocrx_word' id='word_1_281' title='bbox 1788 3432 1912 3492; x_wconf 66' lang='grc' dir='ltr'><strong>5),ῃά</strong></span> 
     </span>
     <span class='ocr_line' id='line_1_33' title="bbox 99 3503 1285 3565; baseline 0.003 -21"><span class='ocrx_word' id='word_1_282' title='bbox 99 3503 188 3546; x_wconf 77' lang='lat' dir='ltr'><strong>Att.</strong></span> <span class='ocrx_word' id='word_1_283' title='bbox 217 3505 311 3549; x_wconf 82' lang='lat' dir='ltr'><strong>xll.</strong></span> <span class='ocrx_word' id='word_1_284' title='bbox 343 3507 415 3550; x_wconf 79' lang='lat'><strong>21.</strong></span> <span class='ocrx_word' id='word_1_285' title='bbox 451 3507 535 3562; x_wconf 63' lang='lat' dir='ltr'><strong>§L</strong></span> <span class='ocrx_word' id='word_1_286' title='bbox 569 3532 626 3539; x_wconf 90' lang='lat'><strong>—--</strong></span> <span class='ocrx_word' id='word_1_287' title='bbox 661 3506 702 3563; x_wconf 79' lang='lat'><strong>4)</strong></span> <span class='ocrx_word' id='word_1_288' title='bbox 735 3521 807 3565; x_wconf 82' lang='lat' dir='ltr'><strong>pro</strong></span> <span class='ocrx_word' id='word_1_289' title='bbox 841 3506 981 3550; x_wconf 78' lang='lat' dir='ltr'><strong>Sextio</strong></span> <span class='ocrx_word' id='word_1_290' title='bbox 1013 3521 1046 3550; x_wconf 81' lang='lat' dir='ltr'><strong>c.</strong></span> <span class='ocrx_word' id='word_1_291' title='bbox 1067 3507 1138 3549; x_wconf 86' lang='lat'><strong>28.</strong></span> <span class='ocrx_word' id='word_1_292' title='bbox 1173 3506 1285 3560; x_wconf 65' lang='lat' dir='ltr'><strong>§6st</strong></span> 
     </span>
    </p>
   </div>
  </div>
 </body>
</html>
