2210 3970
463 256 520 312 L.
543 258 607 314 x.
650 274 695 313 ο.
718 257 927 314 xxxv.
971 257 1144 332 §100
1181 287 1258 297 -
1297 255 1557 312 xxxvn.
1601 257 1639 331 g
1669 262 1792 312 104.
1942 262 2050 313 505

220 405 357 463 tione
395 408 624 480 corporis
663 408 910 464 liberatus
944 425 1113 481 purus
1157 415 1204 463 et
1242 408 1441 480 inteqer
1480 425 1589 463 esse
1620 409 1901 481 coepisset,
1942 414 2052 462 tum

222 524 334 564 esse
389 508 689 581 sapientem.
775 513 897 565 102.
953 509 1124 582 Atque
1166 510 1353 573 etiam,
1398 525 1561 581 quum
1611 508 1836 563 hominis
1866 516 2056 563 natura

219 616 385 665 morte
422 607 750 674 dissolvitur,
791 618 1079 665 ceterarum
1107 627 1287 686 rerum
1307 610 1645 683 perspicuum
1670 617 1745 664 est
1782 626 1882 682 quo
1903 626 2056 682 quae-

219 726 320 782 que
355 707 660 771 discedant:
713 709 902 765 abeunt
958 711 1096 766 enim
1143 709 1274 765 illuc
1317 708 1527 773 omnia,
1571 708 1709 763 uncle
1748 715 1861 763 orla
1898 717 2058 763 sunt.-

218 807 427 864 am‘mus
475 815 650 864 autom
699 809 869 875 solus,
909 827 1002 866 nec
1041 827 1203 883 quum
1253 809 1430 875 adest,
1479 826 1574 865 nec
1606 826 1771 882 quum
1811 808 2059 874 discedit,

221 915 454 982 apparet.
524 907 644 965 Iam
669 927 787 965 vero
814 910 998 967 videtis
1017 953 1033 977 ‚
1057 911 1196 966 nihil
1222 928 1334 966 esse
1355 910 1514 966 morti
1542 917 1651 965 tam
1678 909 1879 976 siniile,
1901 927 2062 983 quam

223 1025 479 1067 somnum.
557 1010 719 1085 Atqui
749 1011 1119 1068 dormientium
1152 1012 1319 1067 animi
1367 1012 1603 1067 maxime
1634 1011 1903 1067 declarant
1933 1012 2062 1067 divi·

221 1109 440 1167 nitatem
469 1128 620 1168 suam
641 1131 659 1167 .·
697 1112 865 1168 multa
910 1113 1072 1178 enim,
1106 1130 1268 1186 quum
1298 1113 1508 1168 remissi
1540 1120 1589 1168 et
1616 1112 1770 1168 liberi
1806 1121 1955 1179 sunt,
1975 1115 2062 1187 su-

224 1216 344 1267 tum
389 1211 727 1286 prospiciunt.
827 1211 921 1267 Ex
964 1230 1064 1286 quo
1113 1212 1430 1285 intelliqitur
1450 1254 1464 1277 ,
1503 1212 1686 1285 quales
1718 1213 1891 1286 futuri
1928 1212 2061 1278 sint,

225 1326 388 1385 quum
433 1327 489 1368 se
517 1311 681 1384 plane
729 1312 959 1385 corporis
1020 1311 1244 1367 vinculis
1291 1310 1664 1367 relaxaverint.
1772 1312 1943 1376 Quare
1962 1355 1977 1378 ,
2017 1314 2065 1368 si

226 1409 355 1468 haec
376 1410 452 1467 iia
494 1418 640 1476 sum,
672 1411 748 1466 sic
778 1427 861 1466 me
893 1410 1123 1475 nolitote,
1153 1418 1212 1465 ut
1243 1409 1400 1464 deum
1422 1428 1441 1464 .·
1475 1409 1559 1464 sin
1583 1426 1688 1464 una
1714 1418 1790 1464 est
1829 1411 2063 1466 inter-itu·

212 1526 323 1568 „m
357 1511 567 1569 animus
597 1528 717 1568 cum
753 1527 994 1584 corpore,
1039 1527 1128 1568 vos
1152 1518 1325 1567 tamen
1376 1510 1499 1566 deos
1530 1517 1791 1576 verentes,
1821 1511 1913 1584 qui
1930 1510 2064 1568 lianc

221 1626 428 1670 onmem
462 1599 913 1686 pulchritudinem
949 1618 1159 1668 tuentur
1195 1620 1244 1667 et
1292 1619 1510 1686 requae,
1558 1611 1866 1667 memoriam
1896 1614 2064 1669 nostri

220 1712 315 1788 pie
355 1711 702 1786 inviolateque
745 1709 1036 1768 servabitis.
1129 1712 1310 1787 Cyrus
1360 1711 1581 1786 quidem
1634 1710 1767 1768 haec
1807 1713 2061 1769 moriens.

227 1816 352 1871 105.
394 1811 533 1870 Sed¹
585 1811 717 1886 quid
749 1828 849 1885 ego
878 1818 1216 1887 praestantes
1255 1814 1400 1869 viros
1440 1814 1662 1870 virtutis
1684 1820 1739 1869 et
1771 1813 2067 1887 sapientiae

217 1912 391 1989 gloria
434 1915 798 1971 commemoro
817 1953 832 1978 ,
890 1929 1060 1987 quum
1105 1911 1560 1971 Lacedaemonius
1603 1912 1825 1987 quidam
1847 1955 1862 1979 ,
1902 1914 2061 1969 cuius

214 2007 294 2073 ne'
324 2029 521 2073 nomen
556 2012 777 2090 quidem
809 2014 1084 2088 proditum
1128 2022 1247 2082 est,
1287 2022 1518 2073 mortem
1559 2022 1710 2071 tanto
1742 2030 1903 2089 opere
1941 2030 2063 2071 con·

217 2115 503 2191 tempserit
520 2155 536 2181 ,
577 2121 670 2182 ut,
702 2131 872 2189 quum
906 2115 975 2171 ad
1013 2132 1133 2173 eam
1154 2115 1448 2173 duceretur
1479 2115 1770 2173 damnatus
1801 2115 1870 2172 ab
1888 2114 2063 2189 Epho-

218 2216 298 2275 ris
316 2257 333 2283 ‚
370 2221 427 2273 et
463 2221 606 2272 esset
643 2216 800 2272 vultu
838 2216 998 2272 hilari
1044 2223 1208 2291 atque
1252 2216 1392 2273 laeto
1411 2259 1427 2283 ,
1472 2216 1805 2291 dixissetque
1861 2218 1912 2273 ei
1944 2217 2060 2290 qui·

217 2317 344 2375 dam
395 2306 682 2383 inimicuS,
739 2316 1119 2374 Contemnisne
1165 2318 1322 2391 ,leges
1368 2318 1647 2393 Lycurgi?
1688 2316 2059 2391 responderit:

223 2417 340 2492 Ego
377 2431 505 2475 vero
542 2416 622 2474 illi
669 2408 963 2474 maximam
1005 2417 1240 2490 gratiam
1274 2417 1472 2483 habeo,
1510 2418 1607 2491 qui
1662 2434 1750 2474 me
1786 2434 1850 2474 ea
1894 2433 2063 2491 poena

220 2518 597 2585 mulctaverit,
635 2534 802 2593 quam
839 2519 958 2575 sine
982 2519 1323 2575 mutuatione
1355 2525 1411 2575 et
1442 2520 1561 2575 sine
1591 2534 1818 2575 versura
1849 2535 2061 2592 possem

218 2619 528 2679 dissolvere.
605 2617 651 2676 Ο
706 2619 888 2675 virum
942 2618 1137 2693 Sparta
1193 2618 1455 2692 dignum!
1510 2627 1573 2677 ut
1630 2619 1767 2676 mihi
1805 2618 2024 2693 quidem
2043 2661 2061 2687 ,

216 2722 316 2797 'qui
352 2727 467 2778 tam
517 2735 714 2792 magno
746 2720 928 2775 animo
969 2718 1135 2777 fuerit
1156 2762 1170 2787 ,
1212 2721 1470 2778 innocens
1503 2721 1793 2777 damnatus
1824 2737 1942 2777 esse
1979 2721 2062 2775 vi-

215 2820 431 2879 deatur.
522 2819 679 2876 Tales
730 2820 1151 2877 innumerabiles
1203 2827 1387 2877 nostra
1451 2821 1644 2877 civitas
1695 2820 1840 2877 tulit.
1955 2819 2060 2877 Sed

217 2921 350 2997 quid
386 2921 554 2978 duces
597 2927 653 2977 et
697 2921 970 2995 principes
1009 2923 1281 2978 nominem
1304 2965 1318 2987 ,
1359 2938 1529 2995 quum
1588 2922 1825 2994 legiones
1857 2920 2060 2977 scribat

215 3017 349 3101 Cato
387 3039 544 3096 saepe
565 3022 770 3079 alacres
810 3023 867 3077 in
896 3039 1022 3079 eum
1056 3022 1237 3080 locum
1270 3022 1567 3097 profectaS,
1602 3023 1745 3079 uude
1784 3022 2059 3079 redituras

212 3139 272 3182 se
306 3141 414 3182 non
446 3110 879 3181 arbitrarentur?

293 3332 559 3395 XXXVII.
643 3338 766 3390 104.
808 3332 1003 3390 Nunc²
1037 3335 1230 3399 etiam,
1267 3335 1311 3389 si
1334 3333 1533 3407 placet,
1574 3333 1882 3400 videamuS,
1917 3350 2054 3406 quae

216 3433 309 3490 illa
339 3435 479 3491 ratio
518 3437 589 3491 sit
612 3435 848 3491 Platonis
870 3479 884 3501 ‚
919 3452 1056 3509 quae
1086 3453 1112 3491 a
1148 3436 1367 3491 Socrate
1401 3442 1487 3491 est·
1522 3437 1577 3490 in
1608 3434 1850 3492 Phaedro
1891 3435 2055 3507 expli-

212 3534 428 3554 *Λ-

277 3579 315 3637 ι)
345 3578 469 3622 Taso.
492 3555 526 3623 ι’.
559 3579 669 3621 012.
705 3578 852 3634 §100.
890 3603 945 3611 -
980 3579 1016 3637 ε)
1052 3577 1160 3622 und.
1196 3593 1229 3620 c..
1282 3580 1352 3620 22.
1383 3578 1499 3634 §53.
