2158 4030
218 260 283 310 74
801 273 1010 311 Clcssno
1057 273 1127 311 DE
1168 273 1305 311 v1rA
1345 273 1449 312 sua

213 405 460 459 omnihus
494 405 699 460 nullum
734 414 900 472 essct,
930 407 983 460 in
1014 424 1118 479 quo
1147 409 1431 479 quisquam
1452 404 1692 461 iudicum
1719 412 2030 478 perpetuam

213 507 607 560 accusationem
654 507 968 578 requireret.
1038 507 1204 578 Nego
1249 524 1365 562 esse
1403 504 1696 578 quidquam
1736 523 1766 560 a
1805 506 2035 562 testibus

212 607 452 670 dictum,
505 606 645 677 quod
696 614 792 660 aut
830 607 1071 661 iudicum
1111 608 1345 678 cuipiam
1390 611 1532 660 esset
1581 604 1893 671 obscurum,
1941 614 2035 660 aut

210 708 529 779 cuiusquam
557 707 784 760 oratoris
816 706 1174 778 eloquentiam
1203 713 1500 778 quaereret.
1582 711 1670 761 44.
1712 708 1926 761 Etenim
1954 708 2034 761 sic

210 825 296 863 me
336 809 511 880 ipsum
539 808 711 877 egisse
738 808 996 863 memoria
1029 814 1214 872 teneo,
1255 815 1317 862 ut
1356 808 1412 860 in
1447 807 1675 865 testibus
1702 808 2035 878 interrogan-

209 908 292 963 dis
331 909 513 962 omnia
559 907 789 961 crimina
828 924 1179 979 proponerem
1228 915 1283 963 et
1319 907 1673 980 explicarem,
1725 914 1815 972 ut,
1868 903 2037 980 quum

209 1026 322 1064 rem
356 1015 522 1062 totam
552 1009 607 1062 in
640 1007 818 1062 medio
844 1009 1242 1080 proposuissem
1263 1052 1278 1074 ‚
1318 1016 1436 1064 tum
1469 1008 1699 1081 denique
1736 1015 1930 1064 testem
1957 1010 2036 1063 in·-

209 1116 554 1179 terrogarem.
635 1108 822 1179 Itaque
855 1125 960 1162 non
994 1109 1152 1163 modo
1180 1109 1249 1175 ii,
1288 1110 1486 1183 quibus
1517 1117 1633 1166 erat
1662 1109 2035 1175 iudicandum,

207 1213 389 1263 nostra
421 1207 650 1262 crimina
682 1207 964 1273 tenebant,
1004 1208 1096 1264 sed
1123 1210 1288 1265 ctiam
1314 1210 1541 1283 populus
1568 1210 1840 1265 Romanus
1865 1216 2034 1266 totam

205 1308 601 1362 accusationem
665 1324 1017 1380 caussamque
1075 1311 1340 1381 cognovit.
1458 1311 1743 1383 Quumque
1764 1316 1781 1349 ¹
1842 1311 2037 1366 Verres

205 1415 468 1481 quaestor
489 1408 581 1463 Cn.
604 1408 817 1481 Papirio
851 1409 1059 1463 consuli
1093 1408 1284 1464 suisset
1316 1409 1512 1464 abhinc
1551 1426 1718 1465 annos
1757 1417 2036 1482 quattuor-

205 1509 406 1571 decim:
446 1508 609 1581 hique
641 1509 799 1573 anni,
838 1525 1069 1581 quorum
1102 1508 1234 1563 hora
1266 1508 1414 1564 nulla
1445 1523 1616 1564 vacua
1647 1524 1678 1563 a
1711 1508 1884 1574 furto,
1925 1521 2034 1565 sce··

204 1610 342 1675 lere,
389 1610 739 1675 crudelitate,
788 1608 994 1681 flagitio
1033 1610 1362 1682 reperietur,
1410 1609 1727 1682 consumpti
1754 1616 1933 1665 essent
1978 1611 2034 1665 in

203 1716 524 1783 quaestura,
574 1716 631 1765 et
680 1710 946 1782 legatione
995 1710 1232 1767 Asiatica
1252 1751 1268 1776 ,
1326 1717 1380 1765 et
1430 1715 1684 1783 practura
1736 1710 1942 1766 urbana
1981 1718 2035 1767 et

201 1817 456 1884 practura
488 1809 784 1873 Siciliensi;
823 1810 955 1866 hacc
987 1811 1173 1867 eadem
1198 1811 1334 1867 mihi
1366 1810 1471 1867 fuit
1503 1810 1898 1885 quadripartita
1929 1811 2036 1867 dis·

201 1911 426 1967 tributio
458 1912 624 1967 totius
663 1913 1023 1968 accusationis
1059 1930 1226 1969 meac.
1595 1922 1599 1927 ’

277 2112 440 2167 XVII.
522 2115 609 2166 45.
650 2112 806 2167 Dicta
839 2118 1010 2167 sunt²
1047 2113 1271 2185 priore
1305 2113 1573 2171 actione
1610 2120 1666 2169 et
1696 2113 1951 2185 privatim
1984 2120 2038 2168 et

200 2213 414 2286 publice
445 2213 781 2269 testimonia:
822 2213 986 2285 legati
1012 2214 1380 2287 Centuripini,
1419 2214 1687 2280 Halesini,
1726 2215 2037 2270 catinenses
2110 2212 2114 2217 ’

201 2314 675 2386 Panormitanique
719 2314 1010 2380 dixerunt,
1061 2314 1359 2370 multarum
1397 2321 1676 2388 praeterea
1715 2316 1997 2371 civitatum
2019 2358 2035 2380 ,

201 2415 310 2469 iam
348 2429 475 2469 vero
511 2415 766 2486 privatim
798 2411 1055 2487 plurimi:
1095 2429 1326 2488 quorum
1362 2416 1442 2470 ex'
1476 2417 1800 2471 testimoniis
1843 2433 2034 2488 cogno-

199 2529 350 2570 scere
387 2521 682 2593 potuerunt
725 2510 932 2570 iudices
950 2557 966 2580 ,
1019 2521 1132 2570 tota
1165 2515 1350 2570 Sicilia
1392 2529 1490 2587 per
1526 2516 1826 2571 triennium
1864 2518 2032 2572 nemi-

201 2611 466 2670 nemulla
504 2616 562 2670 in
600 2616 821 2671 civitate
865 2621 1168 2671 senatorem
1219 2614 1426 2670 factum
1470 2628 1588 2670 esse
1624 2614 1824 2687 gratis:
1866 2618 2033 2672 nemi-

201 2730 355 2781 nem,
394 2722 457 2771 ut
482 2715 627 2788 leges
654 2732 841 2772 eorum
867 2724 1023 2782 sunt,
1063 2715 1367 2788 suffragiim
1405 2712 1706 2781 neminem,
1740 2717 1845 2771 nisi
1873 2717 2033 2772 istius

200 2817 427 2888 imperio
484 2824 580 2872 aut
624 2817 857 2872 litteris:
929 2823 1092 2889 atque
1144 2817 1201 2871 in
1253 2813 1338 2871 his
1395 2816 1644 2871 omnibus
1695 2818 2034 2872 senatoribus

200 2897 512 2991 cooptandis
551 2934 657 2972 non
695 2917 852 2972 modo
883 2916 1140 2989 suffragia
1179 2917 1344 2972 nulla·
1364 2915 1566 2983 fuisse,
1598 2917 1699 2972 >sed
1738 2932 1806 2974 ne
1836 2935 2034 2990 genera

200 3017 419 3090 quidem
463 3025 702 3091 spectata
746 3035 890 3084 esse,
931 3035 998 3073 cx
1030 3018 1227 3089 quibus
1266 3019 1324 3072 in
1357 3034 1482 3072 eum
1515 3018 1757 3073 ordinem
1796 3020 2031 3091 cooptari

199 3118 419 3181 liceret3
471 3135 646 3192 neque
688 3135 883 3174 census
921 3135 1095 3190 neque
1139 3120 1334 3174 aetatis
1383 3133 1559 3192 neque
1600 3126 1793 3174 cetera·
1825 3119 2028 3174 Siculo-

201 3235 325 3273 rum
379 3220 499 3274 iura
561 3220 810 3275 valuisse.
908 3219 1248 3291 Quicumque
1305 3217 1521 3274 senator
1589 3219 1820 3274 voluerit
1878 3220 1993 3275 fieri
2015 3261 2030 3285 ‚

202 3320 448 3393 quamvis
479 3336 642 3392 puer,
682 3320 929 3393 quamvis
968 3318 1251 3391 indigum,
1291 3321 1536 3393 quamvis
1569 3337 1633 3376 ex
1674 3338 1735 3376 eo
1774 3321 1922 3387 loco,
1963 3339 2027 3377 ex

267 3552 304 3609 ¹)
335 3548 446 3596 lbid.
478 3565 512 3594 c.
533 3552 601 3597 12.
638 3552 752 3609 §34
787 3578 843 3586 —
877 3553 918 3614 2)
950 3551 995 3598 in
1029 3555 1203 3599 Verrem
1236 3555 1330 3598 Act.
1349 3554 1403 3598 11.
1434 3555 1479 3599 L.
1498 3555 1555 3599 11.
1586 3569 1621 3598 c.
1643 3555 1712 3600 49.
1742 3554 1888 3611 §120-
