2210 3970
555 243 722 299 L.1x.
765 259 810 297 c.
840 242 973 299 vui.
1017 243 1056 318 3
1082 246 1150 297 25
1191 274 1263 282 -
1303 261 1347 295 «;.
1375 241 1460 296 rx.
1505 244 1542 313 g
1571 246 1654 296 26.
1912 245 2024 296 4025

188 396 331 450 intra
376 410 521 451 meos
562 396 793 467 parietes
825 401 1035 460 tutum,
1062 393 1195 449 nibil
1235 393 1444 448 insidiis
1483 409 1713 448 vacuum
1748 391 2009 452 viderem,

189 509 446 550 novarum
475 503 562 550 me
594 495 1053 551 necessitudinum
1093 492 1347 549 fidelitate
1386 499 1572 547 contra
1612 497 1854 546 veterum
1895 506 2008 563 per·

188 594 376 652 lidia-m·
409 595 764 651 muniendum
804 597 1007 667 putavi.

230 726 237 735 ·
262 693 365 750 Sed
397 693 465 750 de
495 695 694 750 nostris
716 695 876 750 rebus
902 697 1061 760 satis,
1093 694 1174 750 vel
1196 695 1357 750 etiam
1381 694 1609 749 nimium
1632 692 1834 748 multa-
1881 691 2012 745 Red-

186 800 301 857 eo,¹1
327 793 393 849 ad
433 793 839 867 rempublicam.

262 994 352 1052 lx.
404 997 521 1050 θεῖ.
564 994 827 1051 Versabar
847 1001 876 1034 ²·
902 1002 1092 1052 autem·
1117 995 1414 1067 in-gcmitu
1448 993 1660 1059 ltaliae,
1699 998 1754 1048 et
1781 993 1837 1046 in
1866 991 2019 1047 Urbis

191 1095 513 1152 miserrimis
553 1096 813 1169 querelis:
867 1096 1063 1169 quibus
1113 1095 1321 1169 aliquid⁴
1362 1095 1477 1169 opis
1515 1093 1739 1149 fortasse
1777 1109 1875 1164 ego
1925 1107 2023 1164 pro

190 1210 338 1262 mea,
377 1202 444 1252 ut-
472 1212 568 1269 pro
596 1212 702 1251 sua·
727 1197 954 1268 quisque
987 1202 1167 1269 parte,
1208 1195 1348 1253 serre
1387 1196 1722 1268 potuissem„
1749 1194 1795 1249 si
1828 1193 2029 1249 Caesar·

189 1294 466 1355 adfuisset.
545 1295 658 1368 Ego
695 1312 849 1359 vero,
899 1296 993 1367 qui
1034 1295 1310 1358 festinavi,
1350 1301 1412 1349 ut
1450 1295 1729 1350 Caesarem
1774 1294 1831 1348 in
1870 1291 2030 1347 Italia

192 1394 460 1459 viderem,
513 1394 614 1468 (sic
646 1393 791 1450 enim
837 1391 1257 1466 arbitrabamur)
1310 1409 1571 1465 eumque,
1626 1391 1815 1447 multis
1865 1390 2023 1446 hone·

190 1494 451 1552 st‘iss'imis·
464 1493 598 1550 viris
622 1493 952 1550 conservatis
967 1534 981 1558 ,
1007 1492 1323 1548 redeuntem
1339 1535 1354 1557 ,
1387 1491 1464 1548 ad·
1481 1508 1667 1566 pacem
1686 1499 2029 1555 mittentem,

197 1601 260 1653 ut
284 1595 479 1662 -aiunt,
519 1594 830 1657 incitarem:
870 1593 936 1649 ab
970 1593 1060 1650 illo
1098 1593 1410 1667 longissime
1441 1600 1504 1650 et·
1527 1593 1743 1650 aberam
1774 1599 1833 1651 et·
1861 1591 2025 1649 abfui.

197 1694 417 1754 Multa·
437 1695 647 1753 eum-in
676 1694 810 1751 Asia
833 1693 1152 1751 dicebantur
1182 1694 1409 1759 morari,
1448 1694 1684 1750 maxime
1710 1693 2029 1750 Pharnaces.

199 1795 400 1854 Itinera
419 1801 455 1836 θ’
482 1796 568 1861 ita·
597 1794 853 1862 faciebat,
912 1801 974 1851 ut
1011 1794 1212 1851 multos
1249 1794 1364 1852 dies
1403 1795 1459 1850 in
1498 1794 1758 1868 oppidum·
1793 1801 2031 1868 poneret.

187 1896 426 1971 ‘Neque‘
463 1894 573 1953 ulla
604 1895 669 1953 de
701 1895 937 1952 adventu
969 1897 1086 1953 eius
1117 1896 1297 1970 opinio
1335 1902 1477 1959 erat3
1517 1911 1719 1968 neque,
1757 1895 1805 1949 si
1841 1896 1938 1968 qui
1968 1912 2034 1951 er

203 1997 336 2055 Asia
363 1995 652 2054 veniebant
671 2037 686 2061 ,
725 1995 1019 2069 quidquam
1059 1995 1306 2053 auditum
1339 2013 1456 2053 esse
1492 1995 1745 2052 dicebant
1775 1995 1843 2052 de
1880 2011 2036 2069 pace:

203 2098 361 2154 cuius
385 2103 484 2171 ego
508 2112 601 2171 spe
625 2097 682 2152 in
710 2096 847 2152 hanc
875 2096 1119 2153 fraudem
1146 2095 1330 2151 incidi.
1409 2095 1552 2152 Nihil
1578 2095 1854 2162 videbam,
1893 2097 2035 2169 quod

203 2196 531 2271 sperandum
578 2202 855 2269 putarem,
914 2203 1030 2252 tum
1076 2197 1393 2269 praesertim
1411 2238 1424 2261 ,
1476 2211 1645 2267 quum
1685 2213 1747 2252 ea
1785 2195 1942 2269 plaga
1981 2197 2036 2251 in

199 2297 334 2355 ⁴Asia
359 2326 365 2334 =
389 2304 530 2356 esset
581 2303 828 2371 accepta,
882 2298 938 2352 in
990 2297 1233 2371 Illyrico,
1282 2298 1338 2352 in
1377 2297 1628 2353 Cassiano
1678 2298 1920 2369 negotio,
1980 2299 2035 2351 iu

205 2397 709 2472 ipsa-Alexandria,
763 2400 818 2453 in
858 2397 1026 2462 Urbe,
1079 2398 1134 2452 in
1179 2396 1350 2452 ltalia.
1444 2400 1532 2458 26.
1573 2395 1835 2452 Interim⁸
1874 2398 2033 2452 Anto·

205 2499 334 2555 nius
378 2500 551 2556 vietor
587 2516 617 2555 e
662 2498 935 2555 Thessalia
974 2497 1321 2553 Brundisium
1360 2513 1486 2552 cum
1525 2496 1822 2568 legionibus
1862 2514 2036 2553 rever·

196 2600 282 2655 tit.
351 2598 613 2655 Gustarat
638 2604 662 2638 ⁷
698 2598 911 2654 civilem
953 2598 1301 2669 sanguinem,
1340 2597 1422 2653 vel
1455 2599 1635 2670 potius
1662 2598 2032 2655 exsorbuerat:

194 2698 375 2758 &uerat
422 2700 479 2755 in
519 2700 634 2756 acie
679 2698 986 2754 Pharsalica
1024 2699 1440 2770 antesignanus:
1481 2697 1539 2752 L.
1570 2698 1892 2764 Domitium,
1931 2701 2034 2755 cla·

197 2801 481 2856 rissimum
550 2806 605 2857 et
657 2799 1049 2854 nobilissimum
1097 2800 1306 2863 virum,
1371 2797 1667 2854 occiderat:
1732 2800 2036 2873 multosque

197 2906 506 2973 praeterea,
545 2901 640 2973 qui
679 2900 744 2956 de
783 2900 990 2973 praelio
1015 2899 1345 2972 effugerant,
1384 2916 1526 2971 quos*
1556 2900 1774 2966 Caesar,
1815 2909 1876 2957 ut
1907 2919 2035 2957 non-

200 3000 374 3058 nullos
396 3044 411 3068 ,
451 3001 676 3057 fortasse
710 3008 1004 3067 servasset,
1042 3001 1414 3057 crudelissime
1454 3008 1770 3073 persecutus
1804 3003 2037 3058 trucida-

202 3107 306 3159 rat.
397 3101 520 3158 Me⁸
580 3119 684 3157 non
743 3102 956 3157 occidit.
1008 3138 1011 3143 ·
1056 3103 1307 3175 Magnum
1361 3102 1698 3157 beneficium.
1798 3105 2040 3159 Potuisse

263 3321 304 3379 ⁸)
335 3317 389 3364 ad
422 3319 647 3364 Att.xvl.
681 3322 753 3364 15.
786 3321 873 3378 §3.
905 3345 964 3353 -·
998 3323 1036 3380 ¹)
1067 3319 1206 3383 Epist.
1233 3319 1287 3364 ad
1320 3323 1363 3366 C.
1382 3320 1574 3365 Cassium
1608 3319 1682 3377 (ad
1702 3323 1819 3366 Fam.
1848 3325 1936 3366 XV.
1970 3326 2038 3367 15.

207 3398 317 3459 §3·)
346 3421 407 3432 -
437 3397 478 3456 ³)
508 3396 562 3442 ad
582 3401 672 3442 Att.
702 3399 774 3442 Χι.
809 3399 880 3441 21.
918 3398 1002 3455 52.
1036 3425 1094 3431 -
1127 3401 1169 3459 4)
1203 3398 1311 3443 lbid.
1333 3402 1406 3443 XI.
1434 3402 1506 3443 22.
1542 3401 1626 3457 §2-
1661 3427 1718 3433 -
1751 3402 1791 3459 ⁵)
1822 3399 1932 3445 lbid.
1964 3405 2040 3446 xi.

208 3477 287 3520 16.
318 3474 405 3531 §1-
432 3499 492 3514 2-
524 3477 567 3536 6)
599 3474 781 3536 Philipp.
803 3478 857 3520 ll.
883 3491 925 3522 c.
943 3479 1016 3521 24.
1042 3478 1158 3535 §59.
1193 3503 1250 3511 —
1283 3478 1333 3535 7).
1356 3476 1519 3522 lbid.c.
1539 3479 1610 3521 29.
1634 3478 1746 3536 §u
1782 3503 1837 3511 —
1871 3480 1911 3536 8)
1936 3477 2040 3523 thid.

209 3567 245 3595 e.
265 3553 338 3596 21.
372 3552 397 3609 §
416 3555 486 3597 59.
