2158 4030
365 268 367 271 ,
417 223 533 296 1..1.
577 223 803 279 cxxx.
846 221 978 295 §97
1019 253 1093 262 -—
1132 222 1385 277 cxxxi
1428 222 1468 296 g
1499 228 1617 279 100.
1858 231 1925 282 45

86 359 88 365 '
115 378 259 428 certe
290 375 461 430 secuti
486 389 689 430 sumus·
742 371 1004 445 Equidem
1023 379 1077 428 et
1098 371 1368 427 Platonem
1389 374 1666 439 existimo,
1693 374 1737 428 si
1761 390 1930 445 genus

113 472 321 529 forense
350 464 560 529 dicendi
601 478 833 531 tractare
864 473 1117 528 voluisset
1138 514 1153 538 ,
1194 473 1510 544 gravissime
1542 480 1597 530 et
1634 474 1931 546 copiosissi-

112 586 198 628 me
235 572 470 645 potuisse
508 571 713 638 dicere,
764 579 819 628 et
851 573 1288 638 Demosthenem,
1340 574 1385 627 si
1420 573 1539 638 illa,
1578 590 1716 645 quae
1751 590 1784 628 a
1816 574 1929 629 Pla-

104 667 234 728 tone
276 671 566 739 didicerat,
619 674 879 730 tenuisset
921 680 976 729 et
1013 675 1363 747 pronuntiare
1408 673 1691 739 voluisset,
1743 681 1931 731 ornate

30 799 31 802 ¹
102 771 485 846 :splendideque
516 772 690 830 facere
714 774 965 847 potuisse.
1043 773 1349 846 Eodemque
1374 773 1531 828 modo
1555 773 1620 829 de
1647 774 1930 828 Aristotele

102 878 162 927 et
199 868 432 929 Isocrate
464 873 669 930 iudico:
711 889 938 947 quorum
972 880 1226 947 uterque,
1265 890 1363 929 suo
1394 873 1574 930 studio
1602 872 1928 939 delectatus,

100 974 426 1046 contempsit
457 973 703 1029 alterum.

176 1149 364 1209 xxxl.
444 1154 532 1208 99.
572 1147 714 1206 Nos¹
746 1151 801 1205 in
828 1149 1005 1206 forum
1037 1151 1283 1206 venimus
1302 1193 1316 1216 ,
1343 1166 1510 1223 quum
1538 1151 1761 1207 Crassus
1786 1156 1927 1206 esset

95 1257 377 1315 mortuuS,
415 1250 568 1306 Cotta
592 1249 807 1322 pulsuS,
847 1249 1047 1304 iudicia
1074 1251 1381 1305 intermissa
1407 1250 1573 1316 bello,
1613 1251 1926 1307 florescente

31 1386 34 1394 ι
99 1349 414 1414 Hortensio;
465 1350 559 1423 qui
579 1355 600 1388 ²
633 1366 758 1406 suos
790 1349 933 1405 inter
963 1349 1210 1422 aequales
1242 1350 1310 1405 M.
1346 1350 1623 1415 Pisonem,
1671 1351 1740 1405 M.
1775 1351 1925 1409 Cras·

94 1466 251 1518 sum,
307 1449 400 1508 Cn.
426 1448 742 1516 Lentulum,
792 1449 851 1506 P.
886 1449 1172 1506 Lentulum
1208 1449 1403 1506 Suram
1433 1450 1589 1524 longe
1625 1452 1924 1524 praestitit:

19 1626 21 1633 Α
92 1557 165 1615 ,et
183 1566 271 1608 me
301 1550 690 1608 adolescentem
723 1557 915 1607 nactus
946 1558 1066 1607 octo
1091 1552 1248 1607 annis
1279 1552 1573 1619 minorem,
1613 1569 1776 1626 quam
1809 1559 1927 1609 erat

19 1652 21 1716 ἕ
97 1652 235 1725 ipse,
260 1651 464 1719 multos
490 1668 657 1708 annos
684 1652 741 1706 in
769 1651 941 1707 stadio
968 1651 1209 1708 eiusdem
1229 1651 1405 1709 laudis
1432 1654 1690 1709 exercuit.
1750 1653 1883 1709 Erat
1902 1659 1924 1692 ⁸

17 1802 20 1816 ,
95 1752 410 1819 Hortensius
436 1752 500 1810 vin
545 1752 710 1820 bello,
747 1754 922 1827 primo
949 1771 1088 1809 anno
1121 1753 1304 1819 mileS,
1344 1754 1512 1810 altero
1540 1755 1792 1810 tribunus
1823 1756 1920 1811 mi·

18 1854 19 1862 ’
92 1853 279 1918 litum;
316 1853 588 1927 Sulpicius
625 1854 833 1927 legatus
871 1854 1083 1920 aberat,
1124 1857 1287 1911 etiam
1326 1856 1393 1910 M.
1436 1857 1735 1919 Antonius3
1772 1872 1920 1912 exer·

16 1954 17 2029 f
71 1953 317 2022 sebatur
359 1971 468 2012 una
512 1955 628 2028 lege
673 1955 937 2012 iudicium
975 1957 1166 2023 Varia,
1214 1957 1409 2012 ceteris
1453 1965 1671 2029 propter
1721 1956 1919 2013 bellum

92 2055 442 2111 intermissis:
483 2056 576 2128 qui
603 2054 908 2128 frequentes
948 2056 1199 2121 aderant,
1239 2074 1565 2129 quamquam
1597 2074 1694 2129 pro
1726 2074 1783 2112 se
1817 2058 1919 2131 ipsi

93 2154 340 2214 (licebant
353 2161 613 2221 oratoreS,
635 2173 740 2211 non
761 2156 838 2210 illi
860 2156 1076 2228 quidem
1091 2157 1361 2228 principes
1374 2197 1390 2221 ,
1409 2156 1467 2210 L.
1484 2156 1765 2211 Memmius
1785 2165 1840 2213 et
1855 2159 1915 2227 Q.

92 2255 401 2329 Pompeius,
428 2255 521 2312 sed
534 2262 770 2312 oratores
790 2263 970 2312 tamen
985 2298 1002 2323 ‚
1027 2263 1165 2311 teste
1185 2254 1385 2311 diserto
1407 2263 1633 2328 uterque
1652 2257 1914 2331 Philippo.

93 2359 217 2412 100.
257 2354 497 2428 Reliqui,
549 2356 641 2428 qui
693 2362 811 2411 tum
854 2356 1126 2428 principes
1165 2354 1618 2420 numerabantur,
1659 2356 1714 2410 in
1748 2359 1915 2429 magi·

88 2455 346 2521 stratibus
371 2462 554 2522 erant,
575 2456 917 2529 quotidieque
938 2455 1046 2512 sere
1067 2473 1098 2511 a
1118 2456 1270 2511 nobis
1285 2456 1340 2510 in
1361 2456 1708 2526 concionibus
1734 2457 1915 2515 audie·

10 2584 11 2588 ¹
83 2557 297 2618 bantur.
373 2557 506 2615 Erat
543 2557 687 2613 enim
725 2557 977 2613 tribunus
1015 2556 1183 2629 plebis
1229 2563 1347 2611 tum
1391 2556 1447 2611 C.
1481 2556 1675 2622 Curio,
1727 2575 1911 2630 quam·

62 2670 246 2732 'quam
277 2659 324 2715 is
355 2658 573 2732 quidem
606 2659 823 2724 silebat,
862 2665 926 2714 ut
963 2664 1080 2714 erat
1112 2656 1274 2712 semel
1308 2673 1339 2711 a
1373 2656 1629 2712 concione
1660 2659 1912 2716 universa

45 2738 50 2741 ἢ
85 2758 330 2820 relictus:
371 2759 431 2829 Q.
460 2759 702 2816 Metellus
734 2760 912 2825 Celer,
953 2775 1058 2813 non
1091 2757 1180 2812 ille
1212 2755 1429 2829 quidem
1461 2763 1671 2822 orator,
1710 2759 1804 2814 sed
1832 2767 1910 2816 ta·

85 2876 354 2921 mennon
399 2858 602 2916 infans:
656 2859 844 2916 diserti
883 2865 1065 2915 autem
1114 2858 1173 2926 Q.
1211 2857 1435 2921 VariuS,
1488 2857 1542 2911 C.
1578 2857 1774 2925 Carbo,
1814 2861 1907 2916 Cn.

0 3026 2 3039 J
83 2959 429 3035 Pomponium
478 2940 534 3018 et
573 2963 629 3018 hi
667 2962 885 3035 quidem
923 2959 1236 3017 habitabant
1276 2959 1335 3013 in
1369 2958 1575 3013 rostris,
1655 2959 1709 3014 C.
1744 2962 1908 3017 etiam

0 3106 3 3133 η,
83 3058 293 3128 Iuliae,
328 3061 514 3119 aedilis
565 3063 799 3128 curulis,
851 3061 1090 3134 quotidie
1136 3059 1246 3115 fere
1291 3064 1573 3114 accuratas
1625 3061 1906 3117 conciones

0 3141 30 3233 3¹
82 3157 322 3239 habebat·-
401 3162 504 3219 Sed
529 3180 616 3219 me
648 3163 1059 3236 cupidissimum
1087 3159 1340 3216 audiendi
1371 3160 1580 3232 primus
1607 3159 1755 3215 dolor
1785 3178 1902 3234 pcr-

78 3261 276 3327 cussit,
303 3262 453 3318 Cotta
479 3281 647 3335 quum
667 3269 749 3319 est
768 3262 1037 3336 expulsus
1080 3262 1330 3333 Reliquos
1351 3259 1657 3332 frequenter
1677 3262 1902 3317 audiens

79 3362 336 3418 acerrimo
387 3363 563 3418 studio
609 3364 828 3420 tenebar
867 3363 1210 3437 quotidieque
1249 3368 1303 3417 ct
1341 3361 1580 3416 scribens
1619 3368 1674 3417 et
1717 3362 1899 3434 legens

141 3519 180 3575 ι)
209 3519 330 3562 mut.
351 3533 387 3564 ο.
405 3520 474 3563 88.
505 3519 647 3576 §eoa
681 3545 738 3553 -
771 3520 811 3578 2)
843 3517 951 3565 lbid.
981 3535 1015 3563 c.
1035 3521 1105 3563 64.
1138 3519 1282 3576 §aso
1317 3542 1372 3551 —
1405 3508 1893 3577 5*)1bjd.c.89.§304.
