2210 3970
301 247 405 298 762
764 253 1091 293 IANNVALES
1150 255 1658 296 mentiosum.

307 435 311 439 Α
368 388 511 432 Livius
547 386 659 446 Epit.
704 388 804 429 115.
858 386 1019 428 Caesar
1065 393 1280 445 quattuor
1320 386 1568 446 triumphos
1617 387 1748 431 duxit
1779 408 1797 440 ,·
1844 404 1898 432 ea:
1947 390 2126 446 Gallia,

309 483 365 510 ex
397 467 592 524 Aegypto
611 496 623 517 ,
669 479 724 506 ea:
755 463 928 514 Ponto,
961 479 1016 506 ea·
1048 462 1220 519 Africa.
1284 463 1485 522 Epulum
1518 472 1562 508 et
1593 466 1733 509 omnis
1761 467 1934 526 generis
1961 476 2130 527 specta-

307 542 410 587 cula
443 540 577 585 dedit.
640 540 755 585 Conf.
799 543 975 584 Sueten.
1015 542 1130 583 Caes.
1162 556 1199 583 c.
1233 543 1304 584 37.
1371 541 1558 586 Velleius
1593 556 1642 587 Π.
1676 559 1713 587 c.
1743 547 1816 588 56.
1880 544 2032 588 Florus
2067 558 2131 590 lv.

310 637 358 665 c:
377 624 418 664 2.
454 622 524 663 88.
590 622 704 662 Oros.
742 632 812 662 vl.
853 634 889 661 c.
921 622 991 662 16.
1057 618 1134 662 Dio
1159 631 1289 662 nm.
1325 635 1359 662 c.
1392 621 1460 662 19.
1527 620 1707 681 Appian.
1736 624 1780 664 B.
1809 624 1852 665 C.
1882 635 1930 666 11.
1964 637 1999 665 c.
2030 626 2132 666 101.

304 696 528 742 Plutarch.
563 699 674 741 Caes.
707 713 744 741 c.
763 700 835 740 56.
899 698 1048 738 Zonar.
1077 706 1120 738 x.
1156 710 1192 737 c.
1213 699 1284 740 10.
1348 700 1523 742 Sueten.
1558 701 1668 743 Caes.
1697 715 1733 742 e.
1754 701 1825 742 40.
1894 700 2133 742 Conversus

313 776 412 819 hino
460 774 521 818 ad
550 774 838 818 ordinandum
873 772 1158 833 Reipublicae
1195 779 1389 829 statam,
1424 775 1584 832 fastos
1613 778 1806 820 correxit
1839 803 1928 821 —.
1992 793 2028 821 c.
2061 780 2134 820 41.

311 855 523 897 Senatum
540 852 789 912 supplevit,
819 851 1036 911 patricios
1054 849 1247 909 adlegit:
1264 861 1547 911 praetorum,
1564 854 1776 898 aedilium
1789 887 1802 910 ‚
1831 862 2136 914 quaestorum,

310 931 528 974 minorum
555 931 688 974 etiam
720 930 1064 989 magistratuum
1095 943 1322 972 numerum
1349 929 1595 988 ampliavit.
1628 957 1687 964 —
1723 933 1910 975 Comitia
1932 948 2030 974 cum
2053 947 2136 991 po-

304 1009 418 1070 pulo
446 1009 652 1069 partitus
686 1015 778 1050 est:
825 1014 903 1061 ut,
948 1007 1144 1065 exceptis
1182 1005 1439 1049 consulatus
1481 1007 1868 1067 competitoribus,
1912 1008 1964 1051 de
1995 1016 2135 1051 cetero

311 1102 489 1129 numero
517 1083 877 1139 candidatorum,
903 1099 988 1143 pro
1006 1090 1142 1143 parte
1169 1081 1356 1126 dimid-ia
1374 1116 1386 1138 .,
1420 1100 1529 1144 quos
1539 1085 1736 1145 populus
1756 1086 1913 1141 vellet,
1937 1103 2137 1146 pronun-

309 1164 536 1208 tiarentur
551 1186 568 1218 ,·
592 1180 680 1224 pro
705 1170 842 1223 parte
869 1161 1038 1215 altera,
1071 1176 1181 1220 quos
1207 1161 1304 1221 ipse
1327 1160 1550 1206 edidisset.
1584 1189 1644 1196 —
1676 1163 1853 1206 Indicia
1879 1163 1940 1206 ad
1953 1163 2038 1206 duo
2061 1179 2136 1224 ge·

308 1257 417 1285 nera
438 1241 637 1286 iudicum
664 1239 856 1299 redegit‚
890 1239 1108 1298 equestris
1136 1237 1306 1281 ordinis
1333 1254 1384 1281 ao
1411 1241 1651 1284 senatorii.-
1685 1240 1885 1284 tribunos
1912 1237 2138 1296 aerarios,

312 1319 430 1379 quod
458 1328 554 1366 erat
597 1319 805 1373 tertium,
849 1316 1051 1360 sustulit.
1079 1323 1160 1359 cet.
1194 1341 1252 1352 —
1283 1331 1318 1359 c.
1350 1319 1420 1360 76.
1469 1319 1563 1362 Non
1601 1319 1782 1362 honores
1813 1319 1937 1362 modo
1976 1320 2140 1363 nimios

312 1399 504 1458 recepit,
546 1405 599 1441 ut
641 1396 896 1440 continuum
928 1393 1238 1448 consulatum,
1267 1401 1526 1454 perpetuam
1557 1395 1856 1452 dictaturam,
1880 1396 2139 1458 praefectu-

312 1492 493 1536 ramque
519 1491 687 1518 morum
705 1507 718 1528 ‚
766 1474 950 1533 insuper
973 1487 1240 1532 praenomen
1270 1472 1578 1533 imperatori3‚
1621 1489 1852 1535 cognomen
1876 1475 2030 1534 patris
2052 1491 2139 1535 pa·

308 1553 449 1607 t1·iae‚
494 1561 691 1597 statuam
723 1555 840 1597 inter
878 1569 1027 1613 reges,
1076 1556 1333 1610 suggestum
1369 1550 1417 1593 in
1444 1552 1693 1595 orchestra:
1741 1550 1821 1594 sed
1845 1559 1888 1594 et
1920 1551 2139 1612 ampliora

313 1631 448 1673 etiam
472 1630 660 1674 humano
683 1631 886 1690 fastigio
915 1629 1087 1673 decerni
1104 1629 1192 1673 sibi
1215 1645 1384 1689 passus
1410 1638 1500 1673 est:
1533 1637 1613 1673 cet.
1679 1631 1756 1673 Dio
1787 1643 1918 1674 xtnl.
1949 1647 1983 1674 c.
2005 1634 2076 1675 14.
2095 1634 2137 1674 1.
2204 1668 2210 1676 ,

310 1714 509 1771 Καῖσαρ
538 1708 623 1770 μὲν
657 1714 809 1756 ταῦτά
843 1727 893 1754 τε
925 1709 1104 1770 πράξας
1137 1735 1197 1742 —-
1232 1710 1289 1754 τά
1324 1726 1375 1753 τε
1411 1708 1534 1753 ἄλλα
1563 1711 1620 1754 τά
1652 1707 1703 1754 ἒν
1737 1713 1792 1768 τῇ
1830 1712 2044 1771 Ἀφρικῇ
2077 1734 2139 1743 —·

312 1794 617 1846 καταστήσας
645 1816 702 1823 —
740 1788 788 1841 ἐς
819 1789 903 1847 τήν
934 1787 1121 1846 Ῥώμην
1154 1785 1420 1845 ἐκομίσθη,
1476 1786 1531 1832 τὸ
1569 1786 1655 1848 μὲν
1698 1790 1926 1834 πλεῖστον
1965 1786 2046 1834 ἐπὶ
2084 1792 2139 1847 τῇ

314 1870 405 1915 τῶν
435 1870 581 1932 ἔργων
611 1871 944 1930 λαμπρότητι,
992 1867 1082 1925 ἤδη
1115 1865 1168 1912 δὲ
1198 1870 1279 1911 καὶ
1314 1867 1395 1912 ἐπὶ
1430 1875 1533 1919 τοῖς
1567 1872 1623 1926 τῇ
1657 1867 1804 1928 βουλῇ
1846 1869 2021 1919 δόξασι
2053 1885 2141 1929 με-

314 1952 789 2012 γαλοφρονούμενος·
837 1947 1193 2008 τεσσαράκοντά
1227 1963 1277 1990 τε
1308 1951 1396 2007 γαρ
1424 1946 1599 2007 ἡμέρας
1632 1947 1712 1994 ἐπὶ
1747 1952 1804 2007 τῇ
1840 1953 1950 2011 νίκῃ
1981 1949 2138 1995 αὐτοῦ
2208 1985 2210 1989 ⁴

311 2031 460 2075 θύειν
489 2028 695 2091 ἔγνωσαν
717 2055 772 2063 --
796 2060 807 2070 .
872 2032 917 2073 4.
954 2027 1054 2071 Τῶν
1071 2043 1120 2071 τε
1144 2027 1335 2084 τρόπων
1353 2025 1444 2069 τῶν
1469 2025 1674 2072 ἑκάστου
1696 2026 1960 2086 ἐπιστάτην
1983 2027 2063 2086 (οὕ
2075 2045 2138 2074 τω

316 2110 403 2171 γάρ
433 2125 531 2160 πως
556 2107 818 2168 ὠνομάσθη
853 2107 1011 2168 ὥσπερ
1031 2105 1121 2151 οὐκ
1143 2104 1278 2155 ἀξίας
1301 2105 1453 2150 αὐτοῦ
1476 2108 1558 2161 τῆς
1584 2110 1670 2150 τοῦ
1699 2111 1904 2166 τιμητοῦ
1934 2108 2146 2169 nono-922¹-

315 2205 433 2241 σεως
463 2188 633 2246 οὔσης)
661 2187 711 2239 ἐς
745 2191 857 2248 τρία
889 2187 948 2232 αὖ
961 2186 1040 2231 τὸν
1068 2184 1151 2243 ἔτη
1179 2188 1259 2230 καὶ
1287 2185 1552 2246 δικτάτορα
1581 2182 1628 2235 ἐς
1656 2185 1773 2230 δέκα
1798 2185 1966 2245 ἑφεξῆς
1992 2187 2145 2243 εἵλον-

317 2286 385 2314 το.
420 2295 479 2302 -
513 2271 638 2312 ο.19.
669 2272 710 2312 1.
743 2268 883 2312 Μετὰ
918 2264 970 2311 δὲ
1013 2265 1073 2324 δή
1114 2270 1264 2313 τοῦτο
1308 2269 1366 2312 τά
1416 2283 1466 2311 τε
1512 2264 1636 2310 ἄλλα
1681 2268 1935 2329 λαμπρῶς,
1985 2267 2145 2330 ὥσπερ

313 2346 445 2399 εἰκὸς
493 2346 575 2392 ἐπί
619 2364 669 2392 τε
701 2350 966 2398 τοσαύταις
1009 2349 1089 2391 καὶ
1134 2350 1455 2405 τηλικαύταις
1489 2348 1589 2405 ἅμα
1627 2349 1787 2398 νίκαις
1819 2340 1901 2405 ἢν,
1955 2345 2141 2403 ἐποίει,

319 2431 401 2473 καὶ
431 2427 489 2472 τά
526 2426 745 2472 ἐπινίκια
782 2426 874 2471 τῶν
908 2443 958 2471 τε
986 2427 1226 2471 Γαλατῶν
1254 2430 1335 2472 καὶ
1370 2429 1452 2483 τῆς
1476 2427 1726 2489 Αἰγύπτου
1761 2430 1846 2472 τοῦ
1882 2443 1932 2471 τε
1959 2427 2143 2488 Φαρνά-

319 2523 406 2552 κου
438 2509 518 2550 καὶ
554 2510 639 2550 τοῦ
672 2504 841 2564 ’Ῑόβου
877 2509 1080 2566 τετραχῇ
1116 2510 1269 2566 χωρὶς
1303 2504 1562 2566 τέσσαρσιν
1595 2504 1795 2566 ἡμέραις
1829 2503 2055 2564 ἔπεμψεν.
2085 2530 2147 2539 —-
2192 2519 2194 2522 ·

320 2600 358 2629 e.
378 2588 450 2628 25.
486 2588 527 2628 1.
564 2586 727 2630 Ταῦτά
754 2601 804 2630 τε
831 2586 930 2644 ἅμα
956 2584 1221 2645 ἐπράττετο
1240 2619 1252 2637 ,
1289 2587 1371 2629 καὶ
1400 2582 1742 2644 ἑνομοθετεῖτο
1773 2586 1941 2629 πολλά.

399 2712 461 2788 (⁵)
503 2713 718 2778 CicerO,
776 2730 964 2768 carens
1012 2713 1111 2767 hoe
1163 2719 1406 2783 tempore
1443 2711 1630 2765 multis
1678 2710 2150 2776 familiarissimis,

320 2814 517 2886 quihus
569 2832 636 2869 ne
681 2814 910 2884 henigne
950 2813 1165 2886 quidem
1210 2813 1448 2885 polliceri
1482 2819 1722 2884 poterat,
1763 2812 1864 2866 sibi
1902 2813 2013 2884 ipse
2047 2811 2150 2866 dis·

321 2907 581 2987 plicebat,
642 2933 967 2987 quamquam
1024 2916 1262 2970 Caesaris
1316 2914 1531 2986 quidem
1576 2912 1967 2967 humanitatem
2023 2930 2151 2984 erga
2204 2894 2210 2907 ’

239 3040 243 3044 ’
323 3033 380 3070 se
421 3016 707 3070 obtinebat.
768 3034 840 3071 1x.
882 3034 928 3070 e.
969 3021 1053 3071 15.
1096 3021 1164 3070 57
1201 3033 1313 3087 sqq.
1404 3014 1501 3069 Cui
1549 3014 1903 3085 amplissimas
1940 3031 2150 3086 quoque
2187 3062 2193 3071 ..

325 3118 382 3170 in
424 3123 614 3171 senatu
659 3118 860 3188 gratias
901 3117 1036 3187 egit,
1092 3116 1232 3187 quod
1282 3114 1353 3169 M.
1394 3113 1642 3168 Marcello
1675 3112 1910 3168 reditum
1957 3114 2013 3167 in
2061 3131 2151 3186 pa·
2190 3115 2192 3118 ’

322 3218 486 3271 triam
539 3219 895 3288 permisisset;
949 3218 1041 3288 qui
1090 3218 1145 3270 in
1199 3215 1334 3270 hello
1395 3214 1538 3269 civili
1586 3215 1821 3286 partium
1879 3215 2150 3285 Pompeia-

325 3334 517 3371 narum
541 3316 714 3370 fuerat
737 3324 817 3380 et,
857 3318 998 3371 victo
1020 3317 1299 3387 Pompeio,
1322 3317 1377 3369 in
1411 3315 1686 3370 Graeciam
1716 3313 1983 3386 profectus
2017 3316 2145 3368 otio-

322 3434 414 3471 sus
448 3418 501 3469 in
534 3416 730 3470 litteris
765 3417 986 3470 vixerat.
1030 3434 1097 3470 1x.
1139 3434 1184 3470 e.
1212 3421 1297 3469 14.
1333 3421 1421 3471 40.
1464 3434 1511 3473 ο.
1541 3419 1626 3471 16.
1668 3420 1755 3469 47.

377 3517 521 3561 Livius
549 3516 660 3578 Epit.
682 3519 785 3563 115.
819 3518 1025 3576 (Caesar)
1044 3518 1100 3562 M.
1120 3516 1327 3560 Marcello
1345 3516 1571 3561 consulari
1587 3549 1600 3573 ,
1633 3522 1789 3559 senatu
1815 3521 2021 3575 rogante,
2049 3512 2142 3558 red·
