2210 3970
510 228 674 287 L.1x.
718 231 895 284 0.XV.
941 231 1071 303 §44
1113 259 1185 268 --
1225 228 1456 284 c.xv11.
1501 231 1651 303 §48-
1888 229 1993 284 415
2064 211 2066 213 ’

173 392 282 446 tas;
320 383 426 446 sie,
466 398 528 437 ea
562 397 705 436 nunc
738 382 971 446 amissa,
1011 378 1358 451 nibilloquh
1401 380 1541 452 quod
1580 378 1871 435 offenderet
1903 388 2002 435 aut

173 483 318 539 illius
350 488 444 537 aut
471 496 686 546 eorum,
721 481 814 553 qui
843 480 909 535 ab
938 479 1027 535 illo
1058 478 1442 551 diligebantur,
1483 479 1830 537 voluntatem.
1911 484 2001 535 46.

174 581 425 653 Effugere
474 586 657 635 autem
697 581 743 634 si
775 579 1062 635 voluissem
1102 579 1482 635 nonnullorum
1516 588 1674 636 acute
1706 587 1801 635 aut
1833 579 2003 636 facete

175 681 444 737 dictorum
482 678 858 747 offensionem,
898 680 1039 737 sama
1065 682 1265 753 ingenii
1298 680 1434 736 mihi
1462 680 1652 736 fuisset
1676 681 2004 737 abiicienda:

173 781 315 853 quod
353 781 400 836 si
428 781 753 853 potuissem,
793 798 899 836 non
938 797 1288 837 recusassem.
1368 780 1472 837 Sed
1512 788 1693 837 tamen
1735 783 1849 855 ipse
1875 784 2004 840 Cae·

173 897 269 937 sar
306 879 534 936 babebat
570 897 791 954 peracre
824 880 1119 945 iudicium;
1158 897 1318 954 quem
1357 880 1641 938 audiebam
1661 923 1677 948 ‚
1715 897 1886 954 quum
1918 899 2008 938 vo·

173 980 381 1037 lumina
417 982 525 1039 iam
572 982 890 1038 confecisset
938 985 1396 1053 ἀποφθεγμάτων,
1455 983 1501 1037 si
1541 982 1683 1055 quod
1722 983 2010 1039 afferretur

176 1080 246 1137 ad
282 1098 407 1138 enm
445 1088 542 1155 pr'o
564 1099 723 1149 meo,
774 1082 917 1155 quod
956 1098 1142 1137 meum.
1176 1098 1282 1137 non
1328 1089 1498 1147 esset,
1550 1083 1773 1141 reiicere
1812 1083 2010 1146 solere:

173 1181 316 1266 quod
347 1198 410 1238 eo
434 1184 612 1255 magis
641 1182 898 1248 faciebat,
937 1184 1064 1255 quia
1095 1181 1346 1237 vivebant
1379 1198 1592 1237 mecum
1626 1181 1737 1238 sere
1768 1182 2010 1256 quotidie

165 1280 337 1362 ‘illius'
354 1279 662 1338 familiares
743 1282 1056 1338 incidebant
1076 1288 1259 1337 antem
1287 1282 1343 1336 in
1368 1298 1615 1336 sermone
1639 1284 1791 1337 vario
1812 1284 2010 1349 multa,

176 1380 590 1455 quan-fortasse,
620 1382 727 1437 illis
755 1398 923 1454 quum
946 1382 1215 1446 dixeram,
1248 1396 1348 1436 nec
1376 1381 1654 1438 illitterata
1680 1399 1780 1438 nec
1806 1384 2016 1441 insulsa

176 1496 294 1539 eme
323 1480 661 1538 riderentur.
740 1481 885 1537 Haec
923 1480 990 1536 ad
1036 1480 1190 1535 illum
1227 1495 1354 1535 cum
1400 1479 1624 1552 reliquis
1661 1483 1800 1538 actis
1844 1484 2015 1556 perse-

177 1580 468 1638 rcbantur:
508 1582 600 1637 ‘ita
648 1580 795 1638 euim
843 1582 957 1654 ipse
1001 1580 1368 1636 mandaverat.
1459 1580 1548 1636 Sic
1589 1581 1783 1649 fiebat,
1831 1591 1927 1651 ut,
1966 1586 2013 1640 si

128 1675 130 1678 ’
180 1681 311 1755 quid
335 1687 623 1756 praeterea
651 1680 719 1737 de
737 1698 824 1737 me
855 1680 1099 1746 audiret,
1132 1698 1237 1736 non
1258 1681 1587 1738 audiendum
1608 1691 1841 1756 putaret.
1922 1690 2015 1742 4⁷.

180 1783 344 1840 mxv
388 1781 456 1848 de
483 1781 764 1839 Caesare:
824 1797 970 1838 nunc
1019 1782 1199 1838 dicam
1249 1782 1316 1839 de
1367 1790 1671 1856 temporum
1722 1801 2018 1860 rerumque

180 1890 395 1940 natura.
471 1883 638 1942 Nemo
674 1890 791 1939 erat
829 1890 943 1940 tam
990 1885 1245 1940 inimicus
1283 1886 1333 1940 ei
1370 1900 1622 1952 caussae,
1660 1904 1825 1960 quam
1866 1889 2018 1944 Pom·

181 1986 652 2059 peiusanimatus
690 1984 885 2041 melius
928 2002 1091 2058 quam
1130 1994 1353 2059 paratus
1395 1995 1736 2061 susceperat,
1788 1991 1883 2062 qui
1922 2006 2020 2045 nos

183 2085 361 2142 malos:
389 2086 534 2142 cives
572 2085 751 2141 dicere
766 2127 781 2151 ,
814 2092 910 2141 aut
929 2085 1175 2141 homines
1194 2086 1463 2159 improbos
1500 2087 1739 2144 auderet.
1818 2089 1881 2144 ln
1914 2106 2023 2162 quo

185 2186 442 2253 admirari
500 2186 733 2242 solebam
790 2188 1112 2258 gravitatem
1170 2194 1225 2242 ct
1275 2189 1542 2245 iustitiam
1593 2195 1649 2244 et
1699 2190 2019 2262 sapientiam

185 2277 453 2350 Caesari&
492 2302 792 2359 numquam
818 2287 924 2342 nisi
945 2286 1486 2344 honorificentissime
1506 2287 1819 2361 Pompeium
1845 2289 2022 2362 appel·-

186 2387 344 2466 labat.
403 2387 474 2442 At
500 2387 558 2454 in
591 2388 709 2442 eius
735 2403 1016 2459 personam
1050 2388 1221 2443 multa
1250 2387 1378 2443 fecit
1409 2389 1671 2459 asperius
1730 2389 2020 2445 Armorum

188 2489 292 2544 ista
336 2495 393 2544 et
422 2488 681 2544 victoriae
717 2495 847 2543 sunt
886 2487 1057 2554 sacta,
1109 2505 1215 2544 non
1254 2489 1513 2544 Caesaris
1605 2489 1675 2544 At
1707 2505 1804 2544 nos
1836 2505 2022 2562 quem·

187 2586 481 2644 admodum
523 2594 607 2644 est
649 2587 992 2661 complexusl
1090 2588 1333 2644 Cassium
1375 2589 1478 2644 sibi
1521 2589 1740 2661 legavit;
1792 2591 2021 2647 Brutum

187 2686 387 2754 Galliae
424 2686 709 2760 pracfecit,
750 2688 1050 2761 Sulpicium
1084 2689 1365 2752 Graeciae;
1402 2690 1742 2756 Marcellum,
1782 2693 1871 2747 cui
1911 2709 2023 2748 ma-

189 2789 335 2845 xime
367 2789 753 2855 succensebat,
787 2806 913 2846 cum
947 2806 1158 2846 summa
1198 2790 1342 2846 illius
1381 2790 1647 2862 dignitate
1685 2794 1943 2849 restituit.

268 2987 431 3044 xvn.
513 2993 601 3044 48.
642 2989 828 3061 Ergo2
879 2991 935 3044 in
985 2990 1162 3047 officio
1203 2992 1329 3047 boni
1375 2994 1509 3048 civis
1552 3000 1700 3049 certe
1750 3010 1856 3048 non
1899 3010 2023 3049 sum

194 3088 680 3161 reprehendendus
761 3089 851 3146 Sic
889 3093 1034 3147 enim
1074 3094 1227 3149 video
1266 3094 1592 3167 philosophis
1629 3095 1895 3167 placuisse
1927 3097 2026 3161 iis,

195 3190 288 3259 qzui
326 3189 463 3246 mihi
500 3191 598 3246 soli
638 3190 891 3247 videntur
926 3193 1037 3248 vim
1076 3195 1295 3250 virtutis
1335 3202 1552 3259 tenere,
1606 3195 1739 3249 nihil
1782 3212 1896 3251 esse
1941 3213 2024 3252 sa·

260 3469 298 3526 ι)
329 3469 460 3530 Epist.
491 3470 547 3516 ad
579 3475 628 3517 A.
647 3471 871 3519 Caecinam
897 3475 973 3533 (ad
1001 3479 1118 3525 Fam.
1150 3480 1183 3522 V
1191 3481 1218 3523 l.
1245 3480 1284 3522 G.
1322 3478 1458 3537 §100
1495 3503 1548 3511 —-
1585 3481 1625 3537 ·²)
1658 3478 1789 3540 Epist.
1814 3478 1866 3526 ad
1885 3479 2022 3541 Papira

203 3547 382 3592 Paetum
415 3548 487 3607 (ad
522 3552 637 3596 Fam.
667 3554 738 3596 ΙΧ,
773 3555 842 3597 16.
880 3555 983 3612 §5.)
