2210 3970
722 200 752 239 Α
772 201 803 239 Ν
822 201 854 239 Ν
876 202 904 241 υ
925 201 951 239 s
1002 202 1049 239 υ.
1110 202 1156 238 c.
1218 189 1345 242 696.
1842 195 1951 247 675

115 327 435 394 ἀνιώμενος
474 333 721 393 πλεύσῃ·
765 335 847 378 καὶ
885 332 1138 394 προελθὼν
1178 332 1341 386 εὐθὺς
1378 335 1450 387 εἰς
1505 334 1587 380 τὸν
1627 334 1780 396 δῆμον
1824 336 1951 384 ἐκύ-

114 428 236 475 ρωσε
271 413 402 474 νόμῳ
437 409 519 469 τήν
549 409 786 471 ἔκπεμψιν
815 413 902 457 τοῦ
931 413 1179 464 Κάτωνος.
1211 411 1295 458 Cfr.
1328 412 1451 458 Idem
1484 417 1627 475 Pomp.
1661 430 1696 459 c.
1717 418 1789 460 48.
1825 419 1867 460 6.

189 500 276 576 (¹⁹)
317 499 517 555 Eadem
536 498 651 570 lege
673 499 880 554 exsules
906 500 1226 574 Byzantium
1257 501 1639 555 restituuntur.
1682 520 1750 557 iv.
1782 521 1828 558 e.
1853 508 1944 559 52.

114 605 203 658 80.
242 618 288 656 0.
313 604 403 656 55.
445 602 536 654 85.

173 691 257 738 Cic.
285 706 361 754 pro
395 693 526 734 Domo
558 705 635 734 sua
670 706 706 735 c.
734 694 807 735 20.
838 693 910 735 52.
950 693 1012 735 Tu
1046 690 1139 752 lege
1175 707 1265 735 una
1298 690 1481 748 tulisti,
1524 701 1576 737 ut
1613 695 1804 755 Cyprius
1837 712 1942 751 rex,

106 769 237 822 euius
263 768 452 814 maiores
483 766 586 812 huie
622 767 790 829 populo
825 769 937 812 socii
963 777 1098 830 atque
1128 770 1263 814 amici
1293 785 1464 831 semper
1480 768 1708 829 suerunt,
1741 787 1841 815 cum
1870 771 1941 815 bo·

106 847 180 893 uis
206 845 406 892 omnibus
438 843 520 888 sub
555 861 772 905 praecone
800 845 1123 902 subiiceretur,
1171 855 1215 892 et
1242 848 1421 893 exsules
1460 849 1734 911 Byzantium
1765 849 1943 895 reduee-

105 930 272 971 rentur.
339 922 444 968 lbid.
477 937 513 967 c.
543 925 615 966 50.
651 925 753 968 129.
783 940 859 985 pro
894 928 1007 970 Sext.
1040 942 1076 971 c.
1106 928 1179 971 39.
1210 929 1282 970 84.
1330 925 1470 971 Schol.
1507 925 1605 991 Bab.
1636 926 1682 971 in
1715 929 1835 972 Orat.
1866 944 1942 990 pro

106 1000 252 1049 Sextio
271 1017 312 1063 p.
330 1000 446 1046 301.’
466 1000 558 1043 Ηοσ
586 998 807 1060 (exsules)
835 1001 971 1046 etiam
1003 1002 1099 1065 lege
1129 1019 1213 1049 sua
1245 1011 1522 1049 revocaverat
1553 1002 1758 1062 Clodius,
1787 1020 1941 1066 quam-

104 1081 174 1126 vis
199 1078 408 1140 fuissent
437 1077 537 1122 iure
569 1074 781 1122 damnati.
812 1105 871 1114 —
905 1082 1058 1143 Igitur
1089 1110 1148 1119 -—
1182 1084 1373 1145 ingessit
1410 1079 1625 1127 invidiam
1643 1113 1657 1137 ‚
1705 1081 1943 1127 restitutos

106 1165 210 1203 tuno
241 1171 343 1211 eos,
373 1155 454 1218 qui
485 1153 686 1199 damnati
723 1155 918 1217 legitime
935 1159 1131 1220 fuerant
1147 1193 1160 1216 ‚
1193 1178 1331 1222 quum
1357 1162 1454 1223 ipse
1480 1158 1763 1204 indemnatus
1794 1160 1940 1205 Cicero

103 1238 153 1282 in
185 1235 398 1282 exsilium
415 1234 594 1295 suisset
621 1234 798 1279 eiectus.
864 1236 1085 1283 Plutarch.
1110 1241 1201 1282 Cat.
1222 1239 1321 1284 Min.
1340 1255 1375 1285 c.
1394 1242 1468 1284 34.
1498 1241 1539 1283 3.
1572 1242 1656 1288 ’.Ως
1688 1235 1742 1283 δὲ
1765 1237 1942 1300 μικρὸν

26 1334 29 1341 “
108 1314 243 1380 ἔργον
275 1312 407 1375 αὐτῷ
434 1311 666 1372 (Κάτωνι)
698 1313 892 1375 Κύπρον
917 1318 999 1361 καὶ
1027 1317 1337 1378 Πτολεμαῖον
1365 1315 1598 1370 ἀναθεὶς,
1635 1314 1709 1361 ἔτι
1739 1320 1820 1363 καὶ
1845 1321 1938 1361 Bv·

104 1394 308 1448 Cartima
355 1391 572 1458 φυγάδας
624 1393 850 1457 κατάγειν
898 1392 1184 1455 προσέταξε,
1234 1393 1524 1456 βουλόμενος
1573 1397 1654 1443 ὅτι
1704 1400 1938 1445 πλεῖστον

103 1471 278 1538 χρόνον
306 1471 523 1520 ἐκποδὼν
557 1471 790 1535 ἄρχοντος
814 1471 973 1519 αὐτοῦ
1004 1471 1234 1536 γενέσθαι
1272 1473 1357 1519 τὸν
1387 1475 1607 1521 Κάτωνα.

182 1553 268 1631 (²⁰)
294 1545 482 1609 Aliam
535 1551 764 1624 denique
808 1550 980 1624 legem
1035 1552 1160 1607 tulit
1215 1552 1429 1609 Clodius
1481 1553 1547 1610 de
1597 1554 1937 1611 Pessinuntio

101 1640 288 1720 Matris
325 1638 549 1725 Magnae
581 1650 874 1708 sacerdote.
916 1669 984 1707 iv.
1023 1669 1070 1707 e.
1101 1656 1189 1708 52.
1232 1656 1324 1709 80.

109 1797 116 1806 .
164 1745 266 1803 Cic-t
280 1741 336 1790 de
365 1748 552 1806 Harmp.
579 1746 705 1806 Resp.
737 1748 866 1790 c.13.
896 1746 971 1789 28.
1004 1743 1096 1789 Sed
1124 1744 1238 1806 quid
1262 1760 1340 1807 ego
1368 1744 1421 1790 id
1453 1746 1693 1793 admiror?
1725 1750 1832 1810 qui,
1863 1765 1937 1794 ae·

101 1829 230 1885 cepta
248 1821 468 1883 pecunia,
490 1822 804 1868 Pessinuntem
827 1823 1000 1884 ipsum,
1021 1821 1165 1867 sedem
1189 1822 1550 1886 domiciliumque
1573 1828 1737 1871 Matris
1757 1826 1937 1872 deoru-s

103 1899 202 1961 [cfr.
241 1899 398 1947 Strabo
429 1913 514 1947 ΧΠ.
540 1918 580 1963 p.
600 1902 740 1960 390]‚
789 1901 1010 1957 vastaris,
1054 1909 1099 1946 et
1131 1903 1368 1963 Brogitaro
1408 1901 1718 1963 Gallograeeo‚
1761 1904 1936 1965 impuro

75 1991 78 1994 ⁴
102 1979 284 2031 lontini‘
307 1982 375 2030 aa
401 1979 609 2041 nefario,
652 1979 783 2024 euius
817 1977 956 2040 legati
973 2010 986 2035 ‚
1021 1985 1064 2023 te
1096 1980 1306 2037 tribuno,
1338 1979 1534 2026 dividere
1563 1982 1614 2027 in
1646 1981 1754 2027 aede
1783 1983 1935 2027 Casto·

100 2058 167 2124 ris
208 2058 304 2105 tuis
341 2058 487 2120 operis
517 2064 718 2104 nummos
750 2057 977 2115 solebant,
1027 2065 1169 2103 totum
1214 2057 1347 2102 illum
1384 2057 1528 2103 locum
1548 2059 1805 2123 fanumque
1835 2078 1935 2106 ven-

99 2132 306 2195 dideris?
348 2134 616 2181 sacerdotem
648 2135 703 2181 ab
739 2136 856 2199 ipsis
893 2137 989 2180 aris
1021 2134 1426 2198 pulvinaribusque
1460 2135 1747 2182 detraxeris?
1785 2140 1934 2184 omina

99 2213 216 2271 illa,
236 2228 362 2276 'quae
390 2221 592 2260 vetustas
608 2246 622 2271 ‚
655 2229 769 2275 quae
802 2215 964 2258 Persae
980 2246 994 2270 ‚
1027 2229 1142 2274 quae
1175 2214 1283 2276 Syri
1299 2247 1312 2270 ‚
1345 2230 1460 2276 quae
1491 2230 1616 2277 reges
1647 2231 1820 2275 omnes,
1853 2218 1936 2279 qui

98 2293 330 2355 Europam
358 2293 599 2354 Asiamque
625 2298 861 2336 tenuerunt
877 2324 891 2347 ‚
920 2305 1092 2351 semper
1121 2306 1293 2335 summa
1315 2291 1529 2354 relig-ione
1549 2293 1804 2353 coluerunt,
1828 2313 1935 2358 per·

97 2371 327 2417 „mer-is?
357 2397 419 2405 -
453 2368 584 2430 Quod
607 2368 623 2426 (
634 2367 827 2428 fanum)
860 2385 997 2429 quum
1039 2369 1282 2412 Deiotarus
1314 2368 1527 2431 religione
1563 2387 1649 2417 sua
1679 2374 1935 2420 castissime

26 2454 29 2455 ⁷
99 2456 301 2496 tueretur
329 2474 392 2484 --
420 2448 658 2509 Brogitaro
691 2472 752 2481 —
785 2445 1013 2491 addictum
1026 2448 1223 2507 pecunia
1249 2446 1498 2494 tradidisti.
1562 2451 1706 2512 Atque
1729 2452 1842 2497 hanc
1864 2460 1932 2498 ta·

96 2543 195 2575 men
221 2526 484 2572 Deiotarum
513 2550 574 2560 —-
606 2533 657 2569 tu
685 2525 821 2569 etiam
843 2535 1001 2587 regem*
1014 2524 1237 2586 appellari
1262 2541 1361 2570 eum
1394 2526 1631 2587 Brogitaro
1653 2528 1791 2575 iubes.
1841 2531 1938 2576 Sed

98 2604 222 2650 alter
240 2610 310 2649 est
338 2619 421 2648 rea*
444 2601 612 2648 iudicio
639 2610 823 2648 senatus
845 2618 930 2664 per
958 2617 1065 2657 nos,
1089 2603 1285 2663 pecunia
1310 2604 1580 2664 Brogitarus
1598 2622 1684 2666 per
1706 2614 1751 2651 te
1780 2609 1932 2670 appel*

99 2683 235 2729 latus.
250 2682 440 2726 —Nam
469 2698 607 2744 quum
636 2680 783 2726 multa
809 2681 935 2742 regia
956 2689 1066 2726 sunt
1079 2683 1129 2726 in
1154 2682 1387 2736 Deiotaro,
1421 2690 1517 2727 tum
1533 2683 1618 2728 illa
1634 2688 1852 2744 maa-ime,
1870 2714 1930 2723 —

98 2760 219 2824 quod
245 2760 581 2815 Pessinuntem,
606 2775 692 2820 per
718 2757 864 2802 scelus
889 2775 919 2802 a
949 2765 993 2802 te
1019 2758 1234 2803 violatum
1257 2766 1300 2803 et
1326 2759 1552 2806 sacerdote
1579 2766 1809 2826 sacrisque
1830 2782 1933 2828 spo·

102 2839 287 2893 Natum,
333 2837 631 2896 recuperavit,
669 2843 723 2881 ut
757 2837 804 2880 in
831 2895 833 2897 ‚
837 2836 1044 2898 pristina
1074 2837 1287 2899 reliqione
1323 2848 1543 2885 servaret:
1575 2842 1697 2902 quoa'
1722 2846 1931 2889 caerimo-

99 2917 203 2962 nias
219 2949 234 2973 ‚
277 2914 332 2960 ab
363 2914 483 2959 omni
512 2921 734 2960 vetustate
765 2923 995 2975 acceptas,
1042 2930 1071 2957 a
1102 2915 1344 2976 Brogitaro
1367 2917 1522 2978 pollui
1551 2934 1638 2963 non
1661 2921 1805 2978 sinit,
1837 2941 1931 2967 ma-

98 2995 282 3055 vultque
314 3008 523 3054 generum
564 3007 695 3037 suum
737 3008 914 3037 munere
957 2999 1034 3036 tuo
1051 3025 1065 3048 ‚
1113 3009 1247 3053 quam
1293 2993 1415 3056 illud
1444 2995 1615 3054 sanum
1657 3001 1932 3062 antiquitate

99 3071 333 3134 religionis
367 3086 526 3116 carere.

177 3149 263 3226 (21)
303 3150 487 3205 Cicero
540 3149 710 3220 igitur
763 3148 952 3204 relicta
991 3149 1129 3205 Urbe
1180 3151 1253 3224 [V.
1295 3153 1364 3239 ad
1403 3171 1449 3209 a.
1483 3138 1618 3212 696.
1652 3161 1763 3234 12.]
1825 3162 1930 3217 iter

98 3269 256 3325 su‘um
312 3251 576 3306 convertit
608 3250 663 3303 in
697 3250 965 3305 Lucaniae
997 3251 1281 3322 oppidum,
1344 3255 1598 3313 Vibonem
1643 3259 1718 3334 (h.
1758 3261 1931 3317 Monte

97 3351 324 3427 Leone),
361 3351 455 3407 ubi
489 3369 524 3407 a.
562 3350 760 3426 (vibio)
806 3351 984 3419 Sicca,
1026 3351 1240 3409 homine
1285 3353 1568 3422 familiari,
1609 3362 1663 3415 in
1702 3361 1933 3420 fundum

787 3456 816 3473 μ·

99 3459 352 3526 exce'ptus
391 3460 492 3513 est.
535 3471 582 3508 v.
627 3470 671 3507 c.
697 3456 752 3506 2.
785 3476 838 3507 ο.

1485 3547 1588 3597 53*
