2210 3970
287 198 396 252 838
760 210 1664 251 cronius—consanum.

285 368 328 407 p.
349 352 458 394 691.
495 362 676 390 summas
704 350 833 390 habet
859 350 1099 390 inimicitias
1137 364 1233 390 cum
1269 350 1420 390 Milone
1453 349 1508 392 71
1521 352 1544 390 5
1562 379 1574 399 ,
1609 363 1634 390 a
1668 350 1791 390 cuius
1825 352 1955 392 servis
1990 354 2120 394 inter—

281 420 426 460 ficitur
462 415 486 460 7
495 416 517 455 1
529 417 570 456 5·

348 487 458 525 Sext.
493 481 677 521 Clodiu
687 495 706 521 s
740 481 907 522 adiutor
939 486 1007 522 est
1033 482 1078 521 P.
1109 482 1250 522 Clodio
1277 482 1324 521 in
1357 482 1615 522 facinoribus
1642 482 1934 537 perpetrandis
1972 484 2078 524 691.

347 551 398 592 A.
431 549 521 589 Clu
531 561 554 587 e
563 561 592 587 n
603 548 642 587 ti
652 561 680 587 u
690 561 709 587 s
742 548 891 587 Avitus
920 561 944 587 a
972 548 1171 588 Cicerone
1211 547 1452 588 defenditur
1484 549 1507 588 5
1516 548 1541 588 9
1549 547 1593 591 7.

347 617 400 657 de
435 614 687 667 Collegiis
721 614 858 666 legem
893 614 976 654 fert
1010 614 1177 653 Clodius
1206 613 1316 654 666.

348 681 681 733 Colloquium
714 681 856 720 Cicero
885 680 1014 721 habet
1042 680 1098 720 de
1127 693 1216 734 rep.
1247 693 1343 719 cum
1378 680 1574 734 Pompeio
1606 678 1715 722 724.
1751 679 1864 723 732.
1894 693 1989 721 cum
2017 681 2115 721 Cae·

278 762 370 791 sare
401 748 426 792 7
433 748 512 788 44

347 817 376 856 C
386 813 544 856 omini
554 813 568 853 i
600 814 750 853 fratres
783 817 985 854 accusant
1017 814 1060 853 C.
1087 808 1327 853 Cornelium
1361 812 1414 851 de
1442 812 1660 853 maiestate
1693 813 1800 854 596.

345 878 629 922 Comoedus
658 893 698 919 v.
731 880 922 919 Roscius.

345 948 375 987 C
383 961 408 987 o
417 961 459 986 m
468 960 495 1000 p
505 959 528 985 e
538 945 576 984 t
564 960 578 984 1
590 949 639 984 to
649 959 669 984 r
678 958 701 984 e
712 957 731 984 s
766 945 976 985 Ciceronis
1005 946 1051 984 in
1080 944 1285 998 petitione
1314 943 1566 983 Consulatus
1599 944 1709 985 604.

343 1011 391 1054 in
424 1014 526 1053 Con
536 1011 738 1051 cionem
779 1011 1011 1065 productus
1048 1011 1191 1050 Cicero
1216 1010 1388 1065 exponit
1426 1011 1536 1063 quae
1570 1011 1617 1050 in
1654 1014 1805 1051 senatu
1838 1015 1931 1050 acta
1962 1015 2009 1052 et
2041 1012 2113 1051 de-

276 1084 392 1122 creta
425 1080 512 1120 sint
543 1077 652 1118 684.
684 1075 791 1120 797.
824 1077 933 1118 801.
965 1078 1075 1118 808.
1790 1092 1794 1094 ἡ

345 1147 398 1187 de
427 1146 489 1186 Co
499 1158 529 1184 n
539 1157 594 1184 co
605 1158 625 1183 r
635 1144 714 1183 dia
750 1144 988 1183 Orationem
1020 1144 1151 1184 habet
1181 1142 1390 1183 Antonius
1419 1147 1517 1198 post
1549 1143 1719 1183 caedem
1752 1143 1937 1184 Caesaris
1968 1142 2077 1185 780.

344 1213 409 1253 Co
418 1227 447 1252 n
456 1212 484 1252 d
493 1213 507 1252 i
517 1225 536 1252 s
548 1211 630 1263 cip
639 1210 717 1250 uli
749 1210 958 1250 Ciceronis
984 1211 1007 1249 5
1016 1212 1041 1250 3
1050 1212 1074 1250 8
1082 1239 1093 1250 .
1126 1210 1240 1249 inter
1259 1222 1368 1262 quos
1395 1209 1555 1249 eminet
1573 1209 1810 1251 litterarum
1833 1209 1973 1250 studio
2002 1211 2110 1252 540.
2186 1228 2190 1237 ·

343 1278 595 1320 Confusio
628 1290 835 1316 annorum
867 1275 975 1319 607.
1005 1290 1030 1316 a
1054 1272 1227 1316 Caesare
1261 1280 1448 1319 correcta
1485 1273 1593 1318 709.

344 1344 654 1386 Coniuratio
688 1343 927 1383 Catilinaria
959 1342 1124 1383 eruitur
1155 1336 1366 1383 industria
1391 1341 1605 1382 Ciceronis
1639 1340 1750 1384 617.
1790 1343 1793 1345 ’
1947 1388 1949 1390 ,

345 1411 651 1453 Consolatio
680 1423 716 1449 s.
745 1410 853 1450 liber
887 1409 939 1449 de
971 1409 1092 1449 luctu
1125 1408 1356 1449 minuendo
1369 1438 1382 1460 ‚
1411 1409 1621 1463 scriptum
1653 1409 1866 1448 Ciceronis
1904 1406 2013 1451 770.

344 1477 744 1520 Consolatoriae
773 1477 938 1516 litterae
966 1475 1020 1515 ad
1042 1475 1285 1516 Ciceronem
1313 1474 1562 1515 scribuntur
1582 1475 1635 1514 de
1658 1479 1795 1515 morte
1816 1474 1973 1515 Tulliae
2000 1474 2108 1518 770.

320 1543 394 1586 'de
428 1544 718 1585 Consulatu
752 1555 830 1582 suo
858 1542 1208 1582 commentarium
1230 1541 1379 1581 scribit
1404 1541 1548 1582 Cicero
1579 1541 1688 1582 655.
1724 1542 1880 1596 scripta
1901 1541 1982 1582 iam
2009 1546 2119 1582 ante*

274 1608 492 1666 Epistola,
526 1609 752 1651 voluminis
785 1609 919 1649 instar
931 1637 944 1660 ,
977 1608 1031 1648 ad
1062 1608 1307 1663 Pompeium
1337 1607 1447 1647 644.

343 1672 711 1719 Cordubenses
746 1679 894 1729 poetae
933 1673 1041 1717 571.

341 1744 632 1786 Corfinium
664 1757 688 1782 a
721 1742 894 1782 Caesare
926 1742 1092 1795 capitur
1122 1739 1231 1784 740.
1291 1756 1293 1759 ·

342 1813 387 1852 L.
425 1810 702 1850 Cornelius
735 1809 890 1848 Balbus
921 1821 945 1848 a
980 1808 1178 1848 Cicerone
1211 1806 1451 1847 defenditur
1486 1806 1596 1847 699.

341 1879 388 1918 L.
424 1875 708 1917 Cornelius
742 1875 901 1925 Cinna,
934 1887 1021 1914 cos.
1057 1863 1112 1930 (a.
1139 1863 1250 1930 667)
1288 1874 1396 1918 550.
1425 1872 1479 1914 ab
1511 1868 1681 1913 Octavio
1715 1885 1769 1913 ex·
1797 1873 1907 1913 Urbe
1940 1873 2113 1927 expelli·

271 1949 343 1986 tur
381 1944 490 1984 551.
534 1943 644 1982 redit
675 1941 722 1981 in
763 1941 917 1981 Urbem
950 1954 1048 1981 cum
1090 1940 1278 1980 exercitu
1315 1940 1423 1980 552.
1468 1939 1580 1991 gerit
1619 1939 1886 1979 consulatum
1928 1939 2110 1981 alterum

274 2001 328 2067 (a.
362 2000 474 2067 668)
513 2009 620 2050 554.
654 2007 828 2048 tertium
861 1996 914 2063 (a.
949 1995 1060 2063 669)
1092 2006 1200 2047 556.
1235 2009 1435 2058 quartum
1468 2001 1522 2057 (a.
1550 1994 1663 2061 670)
1697 2003 1808 2048 557.

342 2078 387 2119 C.
415 2074 694 2117 Cornelius
729 2073 781 2114 de
809 2073 1027 2114 maiestate
1053 2076 1277 2113 accusatur
1303 2071 1411 2112 596.
1447 2085 1471 2111 a
1499 2071 1698 2112 Cicerone
1726 2071 1968 2112 defenditur
1997 2036 2106 2114 601.

339 2145 384 2187 C.
413 2142 691 2183 Cornelius
737 2141 971 2193 Cethegus,
1017 2140 1183 2180 socius
1202 2138 1404 2180 Catilinae
1422 2167 1436 2190 ‚
1468 2137 1695 2192 pollicetur
1733 2150 1827 2179 sese
1861 2139 2107 2181 interfectu-

242 2255 247 2259 ,
272 2206 366 2253 rum
399 2207 643 2251 Ciceronem
680 2207 788 2249 624.
824 2207 1033 2261 supplicio
1062 2207 1245 2247 afficitur
1280 2205 1866 2246 639..
2175 2235 2181 2250 ,.
2198 2227 2210 2259 5

337 2278 413 2318 Cn.
449 2275 726 2317 Cornelius
762 2273 998 2325 Dolabella,
1033 2287 1120 2314 cos.
1146 2263 1199 2330 (a.
1221 2262 1333 2329 678)
1354 2271 1462 2313 568.
1495 2271 1542 2311 in
1568 2270 1709 2312 Asiam
1726 2271 1983 2326 provinciam
2011 2272 2107 2326 pro-
2170 2259 2208 2323 ff

269 2339 478 2385 ficiscitur
515 2340 622 2385 567.
656 2341 985 2396 repetundarum
1017 2344 1242 2380 accusatur
1274 2352 1300 2380 a
1331 2338 1376 2379 C.
1404 2338 1515 2378 Iulio
1547 2338 1720 2379 Caesare
1753 2337 1860 2381 575.
2186 2333 2189 2340 ⁴

338 2411 386 2453 P.
414 2409 691 2454 Cornelius
735 2405 949 2447 Dolabella
967 2435 980 2458 ,
1025 2418 1156 2460 gener
1200 2404 1412 2446 Ciceronis
1430 2434 1443 2457 ,
1493 2405 1724 2445 seditiones
1747 2406 1920 2445 ‘excitat
1951 2406 2105 2447 Romae
2168 2383 2207 2459 '²3²

274 2476 382 2520 755.
417 2476 530 2530 apud
563 2476 806 2516 Ciceronem
830 2473 1010 2513 dicendo
1034 2476 1267 2513 exercetur.
1283 2470 1377 2514 768
1408 2484 1475 2524 sq.
1507 2471 1735 2512 divortium
1762 2472 1864 2511 facit
1888 2485 1984 2513 cum
2011 2472 2110 2512 frul-

270 2544 327 2584 lia
364 2541 474 2585 768.
508 2542 561 2581 ab
594 2540 779 2580 Antonio
812 2544 979 2579 creatur
1012 2538 1163 2579 consul
1197 2528 1250 2594 (a.
1285 2526 1396 2594 710)
1428 2538 1475 2577 in
1509 2537 1651 2577 locum
1683 2538 1867 2577 Caesaris
1899 2536 2007 2580 778.
2043 2540 2106 2579 Ci-
2166 2540 2169 2542 ’

271 2609 417 2651 ceroni
457 2607 529 2648 dat
561 2607 628 2647 ius
670 2606 825 2646 liberae
869 2605 1092 2657 legationis
1130 2602 1238 2646 787.
1286 2603 1434 2643 relicta
1476 2607 1576 2644 ante
1620 2603 1792 2643 finitum
1835 2604 2105 2658 consulatum

268 2677 421 2727 Roma,
454 2674 651 2727 irrumpit
677 2673 723 2712 in
754 2671 896 2711 Asiam
916 2669 1025 2713 799.
1059 2671 1103 2712 C.
1130 2670 1384 2710 Trebonium
1417 2669 1615 2722 Smyrnae
1647 2670 1876 2711 crudeliter
1902 2672 2104 2725 opprimit

266 2742 380 2784 806.
415 2755 440 2782 a
467 2736 618 2782 senatu
649 2738 786 2779 hostis
817 2737 1028 2777 iudicatur
1058 2735 1170 2779 807.

335 2809 411 2849 Cn.
445 2806 722 2848 Cornelius
756 2804 990 2856 Lentulus,
1024 2815 1111 2845 cos.
1145 2791 1200 2860 (a.
1233 2795 1344 2853 657)
1376 2803 1487 2844 538.

334 2876 409 2916 Cn.
445 2873 725 2915 Cornelius
756 2871 966 2911 Lentulus
999 2869 1224 2939 Clodianus
1258 2881 1308 2909 ex
1333 2868 1446 2910 bello
1478 2868 1759 2911 Hithridatico
1791 2869 1962 2911 Romam
1989 2871 2103 2913 redit

269 2941 378 2984 562.
411 2941 464 2981 fit
496 2939 647 2981 consul
681 2927 735 2995 (a.
766 2927 878 2994 682)
910 2937 1018 2977 582.

207 3005 211 3009 ’
285 3028 290 3031 -
331 3009 406 3049 Cn.
443 3002 720 3048 Cornelius
754 3003 961 3044 Lentulus
993 3002 1292 3053 Marcellinus,
1326 3014 1414 3043 cos.
1446 2991 1502 3059 (a.
1541 2990 1653 3059 698)
1690 3001 1802 3044 694.
2151 3039 2159 3053 „

331 3076 378 3117 L.
412 3073 691 3114 Cornelius
735 3070 942 3111 Lentulus
982 3070 1086 3110 erus
1105 3099 1118 3122 ‚
1163 3081 1251 3110 cos.
1287 3057 1342 3125 (a.
1381 3057 1494 3126 705)
1538 3066 1648 3111 784.
1696 3069 1950 3110 sententiam
1995 3069 2110 3111 dicit.
2179 3063 2199 3115 s,

263 3143 310 3184 in
338 3138 489 3182 senatu
523 3140 575 3180 de
610 3131 782 3179 Caesare
811 3135 922 3178 784.
2155 3194 2158 3199 .
2188 3173 2192 3180 .

331 3208 378 3249 P.
412 3206 690 3247 Cornelius
725 3203 932 3244 Lentulus
965 3203 1069 3242 Sura
1102 3214 1151 3242 ex
1177 3201 1291 3242 bello
1323 3201 1602 3242 Mithridatico
1634 3202 1804 3241 Romam
1838 3202 1949 3242 redit
1986 3202 2095 3244 562.
2154 3194 2191 3255 ’ζ’

265 3274 316 3315 fit
344 3273 496 3314 consul
528 3262 581 3329 (a.
616 3260 726 3327 683)
761 3271 868 3310 583.
902 3269 1058 3309 iterum
1081 3272 1249 3322 praetor
1271 3269 1407 3308 socios
1441 3268 1643 3308 Catilinae
1671 3268 1821 3308 incitat
1847 3269 1900 3309 ad
1928 3269 2096 3310 caedem
2151 3318 2154 3323 Δ
2184 3271 2192 3304 ³·

264 3340 504 3397 principum
543 3343 588 3379 et
615 3337 860 3378 incendium
893 3335 1016 3375 Urbis
1049 3334 1158 3376 629.
1191 3335 1385 3375 hortatur
1416 3334 1690 3387 Allobrogum
1723 3335 1885 3387 legatos
1916 3339 1967 3375 ut
1999 3348 2102 3375 con·
2137 3381 2142 3387 .
2191 3361 2194 3366 ι

266 3407 400 3446 citent
427 3403 567 3446 Gallos
596 3407 743 3445 contra
777 3415 908 3457 remp.
943 3402 1168 3442 Romanam
1200 3400 1310 3441 629.
1346 3402 1637 3442 coniuratione
1672 3401 1877 3455 patefacta
1911 3414 2109 3455 compre-2
2151 3399 2193 3450 ᾗ

263 3473 423 3514 hensus
443 3501 455 3523 ,
490 3486 513 3512 a
542 3473 740 3513 Cicerone
785 3482 913 3511 manu
947 3470 992 3510 in
1027 3471 1221 3511 senatum
1254 3468 1502 3523 perducitur
1533 3467 1642 3510 682.
1678 3467 1849 3510 iubetur
1882 3468 1928 3508 in
1957 3473 2106 3509 custo«
2148 3454 2186 3510 ³⁸}
