2210 3970
215 225 321 275 wo
829 234 1039 271 emmo
1088 234 1157 270 DE
1209 233 1344 270 vxu
1385 234 1491 271 sus

219 369 345 442 quid
383 367 451 423 ad
491 366 720 423 dolorem
751 367 967 440 adiunqi
992 368 1206 439 potuit?
1257 375 1346 421 aut
1378 369 1470 439 qui
1511 385 1612 422 non
1653 369 1709 421 in
1740 369 1852 422 ill-is
1895 371 2048 424 reb-us

220 470 533 527 emercitatus
582 468 787 522 animus
820 468 1011 522 callere
1048 467 1156 522 iam
1193 467 1375 532 debet,
1426 475 1581 539 atque
1625 469 1796 522 omnia
1834 459 2066 523 minoris

220 569 535 624 aestimare?
613 569 696 623 An
732 569 880 622 illius
910 569 1073 622 vicem
1106 567 1299 642 (credo)
1340 568 1524 622 doles?
1611 568 1814 632 Quoties
1848 570 1903 621 in
1937 587 2051 622 eam

221 670 579 741 coqitationem
608 687 813 724 necesse
845 677 921 724 est
953 677 1002 722 et
1029 676 1084 722 tu
1115 670 1341 734 veneris,
1381 677 1430 723 et
1455 686 1548 723 nos
1575 667 1724 741 saepe
1751 669 2052 732 incidimus,

220 770 708 842 hisce'temporibus
738 787 840 824 non
858 770 1086 840 pessime
1112 788 1230 824 cum
1258 770 1325 824 iis
1351 788 1461 825 esse
1491 769 1690 835 actum,
1731 770 1918 842 quibus
1943 770 2055 823 sine

221 871 398 926 dolore
431 871 632 926 licitum
654 878 728 925 est
758 878 978 925 mortem
1009 888 1126 926 cum
1145 870 1251 924 vita
1278 873 1635 926 commutare?
1720 871 1854 935 Quid
1883 877 2056 924 autem

221 972 360 1044 suit,
400 972 535 1044 quod
571 971 723 1025 illam
757 969 852 1024 hoc
888 977 1115 1042 tempore
1153 970 1221 1025 ad
1258 971 1534 1024 vivendum
1571 988 1758 1042 maqno
1791 985 1941 1042 opere
1977 971 2053 1023 in-

219 1072 384 1125 vitare
409 1072 624 1142 posset?
674 1088 805 1142 quae
836 1071 969 1125 res?
1009 1088 1141 1142 quae
1179 1088 1294 1143 spes
1314 1072 1342 1124 ,7
1394 1071 1529 1143 quod
1566 1068 1730 1125 animi
1761 1070 2004 1123 solatium
2025 1072 2054 1123 ,Ρ

231 1170 297 1224 Ut
325 1189 442 1226 cum
460 1153 638 1243 aliquo
655 1171 973 1225 adolescente
991 1170 1251 1241 primario
1280 1170 1546 1224 coniuncta
1572 1178 1792 1224 aetatem
1817 1172 2056 1241 qereret?

223 1270 449 1326 Licitum
493 1279 569 1330 est
606 1271 728 1335 tibi,
770 1270 947 1334 credo,
978 1288 1082 1343 pro
1127 1278 1216 1325 tua
1254 1270 1507 1341 diynitate
1543 1288 1612 1324 eoe
1650 1269 1748 1324 hac
1796 1270 2056 1324 iuventute

222 1390 471 1444 qenerum
504 1372 758 1443 deliqerffi
807 1371 955 1424 cuius
984 1369 1112 1442 fidei
1144 1369 1333 1424 liberos
1365 1378 1478 1424 tuos
1515 1378 1564 1424 te
1603 1377 1710 1425 tuto
1743 1371 2059 1425 committere

218 1475 468 1544 putares?
549 1471 631 1526 An
672 1480 729 1526 ut
770 1489 829 1527 ea
869 1471 1062 1526 liberos
1095 1489 1162 1525 ecc
1195 1488 1303 1524 sese
1327 1478 1565 1544 pareret,
1612 1488 1740 1542 quos
1771 1489 1931 1542 quum
1961 1472 2056 1541 slo-

220 1581 393 1627 rentes
435 1569 659 1637 videret,
712 1569 1034 1625 laetaretur?
1087 1570 1180 1642 qui
1209 1588 1321 1624 rem
1351 1588 1385 1624 a
1416 1578 1637 1641 parente
1677 1560 1923 1624 ¹traditam
1961 1590 2059 1643 per

221 1675 295 1727 sev
315 1680 485 1728 tenere
514 1673 766 1745 possent?
807 1670 1026 1724 honores
1061 1669 1342 1724 ordinatim
1371 1668 1590 1740 petituri
1598 1678 1785 1727 zessent
1822 1671 1876 1724 in
1907 1689 2058 1742 repu-

226 1773 360 1828 blica
380 1774 409 1826 ?
460 1773 517 1826 in
555 1772 841 1826 amicorum
879 1771 1098 1842 neyotiis
1131 1770 1365 1826 libertate
1404 1787 1497 1825 sua
1516 1774 1841 1836 “uterentur?
1873 1810 1877 1814 «
1923 1772 2062 1835 Quid

225 1872 411 1927 horum
448 1872 582 1944 fuit,
623 1871 761 1943 quod
791 1889 893 1924 non
925 1871 1106 1941 prius,
1146 1889 1306 1942 quam
1336 1870 1518 1924 datum
1551 1879 1682 1927 esset
1693 1887 1735 1937 ‘‚„
1760 1872 2061 1944 ademptum

227 1973 336 2027 sit?
414 1973 483 2026 At
507 1991 627 2027 vero
652 1972 853 2025 malum
881 1979 955 2025 est
978 1971 1167 2025 liberos
1191 1971 1444 2034 amittere.
1510 1969 1714 2038 ‘Malum
1732 1990 1750 2025 .·
1789 1972 1892 2024 nisi·
1909 1973 2061 2044 peius

227 2073 319 2138 sit,
359 2072 486 2126 liaeo
516 2073 740 2144 sufferre
772 2079 820 2125 et
849 2072 1067 2142 perpeti.
1148 2076 1236 2126 57.
1285 2071 1540 2135 Quaeres
1570 2071 1840 2125 milii.·non
1872 2073 2063 2127 medio-

227 2191 366 2227 crem
406 2172 801 2226 consolationem
839 2171 1051 2236 attulit,
1089 2170 1204 2225 volo
1237 2172 1331 2225 tibi
1369 2190 1796 2241 commemorare,
1832 2174 1883 2226 >si
1927 2177 2065 2247 sorte

230 2273 408 2328 cadem
426 2292 512 2327 res
544 2273 639 2327 tibi
670 2273 906 2326 minuere
925 2272 1154 2326 dolorem
1170 2273 1350 2344 possit.
1405 2272 1497 2327 Eae
1515 2273 1644 2327 Asia
1674 2274 1879 2328 rediens
1903 2293 2063 2347 quum

227 2375 294 2427 ab
327 2373 526 2445 Aeqina
553 2372 823 2445 Meqaram
856 2391 1035 2427 versus
1064 2373 1395 2445 naviqarem,
1424 2373 1565 2444 coepi
1587 2374 1822 2445 reqioncs
1848 2375 2064 2430 circum-

230 2475 368 2528 circa
386 2475 698 2545 prospicere.
779 2474 903 2527 Post
934 2492 1019 2528 me
1050 2481 1162 2528 erat
1186 2474 1419 2546 Aeqina,'
1449 2483 1569 2529 ante
1597 2474 1842 2547 Meqara,
1881 2477 2065 2531 ‹lea-tra

235 2574 484 2628 Piraeeus
504 2615 519 2637 ,
572 2573 784 2626 sinistra
826 2572 1134 2635 Corinthus5
1186 2591 1318 2644 quae
1354 2575 1547 2646 oppida¹
1574 2575 1802 2646 >quodam
1842 2585 2067 2648 tempore

229 2674 603 2745 florentissima
647 2677 890 2747 fuerunt,
942 2690 1078 2726 nunc
1117 2680 1379 2744 prostrata
1425 2681 1474 2728 et
1515 2674 1690 2730 diruta
1734 2685 1852 2730 ante
1896 2678 2069 2732 oculos

220 2776 420 2830 iacent.
504 2774 655 2844 Coepi
683 2781 880 2845 eqomet
910 2790 1113 2826 mecum
1145 2774 1219 2827 sic
1241 2774 1499 2846 coyitare:
1528 2774 1697 2829 Hem!
1730 2794 1822 2829 nos
1855 2777 2067 2832 lzomun-

239 2878 346 2931 culi
393 2877 760 2948 indignamur,
818 2875 864 2928 si
907 2875 1024 2946 quis
1067 2883 1302 2930 nostrum
1343 2876 1542 2930 interiit
1592 2885 1682 2930 aut
1726 2878 1921 2931 occisus
1966 2888 2071 2944 est,

239 2997 459 3051 quorum
495 2978 601 3031 vita
635 2975 836 3030 brevior
868 2993 977 3029 esse
1002 2975 1176 3041 debet,
1216 2994 1376 3048 quum
1446 3028 1451 3031 .

543 3095 651 3132 uno
688 3076 803 3130 loco
842 3081 922 3129 tot
961 3075 1216 3147 oppidfim
1251 3076 1510 3132 cadavera

545 3180 781 3250 proiecta
820 3177 1063 3232 iaceant?
1104 3210 1180 3217 ——
1218 3210 1293 3220 -—
1329 3211 1406 3218 --

250 3281 401 3335 Visne
433 3289 488 3334 tu
522 3288 597 3344 te,
639 3280 788 3333 Servi
800 3322 814 3343 ,
855 3278 1117 3342 cohibere,
1158 3288 1206 3332 et
1237 3280 1566 3344 meminisse,
1606 3279 1863 3335 hominem
1885 3290 1933 3336 te
1965 3301 2074 3337 esse

244 3384 466 3435 natum?
561 3380 720 3434 Crede
762 3380 924 3433 milii:
978 3380 1279 3450 coyitatione
1317 3399 1374 3433 ea
1425 3398 1525 3434 non
1582 3381 1908 3434 mediocriter
1958 3399 2072 3436 sum

250 3483 598 3555 confirmatus.
680 3481 789 3537 Hoc
826 3481 993 3547 idem,
1035 3481 1081 3534 si
1119 3481 1214 3535 tibi
1244 3480 1473 3544 videtur,
1512 3483 1601 3550 fac
1633 3488 1751 3536 ante
1783 3482 1953 3538 oculos
1982 3483 2076 3536 tibi
