2150 3990
334 218 388 273 L.
414 218 499 274 ιν.
543 216 851 274 0.xxvi11.
891 215 931 288 5
959 222 1028 270 70
1066 245 1141 255 -
1180 235 1224 268 (3.
1251 215 1432 271 xxm.
1477 218 1516 288 g
1544 220 1628 269 τε.
1806 220 1907 270 189

27 423 29 426 .
98 369 194 423 hoc
230 367 357 424 fecit
394 368 500 424 ulla
535 370 589 423 in
630 366 850 443 Scythia
884 374 1182 442 tyrannuS,
1223 373 1283 421 ut
1322 382 1440 430 eos„
1479 381 1612 438 quos
1652 364 1802 421 luctu
1835 366 1909 420 as-

100 468 310 534 ficeret,
349 469 533 541 lugere
562 485 665 524 non
692 466 932 524 sineret?

172 668 358 725 XXIX.
439 672 527 723 71.
571 668 742 724 Hacc¹
768 685 865 741 ego
885 682 1051 742 quum
1072 666 1332 732 viderem,
1375 668 1569 741 (neque
1594 667 1739 722 enim
1759 672 1915 722 erant

97 767 327 840 occulta)
368 773 651 834 senatum,
690 770 807 824 sine
845 785 951 841 quo
981 768 1170 824 civitas
1203 774 1348 823 stare
1387 783 1491 822 non
1542 774 1753 840 posset,
1801 783 1916 822 om·

0 915 2 942 ζ
99 868 225 924 nino
256 866 322 922 de
354 867 573 924 civitate
611 885 727 924 esse
759 868 1062 925 sublatum:
1101 866 1377 932 consule8‚
1415 867 1509 939 qui
1554 866 1756 940 publici
1793 884 1917 923 con-

94 965 202 1022 silii
242 967 411 1023 duces
447 985 564 1024 esse
602 968 891 1036 deberent,
948 968 1262 1042 perfecisse,
1314 974 1376 1024 ut
1425 985 1521 1041 per
1557 969 1701 1040 ipsos
1745 968 1917 1040 publi·

99 1084 224 1124 cum
250 1069 535 1125 consilium
565 1068 808 1126 funditus
840 1069 1149 1126 tolleretur:
1189 1086 1309 1136 eoS‚
1347 1070 1442 1142 qui
1474 1069 1771 1143 plurimum
1802 1086 1919 1142 pos-

5 1160 7 1163 ’
97 1175 271 1236 sent,
304 1171 498 1243 opponi
535 1170 787 1226 omnibus
823 1171 1198 1237 concionibuS,
1238 1170 1398 1236 salso,
1449 1170 1543 1227 sed
1581 1169 1922 1226 formidolose

34 1318 44 1335 ,
98 1275 315 1334 tamen,
372 1276 619 1325 auctores
669 1268 736 1324 ad
787 1270 1082 1340 perniciem
1132 1285 1344 1325 meam:
1400 1270 1685 1324 conciones
1734 1268 1919 1325 haberi

96 1367 334 1442 quotidie
365 1372 552 1423 contra
589 1382 703 1423 me:
742 1382 928 1422 vocem
956 1383 1055 1439 pro
1092 1382 1180 1422 me
1218 1383 1282 1422 ac
1314 1382 1412 1439 pro
1443 1366 1719 1439 republica
1749 1368 1919 1423 nemi·

97 1484 222 1526 nem
265 1466 507 1524 mittere:
549 1467 757 1523 intenta
794 1463 1247 1539 signa-legionum
1285 1467 1588 1523 existimari
1619 1467 1924 1523 cervicibus

96 1585 161 1624 ac
190 1566 346 1625 bonis
392 1567 624 1634 civium,
664 1564 824 1633 falso,
882 1566 975 1624 sed
1019 1569 1200 1641 putari
1240 1574 1456 1626 tamen:
1513 1569 1921 1626 coniuratorum

98 1669 279 1743 copias
307 1674 516 1726 veteres
533 1709 550 1735 ,
587 1673 642 1724 et
681 1665 853 1723 fusam
887 1667 1034 1724 illam
1066 1685 1130 1725 ac
1168 1675 1478 1743 superatam
1515 1669 1775 1726 Catilinae
1811 1685 1924 1725 ma·

101 1786 232 1826 num
284 1770 647 1844 importunam
703 1786 839 1824 novo
895 1767 1033 1827 duce
1075 1776 1131 1826 et
1181 1770 1452 1844 insperata
1503 1772 1925 1828 commutatione

99 1884 284 1926 rerum
313 1877 433 1927 esse
468 1876 812 1926 renovatam:
851 1900 927 1912 —
965 1868 1096 1926 haec
1123 1887 1251 1943 ergo
1289 1887 1459 1944 quum
1496 1870 1765 1938 viderem,
1791 1872 1924 1945 quid

99 1970 357 2043 agerem?
436 1973 525 2028 72.
564 1969 951 2027 contenderem
997 1977 1185 2027 contra
1224 1970 1504 2027 tribunum
1549 1970 1720 2045 plebis
1747 1973 1925 2045 priva-

98 2077 188 2127 tus
229 2071 442 2128 armis?
519 2070 790 2128 vicissent
841 2071 1110 2145 improbos
1148 2070 1272 2126 boni
1293 2113 1308 2135 ,
1366 2070 1532 2127 sortes
1569 2073 1803 2128 inertes:
1844 2073 1925 2127 in·

99 2169 358 2228 terfectus
387 2177 529 2227 esset
565 2172 643 2236 is,
681 2172 775 2244 qui
814 2170 915 2226 hac
947 2186 1055 2226 una
1086 2170 1354 2226 medicina
1391 2170 1503 2226 sola
1543 2173 1719 2244 potuit
1750 2188 1782 2227 a
1821 2174 1925 2228 rei-

100 2270 344 2345 publicae
387 2276 535 2344 peste
584 2270 792 2344 depelli.
871 2269 1012 2340 Quid
1063 2269 1298 2327 deinde?
1356 2271 1481 2343 quis
1528 2271 1734 2343 reliqua
1774 2289 1924 2345 prae·

101 2371 313 2429 staret?
363 2372 454 2428 cui
492 2370 723 2444 denique
766 2378 884 2426 erat
932 2370 1159 2426 dubium
1180 2413 1195 2437 ,
1253 2372 1386 2443 quin
1433 2371 1523 2427 ille
1566 2372 1790 2444 sanguis
1828 2375 1924 2428 tri·

102 2469 382 2538 bunicim,
421 2470 568 2527 nullo
589 2472 910 2544 praesertim
937 2469 1151 2543 publico
1174 2470 1397 2526 consilio
1417 2470 1696 2545 profusuS,
1735 2489 1927 2528 consu-

99 2571 178 2628 les
216 2571 417 2628 ultores
447 2577 502 2627 et
538 2569 843 2628 defensores
881 2578 1022 2628 esset
1060 2570 1379 2627 habiturus?
1420 2588 1589 2645 quum
1617 2572 1835 2646 quidem
1869 2574 1926 2629 in

99 2672 356 2728 concione
398 2670 658 2738 dixisset,
695 2681 787 2728 aut
823 2672 958 2727 milti
1000 2672 1162 2728 semel
1199 2673 1525 2744 pereundum
1566 2683 1657 2729 aut
1702 2674 1783 2728 bis
1816 2692 1927 2729 esse

29 2807 31 2813 ·
102 2773 423 2829 vincendum.
501 2773 642 2842 Quid
679 2781 796 2830 erat
830 2774 908 2829 bis
945 2775 1184 2830 vincere?
1262 2773 1322 2829 ld
1359 2773 1596 2847 profecto
1615 2817 1630 2840 ,
1670 2781 1759 2840 ut,
1798 2792 1924 2831 cum

101 2873 473 2929 amentissimo
505 2873 723 2930 tribuno
747 2874 917 2947 plebis
948 2891 1117 2947 quum
1149 2874 1507 2930 decertassem
1522 2917 1537 2940 ,
1575 2891 1702 2931 cum
1733 2892 1924 2931 consu-

103 2973 246 3028 libus
283 2973 585 3045 ceterisque
637 2974 756 3029 eius
794 2973 1059 3030 ultoribus
1104 2975 1437 3031 dimicarem.
1515 2975 1627 3046 Ego
1666 2992 1793 3033 vero
1811 3019 1827 3040 ,
1877 2978 1924 3030 si

107 3072 457 3147 pugnandum
496 3072 710 3139 fuisset,
760 3091 823 3129 ac
862 3092 967 3130 non
1005 3076 1315 3149 accipienda
1351 3076 1507 3148 plaga
1545 3075 1679 3130 mihi
1699 3118 1715 3141 ‚
1772 3092 1927 3131 sana-

107 3173 229 3230 bilis
262 3173 387 3240 illa,
439 3192 545 3230 non
583 3173 890 3242 mortifera,
930 3193 1092 3249 quam
1131 3177 1508 3251 imposuisset,
1547 3176 1712 3232 semel
1749 3178 1926 3250 perire

108 3280 288 3331 tamen
320 3274 658 3341 maluissem,
697 3294 860 3350 quam
886 3277 968 3333 bis
1000 3278 1229 3335 vincere.
1310 3278 1439 3333 Erat
1466 3277 1610 3333 enim
1644 3276 1734 3333 illa
1760 3278 1926 3335 altera

173 3510 208 3568 ¹)
239 3523 314 3569 pro
344 3508 484 3557 Sextio
516 3525 550 3554 c·
589 3510 658 3553 19.
691 3509 715 3565 ᾗ
746 3511 814 3553 42.
