2210 3970
248 226 362 279 614
718 238 1046 278 ANNALES
1102 239 1608 279 ειεΕΒοΝιΑΝι.

249 378 495 415 sanxerunt
512 402 524 425 ‚
557 377 610 413 ut
633 378 815 430 practer
838 371 941 414 haec
964 371 1182 414 veteribus
1218 370 1388 432 legibus
1420 369 1665 428 [Cornelia,
1697 368 1950 430 Calpurnia]
1981 385 2080 413 con·

246 450 437 504 scitata,
470 448 604 492 etiam
621 447 782 491 exsilio
803 448 1136 492 mulctarentur.
1202 447 1284 491 Cic.
1312 464 1386 508 pro
1403 448 1544 493 Plane.
1572 463 1608 492 c.
1627 450 1700 491 34.
1730 448 1800 490 83.
1834 447 1917 489 Hic
1943 447 2079 490 etiam

246 524 496 579 addidisti,
530 541 598 569 me
628 524 792 570 idcirco
818 543 916 570 mea
943 526 1036 588 lege
1068 525 1229 571 exsilio
1255 523 1470 569 am‘bitum
1501 528 1706 571 sanxisse
1722 558 1737 583 ,
1768 532 1821 569 ut
1851 526 2078 570 miserabi-

246 601 379 646 liores
412 602 608 664 epilogos
632 619 811 664 possem
838 603 993 648 dicere.
1057 602 1139 649 Cfr.
1168 618 1244 664 pro
1272 606 1434 647 Mul-en.
1455 618 1492 647 c.
1510 605 1583 648 23.
1618 606 1692 648 46.

318 729 405 803 (¹¹)
447 730 783 785 Mithridates
823 749 853 786 a
889 732 1137 803 Pompeio
1176 732 1353 785 victus
1389 730 1491 785 sibi
1529 732 1642 802 ipse
1681 736 1909 784 mortem
1952 746 2072 783 con-

238 829 451 891 sciscit3
486 830 772 900 Tigranem
801 832 1110 902 PompeiuS‚
1141 847 1308 901 quum
1336 831 1392 883 in
1426 832 1539 885 suis
1566 831 1759 885 castris
1780 829 2074 901 supplicem

238 928 507 990 abiectum
553 928 802 992 vidisset,
851 929 1013 983 certis
1066 929 1226 983 rebus
1265 930 1580 1001 imperatis,
1627 947 1853 1002 regnare
1907 928 2072 983 iubet.

238 1045 293 1081 11.
336 1046 382 1081 c.
408 1030 500 1081 26.
546 1031 611 1106 71
655 1044 734 1098 sq.

296 1125 449 1172 Florus
478 1139 548 1172 111.
576 1142 613 1171 c.
633 1132 678 1172 5.
699 1131 773 1172 24.
821 1128 1109 1173 Mithridates
1138 1136 1265 1174 nocte
1290 1129 1378 1174 illa
1408 1119 1656 1175 debellatus
1688 1135 1786 1186 θεὲ,-
1814 1128 1935 1173 nihil
1958 1130 2074 1173 enim

230 1214 389 1267 postea
431 1207 608 1262 valuit,
657 1222 924 1266 quamquam
976 1207 1125 1250 omnia
1167 1213 1390 1266 expertus·
1423 1232 1485 1241 —
1515 1207 1629 1250 Nam
1662 1222 1749 1267 per
1785 1205 2074 1263 defectionem

234 1285 423 1341 civium,
473 1284 808 1344 Pharnacisque
843 1283 948 1344 filii
979 1284 1141 1328 scelere
1170 1291 1466 1344 praeventus,
1517 1282 1633 1327 male
1665 1290 1883 1327 tentatum
1913 1298 2073 1328 veneno

231 1363 446 1423 spiritum
462 1363 594 1422 ferro
619 1361 807 1423 expulit.
861 1363 1032 1406 Gnaeus
1055 1362 1236 1406 interim
1250 1363 1466 1421 Magnus,
1493 1360 1677 1405 rebelles
1697 1360 1832 1404 Asiae
1853 1359 2072 1420 reliquias

232 1456 419 1501 sequens
435 1474 449 1497 ‚
484 1458 570 1502 per
607 1441 781 1486 diversa
809 1442 1011 1502 gentium
1037 1448 1343 1499 terrarumque
1372 1438 1604 1484 volitabat.
1668 1439 1780 1482 Nam
1811 1437 1893 1481 sub
1919 1437 2072 1489 Orien-

234 1524 322 1560 tem
348 1525 527 1562 secutus
563 1519 818 1575 Armenios,
863 1519 1018 1579 captis·
1037 1520 1135 1579 ipso
1168 1518 1314 1578 capite
1342 1517 1495 1579 gentis
1525 1516 1792 1572 Artaxatis,
1825 1515 2070 1576 supplicem

231 1595 371 1639 iussit
393 1612 577 1656 regnare
611 1596 852 1656 Tigranem.
918 1596 996 1640 Dio
1018 1607 1199 1640 xxxvu.
1225 1610 1266 1646 c.
1285 1597 1355 1639 10.
1391 1597 1432 1640 4.
1468 1598 1566 1641 Τοῦ
1598 1594 1658 1653 δή
1684 1593 1952 1656 Κικέρωνος
1983 1597 2070 1640 τοῦ

232 1674 438 1735 Μάρκου
490 1674 611 1733 μετὰ
652 1672 815 1719 Γαίου
864 1677 1127 1721 ’Λντωνίου
1176 1672 1565 1732 ὑπατεύσαντος,
1617 1675 1701 1720 ὅτε
1747 1673 2070 1736 Μιθριδάτης

236 1751 381 1800 οὐδὲν
411 1753 485 1800 ἔτι
515 1751 677 1799 δεινὸν
710 1755 828 1806 τούς
853 1749 1128 1815 Ῥωμαίους
1160 1754 1418 1815 εἰργάσατο
1450 1753 1574 1800 ἀλλὰ
1602 1756 1684 1799 καὶ
1717 1751 1870 1805 αὐτὸς
1897 1751 2070 1799 ἑαυτὸν

230 1833 543 1895 διέφθειρεν,
593 1832 902 1894 ἐπεχείρησεν
947 1833 1132 1885 ἐκεῖνος
1174 1829 1225 1888 (ὁ
1252 1833 1547 1893 Κατιλίνας)
1591 1832 1678 1892 τήν
1721 1850 1773 1879 τε
1813 1834 2068 1879 πολιτείαν

230 1913 552 1974 νεωτερίζειν.
589 1911 685 1958 κτὲ.
750 1912 872 1957 ldem
897 1923 1060 1958 xxxvl.
1093 1929 1128 1958 c.
1159 1916 1233 1956 35.
1267 1914 1310 1956 2.
1343 1912 1401 1968 (c.
1433 1913 1507 1957 52.
1539 1911 1697 1972 Bekk.)
1734 1909 1783 1958 ‘O
1808 1911 2067 1972 Πομπήιος

233 1995 317 2038 τόν
362 2009 413 2038 τε
451 1993 660 2055 Ἀράξην
692 1989 834 2050 διέβη
873 1994 956 2037 καὶ
993 2000 1097 2044 τοῖς
1129 1991 1450 2053 ’Λρταξάτοις
1480 1990 1800 2050 ἐπλησίασεν,
1849 1991 1977 2038 οὕτω
2007 1991 2068 2050 δή

228 2071 281 2131 (ὁ
308 2073 564 2135 Τιγράνης)
603 2070 689 2130 τήν
724 2087 775 2116 τε
813 2072 964 2116 πόλιν
1011 2070 1145 2133 αὐτῷ
1191 2070 1436 2133 παρέδωκε
1482 2073 1566 2117 καὶ
1605 2068 1656 2124 ἒς
1703 2071 1760 2118 τὸ
1798 2073 2066 2135 στρατόπε-

227 2152 314 2197 δον
347 2151 504 2198 αὐτοῦ
549 2149 814 2207 ἐθελοντής
858 2141 995 2209 ἧκεν,
1046 2149 1098 2196 ἐν
1126 2150 1257 2214 μέσῳ
1308 2150 1482 2198 ἑαυτὸν
1514 2152 1596 2199 ὅτι
1632 2153 1845 2212 μάλιστα
1887 2156 1975 2200 τοῦ
2011 2169 2064 2200 τε

226 2230 463 2294 προτέρου
507 2229 780 2292 ἀξιώματος
817 2234 898 2276 καὶ
943 2235 1026 2289 τῆς
1073 2232 1188 2278 τότε
1227 2232 1572 2291 ταπεινότητος
1615 2232 1882 2288 σκευάσας,
1932 2232 2062 2286 ὅπως

229 2307 460 2364 αἰδέσεώς
494 2329 545 2357 τε
574 2314 655 2357 καὶ
684 2309 823 2357 ἐλέου
854 2312 954 2370 ἅμα
981 2309 1114 2363 ἄξιος
1147 2309 1280 2374 αὐτῷ
1308 2313 1508 2370 φανείη·
1547 2309 1630 2358 τὸν
1651 2309 1739 2371 μὲν
1766 2312 1854 2376 γὰρ
1874 2312 2063 2368 χιτῶνα

228 2389 312 2437 τὸν
343 2391 639 2452 μεσόλευκον
674 2393 756 2436 καὶ
790 2390 877 2438 τὸν
911 2390 1086 2436 κάνδυν
1118 2390 1205 2437 τὸν
1238 2390 1578 2455 ὁλοπόρφυρον
1610 2389 1769 2449 ἐξέδυ,
1807 2390 1890 2450 τήν
1917 2389 1972 2438 δὲ
2001 2391 2062 2453 δή

229 2470 403 2532 τιάραν
429 2471 488 2515 τό
517 2487 568 2515 τε
595 2469 815 2531 ἀνάδημα
836 2464 982 2528 εἶχεν.
1047 2469 1307 2531 Πομπήιος
1323 2469 1378 2518 δὲ
1405 2470 1502 2518 ἀπὸ
1529 2469 1619 2534 μὲν
1652 2475 1740 2519 τοῦ
1767 2470 1916 2518 ἵππου
1944 2488 2061 2518 κατ-

223 2547 450 2609 εβίβασεν
493 2547 672 2605 αὐτὸν,
720 2549 1001 2610 ῥαβδοῦχόν
1035 2567 1145 2595 τινα
1174 2548 1394 2610 πέμψας,
1430 2575 1492 2583 --
1527 2547 1796 2596 ἐσελθόντα
1827 2549 1882 2596 δὲ
1911 2550 2063 2597 αὐτο-

225 2626 377 2689 ποδίᾳ
403 2630 485 2673 καὶ
504 2628 562 2673 τό
584 2643 635 2672 τε
663 2626 879 2688 διάδημα
905 2626 1245 2689 ἀπορρίψαντα
1268 2632 1350 2675 καὶ
1379 2625 1428 2681 ἒς
1452 2628 1538 2687 τήν
1565 2631 1650 2693 γῆν
1675 2631 1889 2676 πεσόντα
1915 2645 2060 2692 προσ-

226 2706 468 2753 κυνοῦντα
514 2723 567 2752 τε
600 2705 718 2752 ἰδὼν
758 2705 961 2766 ἠλέησε,
1009 2710 1090 2753 καὶ
1124 2706 1431 2768 ἀναπηδήσας
1463 2708 1749 2767 ἐξανέστησέ
1790 2726 1840 2755 τε
1874 2709 2058 2769 αὐτὸν,

226 2789 309 2832 καὶ
353 2786 616 2840 ταινιώσας
650 2787 715 2850 τῷ
755 2785 1026 2847 ἀναδήματι
1057 2785 1105 2840 ἔς
1137 2805 1190 2835 τε
1218 2790 1301 2849 τήν
1327 2791 1538 2850 πλησίαν
1564 2788 1708 2851 ἕδραν
1739 2787 1947 2834 ἐκάθισε
1972 2793 2059 2836 καὶ

224 2866 627 2929 παρεμυθήσατο,
673 2865 824 2912 εἰπὼν
857 2866 980 2912 ἄλλα
1014 2883 1064 2913 τε
1103 2869 1185 2914 καὶ
1219 2869 1301 2915 ὅτι
1334 2870 1393 2916 οὐ
1434 2869 1519 2928 τήν
1551 2869 1644 2916 τῶν
1675 2871 1943 2930 Ἀρμενίων
1974 2868 2057 2929 βα-

222 2946 416 2991 σιλείαν
450 2944 765 2998 ἀπολωλεκὼς
789 2945 912 2993 ἀλλά
947 2948 1030 2991 καὶ
1064 2945 1151 3004 τήν
1183 2948 1280 2994 τῶν
1311 2948 1565 3010 Ῥωμαίων
1595 2949 1770 3007 φιλίαν
1802 2950 2056 3011 προσειλη-

222 3024 326 3084 φὼς
351 3023 459 3083 εἴη.
505 3028 587 3071 καὶ
623 3023 650 3070 o‘
679 3023 766 3086 μὲν
811 3027 1006 3077 τούτοις
1050 3042 1101 3071 τε
1130 3025 1286 3075 αὐτὸν
1313 3027 1607 3087 ἀνεκτήσατο
1636 3031 1718 3074 καὶ
1745 3026 1828 3074 ἐπὶ
1858 3028 2054 3075 δεῖπνον

219 3103 464 3151 ἐκάλεσεν.
529 3102 614 3149 Cfr.
653 3102 834 3165 Appian.
867 3108 914 3148 B.
947 3103 1138 3149 Mithrid.
1167 3122 1203 3151 c.
1228 3110 1336 3152 112.
1386 3106 1605 3152 Plutarch.
1635 3109 1779 3168 Pomp.
1807 3122 1843 3150 c.
1876 3110 1948 3151 33.
1978 3110 2050 3151 41.

218 3187 397 3244 Eutrop.
427 3195 491 3228 vr.
523 3198 561 3227 c.
582 3185 640 3226 12
669 3198 730 3245 sq.
794 3183 938 3228 Livius
955 3183 1068 3243 Epit.
1088 3186 1175 3229 101
1195 3198 1256 3246 sq.
1304 3182 1496 3230 Velleius
1517 3197 1567 3231 ιι.
1599 3201 1636 3230 c.
1654 3188 1726 3230 37.
1774 3183 1914 3229 Valer.
1942 3187 2048 3229 Max.

222 3275 265 3306 v.
297 3278 332 3306 c.
351 3265 392 3306 1.
418 3264 490 3305 10.
538 3263 654 3305 Sext.
678 3259 820 3306 Rufus
840 3276 876 3305 c.
895 3263 969 3305 16.

298 3365 381 3438 (¹2)
422 3366 705 3436 Pompeius
778 3363 1152 3437 Theophanem
1231 3365 1610 3441 Mitylenaeum
1639 3407 1654 3430 ,
1732 3366 2051 3437 scriptorem

218 3483 400 3523 rerum
460 3483 710 3532 suarum,
766 3467 822 3522 in
882 3466 1135 3522 concione
1188 3466 1461 3530 militum,
1515 3468 1731 3523 civitate
1778 3467 1973 3529 donat;
2010 3486 2045 3526 ι.
