2210 3970
269 246 375 299 694
735 260 1061 299 ANNALES
1116 262 1623 302 CICERONIANI.

260 388 447 450 plicatio
471 388 643 433 decreta
668 398 734 434 est
743 412 760 444 ;
791 390 910 451 quod
934 398 1036 434 ante
1056 390 1108 435 id
1132 399 1304 450 tempus
1336 391 1501 435 accidit
1525 390 1655 436 nulli.
1720 391 2079 447 Plutarchcaes.

265 482 301 512 c.
320 469 392 510 21.
413 471 453 512 1.
474 471 641 513 Ταῦτα
658 467 684 526 ἦ
703 471 969 532 σύγκλητος
986 467 1237 528 πυθομένη
1250 470 1592 516 πεντεκαίδεκα
1605 469 1779 531 ἡμέρας
1803 468 2078 530 ἐψηφίσατο

260 546 409 590 θύειν
428 555 531 598 τοῖς
556 550 698 600 θεοῖς
717 553 797 594 καὶ
825 548 1079 605 σχολάζειν
1103 547 1443 610 ἑορτάζοντας,
1478 550 1595 600 ὅσας
1623 547 1697 594 ἐπ’
1736 548 1943 611 οὐδεμίᾳ
1969 555 2078 614 νίκῃ

258 625 506 687 πρότερον.
541 626 618 670 Dio
634 641 789 672 xxxlx.
808 643 841 671 c.
858 632 900 671 5.
921 631 960 671 1.
1008 627 1216 685 Ἐπειδή
1245 626 1298 674 δὲ
1317 619 1457 674 οὗτοί
1491 645 1540 673 τε
1575 630 1961 690 κατεστράφατο,
1998 636 2080 676 καὶ

259 701 401 749 ἄλλοι
425 705 472 750 οἱ
489 703 575 765 μὲν
593 705 676 751 ὑπ’
695 705 848 750 αὐτοῦ
872 707 918 751 οἱ
937 703 1085 752 δὲκαὶ
1104 707 1189 752 διὰ
1210 708 1303 752 τῶν
1320 706 1686 770 ὑποστρατήγων
1704 712 1874 766 συχνοὶ
1893 708 2081 766 ἐκεχεί-

258 799 438 843 ρωντο,
486 785 514 829 ὅ
563 802 611 830 τε
642 783 824 844 χειμὼν
870 782 1068 844 ἐνέστη,
1103 785 1401 848 ἀνεχώρησεν
1427 785 1477 838 ἐς
1497 787 1554 832 τὰ
1588 787 1858 847 χειμάδια.
1889 789 2076 846 μαθόν-

242 855 335 915 “tec
363 861 417 909 δὲ
452 868 601 910 ταῦθ’
637 865 683 908 οἱ
719 865 850 908 οἴκοι
878 865 1110 923 Ῥωμαῖοι
1140 865 1430 925 ἐθαύμασαν
1459 867 1539 911 ὅτι
1576 865 1696 924 ἔθνη
1730 871 1974 921 τοσαῦτα,
2010 855 2076 911 ὧν

259 940 374 988 οὐδὲ
410 944 468 988 τά
500 942 716 1003 ὀνόματα
743 943 977 1004 πρότερον
1010 941 1264 1004 ἠκρίβουν,
1300 943 1499 1005 ᾑρήκει,
1539 948 1618 990 καὶ
1638 943 1943 1005 ἐψηφίσαντο
1961 963 2078 992 πεν-

256 1020 512 1067 τεκαίδεκα
537 1020 612 1067 ἐπ’
647 1021 817 1073 αὐτοῖς
851 1020 1028 1082 ἡμέρας
1053 1026 1242 1081 θῦσαι,
1281 1024 1399 1085 ὅπερ
1420 1022 1554 1070 οὔπω
1581 1027 1817 1087 πρότερον
1846 1026 2076 1088 ἐγεγόνει.

548 1386 822 1444 ANNUS
881 1386 1138 1442 VITAE
1200 1386 1651 1444 CICERONIS
1704 1389 1787 1444 LI.

598 1550 706 1606 [Kal.
744 1556 908 1595 Ianuar.
942 1555 1070 1596 incid.
1106 1556 1151 1595 in
1186 1555 1226 1595 d.
1261 1554 1284 1592 1
1317 1554 1482 1595 Ianuar.
1521 1554 1578 1594 56
1609 1567 1645 1596 a.
1675 1549 1737 1605 C.]

253 1707 289 1736 a.
309 1695 357 1735 U.
376 1694 419 1736 C.
546 1693 658 1735 Coss,
693 1693 768 1734 CN.
804 1693 1079 1735 CORNELIUS
1112 1693 1368 1733 LENTULUS
1401 1692 1761 1734 MARCELLINUS.
1908 1707 1944 1734 a.
1963 1692 2013 1736 A.
2030 1693 2073 1734 C.

288 1785 396 1827 598.
529 1806 534 1811 ·
697 1786 740 1824 L.
776 1784 995 1826 MARCIUS
1028 1785 1304 1825 PHILIPPUS.
1835 1826 1841 1830 ,
1954 1784 2028 1826 56.

337 1923 399 1999 (¹)
438 1924 598 1978 Initio
652 1925 777 1978 anni
821 1924 1005 1978 Cicero
1049 1923 1301 1980 Oratione
1349 1923 1533 1977 habita
1587 1922 1652 1977 de
1698 1942 1819 1996 reye
1848 1924 2074 1980 Alexan-

251 2026 429 2090 drino,
487 2026 541 2079 in
584 2032 775 2079 senatu
829 2027 939 2097 egit
978 2032 1039 2079 ut
1091 2027 1147 2080 P.
1181 2024 1436 2087 Lentu10,
1488 2024 1702 2079 Ciliciae
1742 2027 2073 2097 proconsuli,

251 2128 526 2200 negotium
581 2127 800 2181 daretur
850 2126 1134 2181 Ptolemaei
1181 2127 1324 2198 regis
1377 2127 1434 2179 in
1490 2143 1718 2197 regnum
1764 2127 2072 2183 reducendi.

249 2233 353 2288 Res
406 2237 622 2294 autem,
683 2230 920 2300 primum
979 2228 1284 2299 refragante
1323 2227 1543 2284 Caninio
1600 2227 1814 2283 tribuno
1867 2229 2072 2301 plebis,

248 2333 413 2388 dilata
447 2338 555 2394 est3
595 2330 786 2386 deinde
813 2336 1030 2385 auctore
1065 2331 1261 2385 Catone
1291 2346 1448 2384 omne
1478 2327 1741 2384 auxilium
1774 2329 2074 2385 Ptolemaeo

248 2438 503 2504 negatum
543 2437 639 2487 est.

308 2533 455 2578 Livius
487 2532 601 2592 Epit.
630 2532 735 2574 104.
772 2529 1079 2585 Ptolemaeus,
1121 2531 1316 2592 Aegypti
1343 2546 1448 2586 rex,
1480 2529 1533 2574 ob
1560 2531 1758 2574 iniurias
1788 2547 1901 2591 quas
1923 2533 2073 2592 patie-

249 2612 431 2666 bantur,
473 2627 502 2654 a
532 2609 630 2652 suis
660 2623 794 2668 regno
817 2607 1010 2668 pulsus,
1042 2608 1222 2651 Romam
1248 2608 1381 2652 venit.
1445 2607 1533 2657 Cic.
1566 2606 1620 2653 ad
1652 2611 1695 2653 P.
1723 2608 1961 2652 Lentulum
1992 2607 2068 2667 (ad

248 2693 368 2735 Fam.
402 2700 434 2732 1.
463 2689 506 2732 2.
534 2688 599 2745 1.)
645 2685 803 2729 Idibus
843 2685 1073 2729 Ianuariis
1115 2686 1200 2743 [z
1231 2688 1289 2728 13
1318 2687 1513 2744 Ianuar.]
1550 2685 1600 2730 in
1640 2693 1797 2730 senatu
1840 2685 1961 2730 nihil
1999 2693 2068 2731 est

247 2766 496 2827 confectum
512 2797 526 2820 ,
561 2771 798 2824 propterea
830 2762 949 2824 quod
973 2762 1068 2807 dies
1093 2778 1254 2823 magna
1286 2779 1342 2807 ecc
1363 2770 1500 2823 parte
1526 2771 1812 2823 consumptus
1839 2771 1906 2808 est
1931 2763 2066 2808 alter-

246 2844 419 2889 catione
445 2841 626 2887 Lentuli
653 2840 849 2885 consulis
874 2848 918 2885 et
953 2841 1129 2884 Caninii
1161 2839 1332 2884 tribuni
1349 2840 1510 2901 plebis.
1575 2841 1646 2885 Eo
1678 2840 1749 2885 die
1786 2857 1866 2885 nos
1897 2858 2067 2903 quoque

244 2922 389 2968 multa
410 2921 539 2966 verba
559 2920 790 2980 fecimus,
822 2920 1098 2979 maximeque
1129 2918 1219 2962 visi
1250 2933 1404 2962 sumus
1435 2926 1637 2963 senatum
1663 2921 2066 2964 commemoratione

248 3010 352 3046 tuae
379 3001 427 3059 (i.
446 3016 481 3045 e.
509 3003 552 3044 P.
570 2998 767 3057 Lentuli)
793 2996 1040 3041 voluntatis
1066 3013 1169 3057 erga
1186 2995 1316 3039 illum
1338 2996 1532 3041 ordinem
1553 3013 1826 3042 commovere.
1857 2999 1922 3043 ld.
1940 2998 1993 3042 ad
2010 3002 2062 3057 Q.
2183 2991 2210 3048 Ξ

242 3080 295 3126 fr.
330 3093 381 3125 11.
407 3082 450 3123 2.
485 3082 525 3123 3.
567 3079 633 3122 De
669 3093 769 3138 rege
811 3075 1109 3120 Alexandrino
1137 3075 1322 3134 factum
1355 3082 1423 3119 est
1461 3075 1894 3120 senatusconsultum
1911 3109 1924 3131 ,
1968 3093 2067 3120 cum

241 3157 529 3203 multitudine
553 3173 650 3200 eum
676 3154 850 3209 reduci,
878 3153 1178 3215 periculosum
1205 3153 1473 3214 reipublicae
1498 3152 1652 3198 videri.
1713 3153 1903 3215 Reliqua
1930 3171 2065 3214 quum
2202 3213 2203 3217 Ἰ

244 3245 360 3283 esset
390 3237 438 3280 in
469 3242 626 3279 senatu
654 3232 896 3286 contentio,
930 3230 1200 3276 Lentulusne
1232 3249 1290 3276 an
1320 3233 1558 3292 Pompeius
1590 3231 1838 3287 reduceret,·
1869 3232 2063 3277 obtinere
2143 3268 2151 3271 -

241 3331 446 3362 caussam
472 3311 688 3357 Lentulus
718 3311 961 3356 videbatur.
1023 3314 1079 3355 In
1107 3328 1158 3355 ea
1187 3326 1266 3355 nos
1294 3318 1336 3355 et
1359 3311 1507 3371 officio
1540 3326 1644 3371 erga
1674 3309 1909 3354 Lentulum
1935 3311 2063 3354 miri-

233 3394 356 3457 fice,
399 3399 442 3436 et
487 3391 709 3435 voluntati
748 3390 949 3450 Pompeii
977 3388 1210 3450 praeclare
1252 3389 1572 3447 satisfecimus.
1605 3415 1665 3422 —
1701 3387 1822 3446 Quid
1848 3387 2060 3443 futurum

240 3473 303 3517 sit
336 3470 566 3515 latrocinio
609 3469 905 3523 tribunorum,
947 3485 1033 3513 non
1066 3468 1212 3512 divino
1228 3487 1241 3511 .·
1286 3466 1366 3510 sed
1406 3474 1551 3511 tamen
1583 3469 1814 3529 suspicor,
1848 3485 1935 3529 per
1970 3469 2057 3512 vim

240 3549 509 3612 rogationem
547 3547 774 3592 Caninium
797 3547 1089 3608 perlaturum.
1155 3549 1209 3592 In
1243 3563 1291 3591 ea
1324 3563 1370 3590 re
1400 3547 1634 3607 Pompeius
1666 3546 1778 3606 quid
1804 3546 1940 3603 velit,
1973 3561 2057 3590 non
