2210 3970
274 279 378 328 756
743 290 1071 326 ANNALES
1129 289 1636 327 mcnRONlANl.

331 415 480 457 Caesar
512 417 555 459 B.
577 414 618 456 C.
654 423 681 454 1.
711 426 745 453 c.
760 414 800 453 2.
835 409 1073 453 Intercedit
1108 412 1162 454 M.
1192 410 1431 464 Antonius.
1470 411 1524 467 Q.
1561 412 1772 466 Cassius,
1806 411 1974 456 tribuni
1996 412 2096 474 ple-

267 489 348 532 bis.
413 489 626 547 Refertur
659 489 894 544 confestim
929 487 980 530 de
1013 488 1324 531 intercessione
1352 487 1624 531 tribunorum
1643 507 1657 530 .·
1691 489 1901 532 dicuntur
1925 499 2095 535 senten-

267 567 358 610 tiae
387 582 576 626 graves:
621 574 673 610 ut
715 567 902 626 quisque
941 559 1218 609 acerbissime
1251 565 1642 625 crudelissimeque
1675 565 1820 622 dixit,
1865 568 1934 610 ita
1966 584 2097 627 quam

265 643 457 686 maxime
499 643 554 686 ab
595 644 792 686 inimicis
829 645 1030 688 Caesaris
1069 642 1363 687 collaudatur.
1397 669 1457 677 —-
1488 660 1526 687 c.
1555 648 1596 687 5.
1633 643 1910 704 Profugiunt
1940 647 2098 689 statim

265 737 319 764 e.2·
350 721 460 765 Urbe
493 722 663 765 tribuni
688 723 838 783 plebis
877 738 1056 782 seseque
1089 721 1149 765 ad
1177 722 1404 764 Caesarem
1435 721 1685 779 conserunt.
1749 724 1798 765 Is
1831 739 1878 765 eo
1907 730 2098 782 tempore

261 808 358 844 erat
398 802 641 843 Ravennae.
710 801 783 843 Dio
817 814 903 844 xm.
941 805 1039 844 c.3.
1077 802 1117 842 2.
1151 802 1230 855 (Oi
1259 800 1522 862 δήμαρχοι)
1560 804 1617 846 τά
1650 800 1737 860 μὲν
1765 803 1932 863 πρῶτα
1959 801 2100 847 ἀντέ-

263 895 502 941 πραττον,
540 879 709 923 ἔπειτα
735 876 786 923 δὲ
815 878 1120 938 φοβηθέντες
1140 913 1152 933 ,
1186 879 1339 930 ἄλλως
1373 897 1424 925 τε
1452 885 1533 926 καὶ
1564 879 1733 938 ἐπειδή
1764 881 1791 926 o‘
1827 881 2098 934 Λέντουλος

264 960 549 1010 ὑπεξελθεῖν
584 964 729 1016 σφίσι
769 962 882 1019 πρὶν
924 961 1009 1008 τάς
1053 961 1240 1015 ψήφους
1275 959 1592 1016 διενεχθῆναι
1634 960 1918 1020 παρῄνεσεν,
1951 955 2096 1007 εἶπόν

264 1056 314 1083 τε
343 1039 496 1083 πολλοὶ
516 1042 596 1083 καὶ
616 1039 941 1098 ἐμαρτύραντο
959 1068 971 1088 ,
1004 1037 1093 1079 κάκ
1114 1039 1292 1082 τούτου
1319 1042 1438 1097 μετὰ
1469 1043 1554 1084 τοῦ
1572 1043 1848 1100 Κουρίωνος
1866 1043 1948 1084 καὶ
1964 1041 2090 1099 μετὰ

264 1121 351 1163 τοῦ
393 1119 607 1163 Καιλίου
649 1115 832 1177 ἀπῆραν
870 1116 990 1178 πρὸς
1031 1115 1113 1160 τὸν
1155 1121 1406 1178 Καίσαρα,
1443 1118 1600 1181 βραχύ
1636 1121 1982 1179 φροντίσαντες
2010 1119 2093 1165 ὅτι

262 1196 316 1242 ἐκ
352 1202 437 1243 τοῦ
472 1196 788 1256 βουλευτικοῦ
830 1197 1175 1260 διεγράφησαν.
1256 1199 1431 1242 Orosius
1461 1212 1526 1242 vl.
1560 1214 1596 1242 c.
1623 1202 1694 1241 15.
1743 1198 1905 1240 Caesar
1928 1199 2096 1242 Raven-

259 1294 362 1321 nam
393 1293 488 1320 sese
515 1277 716 1321 contulit.
784 1279 840 1320 M.
873 1277 1092 1319 Antonius
1125 1283 1167 1318 et
1200 1276 1250 1333 Q.
1285 1277 1467 1320 Cassius
1499 1276 1672 1320 tribuni
1695 1274 1844 1336 plebis
1871 1291 1956 1336 pro
1994 1277 2096 1319 Cae·

260 1372 360 1399 sare
391 1355 730 1410 intercedentes⁷
760 1353 1046 1397 interdicente
1078 1353 1265 1396 Lentulo
1283 1353 1483 1406 consule,
1517 1354 1644 1397 curia
1657 1353 1852 1413 foroque
1871 1355 2096 1413 prohibiti

260 1432 322 1476 ad
346 1434 572 1475 Caesarem
592 1432 794 1492 profecti
809 1439 938 1486 sunt,
978 1432 1163 1474 Curione
1194 1431 1334 1475 simul
1362 1431 1596 1490 Caelioque
1618 1432 1943 1478 comitantibus.
2009 1439 2094 1495 Ap·

261 1511 374 1572 pian.
409 1514 454 1554 B.
490 1513 531 1553 C.
565 1523 615 1553 11.
641 1526 676 1553 c.
707 1514 777 1554 33.
827 1510 1129 1561 Συνεξέθεον
1173 1509 1216 1554 δ’
1251 1509 1384 1571 αὐτῷ
1428 1512 1720 1573 (Uirunum)
1774 1515 1996 1573 Κουρίων
2043 1530 2096 1559 τε

263 1591 344 1635 καὶ
385 1590 631 1640 Κάσσιος·
664 1615 723 1623 --
756 1588 867 1634 Οἵδε
898 1587 985 1649 μὲν
1014 1589 1072 1647 δή
1112 1590 1250 1646 τάχει
1287 1589 1450 1651 πολλῷ
1478 1589 1596 1650 πρὸς
1614 1586 1874 1653 Καίσαρα,
1926 1592 2096 1647 νυκτὸς

265 1668 473 1724 αὐτίκα,
510 1669 748 1718 λαθόντες
781 1666 993 1729 ἐχώρουν
1033 1667 1112 1714 ἐπὶ
1162 1667 1406 1729 ὀχήματος
1437 1673 1726 1728 μισθωτοῦ,
1774 1673 2093 1732 θεραπόντων

264 1748 477 1806 ἐσθῆτας
520 1747 766 1798 ἐνδύντες.
832 1745 946 1791 Conf.
982 1747 1202 1792 Plutarch.
1237 1751 1349 1792 Caes,
1379 1764 1416 1793 c.
1445 1751 1517 1792 31.
1545 1751 1588 1793 2.
1621 1752 1772 1794 Zonar.
1798 1762 1843 1794 x.
1875 1766 1910 1794 e.
1933 1754 1973 1796 7.
2007 1750 2092 1795 Cic.

262 1827 372 1873 Phil.
408 1841 459 1877 ιι.
493 1844 528 1871 c.
548 1830 622 1871 21.
652 1830 725 1870 51.

339 1931 400 2006 (4)
443 1932 618 2003 Igitur
673 1937 891 1985 senatus
946 1929 1280 1994 consulibUS‚
1323 1929 1692 2000 praetoribus,
1743 1931 1979 1985 tribunis
2019 1929 2090 2003 pl.

261 2036 433 2105 iisque
481 2033 573 2104 qui
621 2029 965 2102 proconsules
1006 2030 1072 2084 ad
1118 2029 1311 2084 Urbem
1364 2036 1548 2094 erant,
1597 2033 1873 2101 negotium
1912 2031 2094 2096 dedit,

260 2142 330 2189 ut
369 2139 712 2196 curarent,
758 2148 833 2185 ne
875 2130 1031 2201 quid
1066 2129 1444 2201 respublica
1486 2129 1882 2186 detrimenti
1918 2149 2092 2205 cape·

259 2243 378 2290 ret.
423 2253 531 2288 vin.
575 2252 621 2288 ο.
650 2237 699 2288 2.
742 2237 790 2287 4.

318 2339 467 2380 Caesar
504 2338 547 2378 B.
583 2337 624 2377 C.
661 2347 691 2377 Ι.
721 2349 755 2376 c.
790 2337 830 2376 5.
881 2332 1146 2375 Decurritur
1188 2330 1249 2375 ad
1277 2331 1399 2375 illud
1432 2339 1676 2376 extremum
1708 2340 1842 2394 atque
1873 2334 2084 2380 ultimum

258 2412 723 2468 senatusconsultum,
772 2425 883 2471 qu0‚
931 2409 1024 2452 uisi
1058 2425 1201 2469 paene
1232 2410 1280 2452 in
1323 2409 1421 2470 ipso
1459 2409 1587 2454 Urbis
1625 2411 1824 2456 incendio
1861 2421 1995 2474 atque
2037 2415 2086 2458 in

258 2490 560 2550 desperatione
583 2490 776 2532 omnium
795 2487 960 2531 salutis
977 2523 989 2543 ,
1029 2487 1220 2532 latorum
1247 2486 1438 2532 audacia
1454 2505 1693 2550 numquam
1721 2498 1823 2534 ante
1846 2490 2091 2536 discessum

257 2575 355 2612 est:
389 2566 492 2610 dent
524 2581 700 2625 operam
731 2565 932 2609 consules
950 2599 962 2619 ‚
989 2573 1247 2625 praetores,
1282 2567 1455 2610 tribuni
1470 2566 1621 2628 plebis
1639 2601 1652 2623 ,
1695 2569 1859 2629 quique
1885 2568 2089 2613 consula·

256 2662 327 2690 res
353 2652 460 2688 sunt
489 2644 549 2687 ad
583 2643 733 2688 Urbem
752 2677 765 2698 ‚
798 2659 851 2686 ne
883 2642 994 2703 quid
1023 2641 1272 2702 respublica
1307 2643 1560 2689 detrimenti
1583 2648 1747 2706 capiat.
1812 2647 1928 2689 Haec
1961 2661 2088 2690 sena·

258 2721 537 2767 tusconsulta
576 2721 919 2781 perscribuntur
960 2739 1000 2766 a.
1047 2721 1088 2766 d.
1135 2734 1237 2766 vul.
1273 2722 1384 2765 Idus
1428 2724 1668 2767 lanuarias
1711 2725 1796 2782 [z
1841 2726 1868 2766 6
1913 2726 2086 2770 Ianuar.

259 2804 348 2844 '705
379 2815 443 2842 Ξ
472 2801 529 2842 18
557 2798 757 2841 Novemb.
791 2803 850 2843 50
871 2815 906 2842 a.
926 2801 1007 2857 C.].
1076 2799 1219 2843 Livius
1250 2801 1360 2861 Epit.
1395 2803 1495 2844 109.
1532 2805 1589 2845 Μ.
1620 2802 1808 2845 Antonio
1837 2808 1879 2844 et
1910 2801 1959 2859 Q.
1983 2803 2083 2845 Cas-

256 2879 323 2922 sio
352 2877 544 2922 tribunis
563 2875 712 2936 plebis
745 2904 804 2911 —-
843 2878 951 2922 Urbe
978 2877 1163 2938 pulsis,
1198 2878 1456 2922 mandatum
1489 2887 1556 2923 est
1583 2896 1610 2923 a
1642 2888 1799 2924 senatu
1831 2879 2087 2924 consulibus

257 2966 300 3002 et
338 2959 408 3000 Cn.
446 2956 673 3015 Pompeia,
717 2963 771 2999 ut
801 2957 1028 3009 viderent.
1072 2972 1125 2999 ne
1158 2955 1270 3016 quid
1310 2957 1565 3017 respublica
1605 2958 1858 3002 detrimenti
1896 2966 2083 3019 caperet.

225 3036 230 3039 ’
256 3037 339 3080 Cic.
366 3050 442 3095 pro
477 3034 670 3077 Deiotaro
697 3050 732 3077 c.
764 3037 803 3076 4.
835 3038 904 3077 11.
944 3033 1089 3090 Quum
1122 3034 1300 3079 audiret
1331 3036 1646 3094 (Deiotarus),
1690 3043 1873 3080 senatus
1909 3053 2088 3082 consen-

255 3114 410 3157 tientis
434 3112 701 3155 auctoritate
728 3128 852 3155 arma
882 3119 1061 3172 sumpta
1091 3128 1186 3156 esse
1195 3135 1211 3166 ‚·
1242 3113 1523 3170 consulibus,
1551 3115 1858 3175 praetoribus,
1890 3114 2085 3159 tribunis

246 3192 424 3252 plebis,
453 3190 579 3233 nobis
612 3190 953 3250 imperatoribus
980 3190 1295 3250 rempublicam
1330 3188 1647 3250 defendendam
1675 3191 1854 3248 datam5
1886 3194 2082 3238 moveba-

253 3278 328 3313 tur
360 3269 519 3312 ani-mo.
588 3268 660 3310 Dio
689 3281 776 3312 xm.
803 3284 838 3312 c.
861 3273 903 3312 3.
939 3273 979 3313 3.
1000 3289 1002 3291 >
1026 3271 1149 3315 Τότε
1176 3269 1263 3330 μὲν
1292 3265 1381 3317 οὖν
1417 3272 1551 3316 τοῦτ’
1578 3268 1830 3333 ἐγνώσθη,
1865 3275 1946 3317 καὶ
1974 3280 2079 3324 τοῖς

257 3347 461 3397 ὑπάτοις
507 3353 614 3398 ταῖς
648 3363 699 3391 τε
730 3346 901 3398 ἄλλαις
940 3346 1113 3409 ἀρχαῖς
1151 3347 1178 3406 ἦ
1208 3350 1398 3409 φυλακή
1428 3354 1511 3408 τῆς
1548 3351 1759 3409 πόλεως,
1800 3350 1958 3411 ὥσπερ
1985 3367 2077 3397 που

251 3425 426 3472 εἰώθει
456 3428 712 3489 γίγνεσθαι
730 3458 743 3482 ,
779 3424 1038 3492 ἐπετράπη.

330 3531 389 3605 (⁵)
434 3531 624 3585 Omnia
662 3533 876 3586 interim
921 3532 1102 3585 Cicero
1138 3532 1544 3602 experiebatur,
1593 3549 1726 3605 quae
1763 3535 1827 3588 ad
1859 3551 2074 3590 eoncor-
