2158 4030
242 222 309 271 26
820 233 1029 271 emeno
1075 233 1145 270 nc
1194 233 1329 271 vlu
1377 234 1482 272 5οΑ

237 372 488 431 sumunt,
527 381 631 420 non
659 382 913 438 repugno.
993 366 1144 421 Sint¹
1188 368 1290 421 ista
1317 367 1667 422 Graecorum:
1708 366 1960 436 quoniam
1987 367 2052 420 ab

237 468 321 523 his
359 467 745 540 philosophiam
785 474 839 522 et
883 485 1068 522 omnes
1107 469 1368 539 ingenuas
1412 450 1723 538 discipli-nas
1767 466 2052 520 habemus:

237 568 329 624 sed
349 574 370 606 2
403 574 583 622 tamen
617 574 729 622 tota
763 569 909 622 natio
945 569 1166 624 minime
1205 585 1292 622 me
1325 567 1585 622 delectat:
1634 572 1940 638 pertaesum
1974 572 2056 620 est

235 655 496 733 levitatiS,
537 669 946 733 assentationiS,
986 669 1287 723 animorum
1320 684 1425 721 non
1464 665 1682 731 officiiS,
1721 666 1814 721 sed
1852 672 2052 738 tempo-

235 770 384 825 ribus
410 771 775 825 servientium.
829 770 1031 824 Eorum
1051 771 1073 807 ³
1105 775 1286 824 autem
1308 774 1449 822 totae
1469 767 1801 840 respublicae
1821 766 2055 821 sedentis

235 870 506 924 concionis
538 869 840 923 temeritate
862 868 1330 923 administrantur.
1384 868 1599 940 Itaque,
1639 874 1702 923 ut
1732 867 1870 922 hanc
1897 867 2054 924 Grae-

236 969 400 1034 ciam,
453 986 588 1040 quae
634 968 838 1023 iamdiu
883 969 997 1023 suis
1043 968 1564 1045 consiliislperculsa
1608 976 1663 1024 et
1708 968 1904 1024 afflicta
1943 974 2055 1032 est,

234 1070 505 1123 omittam:
547 1068 637 1122 illa
663 1075 847 1134 veum,
887 1085 1022 1140 quae
1049 1069 1317 1141 quondam
1343 1069 1532 1141 opibus
1546 1099 1569 1134 ,-
1593 1069 1846 1140 imperio,
1885 1068 2054 1139 gloria

236 1168 417 1222 floruit
438 1210 453 1233 ,
506 1167 605 1223 hoc
650 1186 758 1223 uno
795 1169 935 1223 malo
973 1169 1243 1234 concidit,
1300 1169 1548 1224 libertate
1592 1167 1942 1223 immoderata
1993 1185 2056 1222 ac

236 1268 455 1324 licentia
499 1271 836 1324 concionum.
917 1270 1093 1338 Quum
1138 1271 1195 1324 in
1242 1269 1452 1326 theatro
1498 1270 1734 1341 imperiti
1786 1269 2058 1333 homineS,

234 1385 419 1424 rerum
470 1370 711 1424 omnium
751 1369 913 1426 rudes
959 1370 1277 1443 ignarique,
1330 1369 1710 1431 consederant;
1758 1376 1876 1424 tum
1920 1368 2057 1423 bella

236 1470 450 1524 inutilia
496 1471 896 1543 suscipiebant,
948 1477 1065 1526 tum
1113 1470 1392 1525 seditiosos
1437 1469 1681 1524 homines
1732 1467 2058 1541 reipublicae
2134 1518 2158 1550 ‚¹

234 1569 641 1642 praeficiebant,
674 1578 792 1626 tum
820 1573 1019 1644 optime
1046 1571 1268 1625 meritos
1288 1569 1432 1624 cives
1450 1585 1481 1624 e
1506 1569 1726 1624 civitate
1752 1568 2053 1627 eiiciehant.

235 1676 324 1726 57.
366 1671 505 1739 Quid
525 1676 547 1709 4
598 1673 705 1726 iam
745 1672 1077 1727 calamitates
1123 1670 1547 1725 clarissimorum
1592 1669 1832 1723 virorum
1866 1669 2054 1724 iniuri-

233 1788 397 1843 asque
423 1771 490 1825 iis
523 1771 589 1826 ab
622 1772 850 1843 ingratis
883 1772 1159 1844 impositas
1193 1770 1401 1826 civibus
1427 1769 1709 1840 colligam?
1769 1769 2058 1834 Notissima

233 1877 362 1925 sunt
393 1870 662 1943 exempla,
689 1872 980 1926 Miltiadem
1007 1873 1264 1926 victorem
1292 1870 1715 1942 domitoremque
1741 1871 2055 1935 Persarum,

234 1971 472 2025 nondum
498 1973 700 2026 sanatis
720 1971 1033 2026 vulneribus
1067 1973 1158 2037 iis,
1197 1989 1334 2044 quae
1366 1988 1586 2044 corpore
1619 1970 1841 2025 adverso
1869 1970 2055 2026 incla-

232 2072 449 2126 rissima
495 2072 722 2130 victoria
760 2073 1054 2143 accepisset
1073 2114 1089 2136 ,
1128 2073 1296 2128 vitam
1340 2089 1406 2127 ex
1443 2071 1682 2126 hostium
1721 2071 1843 2125 telis
1881 2088 2056 2126 serva-

233 2179 345 2226 tam
378 2172 435 2226 in
462 2172 664 2226 civium
697 2172 928 2227 vinculis
958 2171 1290 2244 profudisse,
1328 2177 1384 2226 et
1416 2170 1828 2226 Themistoclem
1854 2172 2059 2243 patria,
2107 2175 2111 2181 '

231 2289 395 2344 quam
432 2272 796 2338 liberavisset,
836 2273 1052 2361 pulsum
1087 2279 1248 2345 atque
1281 2273 1634 2346 proterritum
1672 2288 1778 2327 non
1811 2273 1868 2326 in
1901 2272 2058 2327 Grae-

232 2373 347 2428 ciae
379 2380 566 2445 portus
605 2390 702 2446 per
741 2390 798 2428 se
831 2380 1099 2439 servatOS,
1151 2373 1245 2430 sed
1278 2374 1334 2429 in
1366 2373 1646 2443 barbariae
1676 2374 1830 2428 sinus
1879 2372 2059 2428 confu-

232 2474 403 2546 gisse,
443 2491 605 2547 quam
639 2474 916 2530 afflixerat.
1216 2474 1221 2475 ⁷

307 2676 445 2731 XIX.
525 2680 614 2731 58.
655 2676 877 2748 Neque⁵
912 2683 1091 2732 tamen
1127 2695 1253 2749 ego,
1292 2693 1461 2750 quum
1495 2676 1561 2731 de
1599 2677 1748 2731 vitiis
1774 2678 1951 2748 gentis
1982 2676 2053 2731 lo-

234 2792 404 2848 quor,
444 2777 712 2831 neminem
746 2777 970 2849 excipiO.
1048 2778 1190 2842 Etss,
1230 2778 1277 2831 si
1316 2778 1440 2849 quis
1473 2793 1731 2848 umquam
1763 2776 1828 2831 de
1861 2777 2060 2832 nostris

234 2875 540 2931 hominibus
579 2893 611 2931 a
649 2882 806 2947 gente
845 2877 949 2931 ista
987 2877 1166 2931 studio
1204 2894 1266 2932 ac
1305 2877 1578 2932 voluntate
1617 2894 1722 2931 non
1768 2877 2059 2932 abhorrens

234 2977 366 3044 fuit,
406 2995 492 3033 me
524 2984 579 3034 et
611 2995 726 3033 esse
759 2978 1027 3050 arbitror,
1065 2985 1120 3034 et
1153 2980 1326 3051 magis
1353 2980 1516 3034 etiam
1543 2986 1691 3044 tum,
1731 2996 1899 3051 quum
1937 2979 2058 3051 plus

236 3087 351 3134 crat
384 3081 505 3145 otii,
545 3079 732 3134 fuisse:
774 3096 1002 3151 quorum
1022 3086 1045 3118 ⁷
1076 3080 1240 3135 libros
1273 3098 1440 3152 quum
1475 3081 1768 3136 studiosius
1800 3081 2057 3151 legerem,

235 3181 529 3236 sentiebam
581 3181 875 3236 orationem
926 3198 1099 3236 meam
1155 3182 1368 3237 illorum
1420 3189 1572 3238 tactu
1617 3183 1770 3254 quasi
1811 3181 2052 3235 colorari.

300 3361 338 3418 1)
370 3357 423 3403 (16
454 3358 594 3404 Finib.
629 3363 731 3405 Bon.
761 3367 805 3404 ct
834 3359 935 3404 Mal.
969 3361 1025 3403 ΙΙ.
1059 3375 1096 3405 6.
1115 3363 1186 3429 21.
1222 3362 1336 3418 §652
1369 3388 1427 3394 -
1461 3356 1588 3421 2)'ad
1607 3359 1826 3419 Quintum
1854 3362 1924 3404 Fr.
1951 3363 1985 3403 1.
2014 3362 2056 3402 2.

235 3454 273 3482 c.
291 3440 334 3483 2.
358 3439 383 3495 §
403 3440 444 3482 4.
477 3464 536 3471 —-
567 3439 607 3497 5)
626 3454 700 3498 pro
716 3438 865 3485 Flacco
880 3456 915 3486 6.
935 3442 979 3485 7.
1004 3441 1028 3498 §
1048 3442 1119 3484 16.
1154 3466 1211 3473 —-
1245 3439 1286 3498 4)
1302 3437 1355 3484 dc
1371 3437 1554 3501 Republ.
1573 3442 1607 3486 1.
1621 3454 1658 3490 c.
1674 3441 1714 3483 3.
1733 3440 1758 3495 ᾗ
1777 3441 1818 3482 5.
1843 3462 1900 3470 —
1925 3438 2057 3496 5)]110

240 3519 398 3561 Scauro
416 3531 450 3562 6.
470 3518 512 3562 2.
537 3518 561 3574 §
584 3519 651 3562 44.
689 3545 744 3553 —
780 3520 819 3577 6)
839 3535 913 3579 pro
933 3518 1084 3564 Flacco
1100 3534 1135 3564 c.
1157 3520 1196 3563 4.
1231 3519 1255 3573 ᾗ
1274 3519 1316 3563 9.
1350 3544 1405 3551 -
1441 3520 1480 3577 7)
1494 3516 1546 3564 dc
1569 3521 1693 3567 Orat.
1710 3520 1766 3563 ll.
1792 3532 1828 3562 6.
1844 3519 1915 3563 14.
1942 3517 1966 3572 ᾧ
1985 3520 2055 3561 60.
