<?xml version="1.0" encoding="UTF-8"?>
<!DOCTYPE html PUBLIC "-//W3C//DTD XHTML 1.0 Transitional//EN"
    "http://www.w3.org/TR/xhtml1/DTD/xhtml1-transitional.dtd">
<html xmlns="http://www.w3.org/1999/xhtml" xml:lang="en" lang="en">
 <head>
  <title>
</title>
<meta http-equiv="Content-Type" content="text/html;charset=utf-8" />
  <meta name='ocr-system' content='tesseract 3.04.00' />
  <meta name='ocr-capabilities' content='ocr_page ocr_carea ocr_par ocr_line ocrx_word'/>
</head>
<body>
  <div class='ocr_page' id='page_1' title='image "./mtulliiciceronis00suriuoft/mtulliiciceronis00suriuoft_0379.png"; bbox 0 0 2210 3970; ppageno 0'>
   <div class='ocr_carea' id='block_1_1' title="bbox 0 912 20 2323">
    <p class='ocr_par' dir='ltr' id='par_1_1' title="bbox 0 912 20 2323">
     <span class='ocr_line' id='line_1_1' title="bbox 0 912 20 2323; baseline 0 0"><span class='ocrx_word' id='word_1_1' title='bbox 0 912 20 2323; x_wconf 95' lang='lat' dir='ltr'><strong> </strong></span> 
     </span>
    </p>
   </div>
   <div class='ocr_carea' id='block_1_2' title="bbox 449 225 1961 299">
    <p class='ocr_par' dir='ltr' id='par_1_2' title="bbox 449 225 1961 299">
     <span class='ocr_line' id='line_1_2' title="bbox 449 225 1961 299; baseline -0.003 -16"><span class='ocrx_word' id='word_1_2' title='bbox 449 229 504 283; x_wconf 82' lang='lat' dir='ltr'><strong>L.</strong></span> <span class='ocrx_word' id='word_1_3' title='bbox 530 227 665 284; x_wconf 88' lang='lat' dir='ltr'>v111.</span> <span class='ocrx_word' id='word_1_4' title='bbox 708 244 753 281; x_wconf 71' lang='grc' dir='ltr'><strong>ο.</strong></span> <span class='ocrx_word' id='word_1_5' title='bbox 779 226 919 282; x_wconf 86' lang='lat' dir='ltr'>x111.</span> <span class='ocrx_word' id='word_1_6' title='bbox 960 225 999 299; x_wconf 67' lang='lat' dir='ltr'>g</span> <span class='ocrx_word' id='word_1_7' title='bbox 1027 227 1096 279; x_wconf 78' lang='lat'><strong>29</strong></span> <span class='ocrx_word' id='word_1_8' title='bbox 1136 254 1209 264; x_wconf 81' lang='lat'>-</span> <span class='ocrx_word' id='word_1_9' title='bbox 1253 242 1296 277; x_wconf 58' lang='grc' dir='ltr'><strong>ο.</strong></span> <span class='ocrx_word' id='word_1_10' title='bbox 1325 225 1459 279; x_wconf 77' lang='lat' dir='ltr'><strong>xiv.</strong></span> <span class='ocrx_word' id='word_1_11' title='bbox 1503 225 1541 298; x_wconf 66' lang='lat' dir='ltr'>g</span> <span class='ocrx_word' id='word_1_12' title='bbox 1568 230 1654 280; x_wconf 84' lang='lat'><strong>55.</strong></span> <span class='ocrx_word' id='word_1_13' title='bbox 1860 228 1961 279; x_wconf 78' lang='lat'><strong>561</strong></span> 
     </span>
    </p>
   </div>
   <div class='ocr_carea' id='block_1_3' title="bbox 91 375 1986 1746">
    <p class='ocr_par' dir='ltr' id='par_1_3' title="bbox 91 375 1986 1746">
     <span class='ocr_line' id='line_1_3' title="bbox 151 375 1974 453; baseline -0.005 -18"><span class='ocrx_word' id='word_1_14' title='bbox 151 397 287 436; x_wconf 76' lang='lat' dir='ltr'><strong>rem</strong></span> <span class='ocrx_word' id='word_1_15' title='bbox 334 380 868 453; x_wconf 74' lang='lat' dir='ltr'><em>frumentariam</em></span> <span class='ocrx_word' id='word_1_16' title='bbox 916 375 1050 430; x_wconf 71' lang='lat' dir='ltr'><strong>sibi</strong></span> <span class='ocrx_word' id='word_1_17' title='bbox 1098 394 1176 429; x_wconf 76' lang='lat' dir='ltr'><strong>ex</strong></span> <span class='ocrx_word' id='word_1_18' title='bbox 1222 377 1615 445; x_wconf 67' lang='lat' dir='ltr'><strong>provinciis</strong></span> <span class='ocrx_word' id='word_1_19' title='bbox 1663 377 1974 446; x_wconf 72' lang='lat' dir='ltr'><strong>suppedi-</strong></span> 
     </span>
     <span class='ocr_line' id='line_1_4' title="bbox 153 473 1974 535; baseline -0.003 -2"><span class='ocrx_word' id='word_1_20' title='bbox 153 481 291 535; x_wconf 76' lang='lat' dir='ltr'><strong>tari</strong></span> <span class='ocrx_word' id='word_1_21' title='bbox 322 473 553 535; x_wconf 77' lang='lat' dir='ltr'><strong>vellet.</strong></span> <span class='ocrx_word' id='word_1_22' title='bbox 636 485 722 534; x_wconf 85' lang='lat'><strong>51.</strong></span> <span class='ocrx_word' id='word_1_23' title='bbox 767 478 875 534; x_wconf 91' lang='lat' dir='ltr'><strong>Hoc</strong></span> <span class='ocrx_word' id='word_1_24' title='bbox 907 493 994 533; x_wconf 92' lang='lat' dir='ltr'><strong>mc</strong></span> <span class='ocrx_word' id='word_1_25' title='bbox 1029 475 1228 532; x_wconf 82' lang='lat' dir='ltr'><strong>frustra</strong></span> <span class='ocrx_word' id='word_1_26' title='bbox 1261 474 1495 530; x_wconf 82' lang='lat' dir='ltr'><strong>seribere</strong></span> <span class='ocrx_word' id='word_1_27' title='bbox 1529 475 1788 530; x_wconf 82' lang='lat' dir='ltr'><strong>videbam.</strong></span> <span class='ocrx_word' id='word_1_28' title='bbox 1872 475 1974 530; x_wconf 85' lang='lat' dir='ltr'><strong>Sed</strong></span> 
     </span>
     <span class='ocr_line' id='line_1_5' title="bbox 152 574 1976 650; baseline -0.004 -15"><span class='ocrx_word' id='word_1_29' title='bbox 152 581 231 635; x_wconf 90' lang='lat' dir='ltr'><strong>uti</strong></span> <span class='ocrx_word' id='word_1_30' title='bbox 285 581 340 636; x_wconf 88' lang='lat' dir='ltr'><strong>in</strong></span> <span class='ocrx_word' id='word_1_31' title='bbox 393 579 531 636; x_wconf 82' lang='lat' dir='ltr'><strong>Urbe</strong></span> <span class='ocrx_word' id='word_1_32' title='bbox 581 579 861 634; x_wconf 85' lang='lat' dir='ltr'><strong>retinenda</strong></span> <span class='ocrx_word' id='word_1_33' title='bbox 906 575 1203 650; x_wconf 88' lang='lat' dir='ltr'><strong>quondam,</strong></span> <span class='ocrx_word' id='word_1_34' title='bbox 1256 576 1333 629; x_wconf 92' lang='lat' dir='ltr'><strong>sic</strong></span> <span class='ocrx_word' id='word_1_35' title='bbox 1376 591 1521 630; x_wconf 90' lang='lat' dir='ltr'><strong>nunc</strong></span> <span class='ocrx_word' id='word_1_36' title='bbox 1573 576 1628 629; x_wconf 89' lang='lat' dir='ltr'><strong>in</strong></span> <span class='ocrx_word' id='word_1_37' title='bbox 1673 574 1828 629; x_wconf 89' lang='lat' dir='ltr'><strong>Italia</strong></span> <span class='ocrx_word' id='word_1_38' title='bbox 1873 590 1976 629; x_wconf 90' lang='lat' dir='ltr'><strong>non</strong></span> 
     </span>
     <span class='ocr_line' id='line_1_6' title="bbox 91 677 1979 752; baseline -0.002 -18"><span class='ocrx_word' id='word_1_39' title='bbox 91 705 108 724; x_wconf 86' lang='lat'><strong>·</strong></span> <span class='ocrx_word' id='word_1_40' title='bbox 151 678 502 752; x_wconf 85' lang='lat' dir='ltr'><strong>relinquenda</strong></span> <span class='ocrx_word' id='word_1_41' title='bbox 555 678 879 734; x_wconf 82' lang='lat' dir='ltr'><strong>testificabar</strong></span> <span class='ocrx_word' id='word_1_42' title='bbox 917 678 1238 733; x_wconf 81' lang='lat' dir='ltr'><strong>sententiam</strong></span> <span class='ocrx_word' id='word_1_43' title='bbox 1278 692 1468 732; x_wconf 87' lang='lat' dir='ltr'><strong>meam.</strong></span> <span class='ocrx_word' id='word_1_44' title='bbox 1562 677 1652 730; x_wconf 87' lang='lat' dir='ltr'><strong>Sic</strong></span> <span class='ocrx_word' id='word_1_45' title='bbox 1691 677 1836 731; x_wconf 90' lang='lat' dir='ltr'><strong>enim</strong></span> <span class='ocrx_word' id='word_1_46' title='bbox 1890 693 1979 747; x_wconf 87' lang='lat' dir='ltr'><strong>pa-</strong></span> 
     </span>
     <span class='ocr_line' id='line_1_7' title="bbox 153 776 1978 850; baseline -0.004 -13"><span class='ocrx_word' id='word_1_47' title='bbox 153 781 264 837; x_wconf 88' lang='lat' dir='ltr'><strong>rari</strong></span> <span class='ocrx_word' id='word_1_48' title='bbox 299 778 546 835; x_wconf 76' lang='lat' dir='ltr'><strong>videbam</strong></span> <span class='ocrx_word' id='word_1_49' title='bbox 568 821 583 844; x_wconf 94' lang='lat'><strong><em>‚</em></strong></span> <span class='ocrx_word' id='word_1_50' title='bbox 636 787 697 834; x_wconf 89' lang='lat' dir='ltr'><strong>ut</strong></span> <span class='ocrx_word' id='word_1_51' title='bbox 736 780 1017 835; x_wconf 79' lang='lat' dir='ltr'><strong>Luceriam</strong></span> <span class='ocrx_word' id='word_1_52' title='bbox 1056 794 1242 834; x_wconf 87' lang='lat' dir='ltr'><strong>omnes</strong></span> <span class='ocrx_word' id='word_1_53' title='bbox 1279 778 1462 850; x_wconf 87' lang='lat' dir='ltr'><strong>copiae</strong></span> <span class='ocrx_word' id='word_1_54' title='bbox 1505 776 1978 832; x_wconf 80' lang='lat' dir='ltr'><strong>contraherentur:</strong></span> 
     </span>
     <span class='ocr_line' id='line_1_8' title="bbox 151 876 1979 951; baseline -0.003 -16"><span class='ocrx_word' id='word_1_55' title='bbox 151 886 204 935; x_wconf 91' lang='lat' dir='ltr'><strong>et</strong></span> <span class='ocrx_word' id='word_1_56' title='bbox 243 894 311 935; x_wconf 86' lang='lat' dir='ltr'><strong>ne</strong></span> <span class='ocrx_word' id='word_1_57' title='bbox 355 880 402 934; x_wconf 88' lang='lat' dir='ltr'><strong>is</strong></span> <span class='ocrx_word' id='word_1_58' title='bbox 446 878 664 951; x_wconf 87' lang='lat' dir='ltr'><strong>quidem</strong></span> <span class='ocrx_word' id='word_1_59' title='bbox 718 879 866 934; x_wconf 88' lang='lat' dir='ltr'><strong>locus</strong></span> <span class='ocrx_word' id='word_1_60' title='bbox 917 876 1125 937; x_wconf 79' lang='lat' dir='ltr'><strong>stabilis</strong></span> <span class='ocrx_word' id='word_1_61' title='bbox 1170 884 1338 943; x_wconf 86' lang='lat' dir='ltr'><strong>esset,</strong></span> <span class='ocrx_word' id='word_1_62' title='bbox 1389 878 1484 935; x_wconf 88' lang='lat' dir='ltr'><strong>scd</strong></span> <span class='ocrx_word' id='word_1_63' title='bbox 1521 894 1585 934; x_wconf 85' lang='lat' dir='ltr'><strong>ex</strong></span> <span class='ocrx_word' id='word_1_64' title='bbox 1631 894 1693 934; x_wconf 90' lang='lat' dir='ltr'><strong>eo</strong></span> <span class='ocrx_word' id='word_1_65' title='bbox 1738 878 1882 950; x_wconf 91' lang='lat' dir='ltr'><strong>ipso,</strong></span> <span class='ocrx_word' id='word_1_66' title='bbox 1934 878 1979 930; x_wconf 89' lang='lat' dir='ltr'><strong>si</strong></span> 
     </span>
     <span class='ocr_line' id='line_1_9' title="bbox 151 977 1982 1051; baseline -0.002 -16"><span class='ocrx_word' id='word_1_67' title='bbox 151 982 501 1051; x_wconf 79' lang='lat' dir='ltr'><strong>urgeremur,</strong></span> <span class='ocrx_word' id='word_1_68' title='bbox 554 986 837 1051; x_wconf 83' lang='lat' dir='ltr'><strong>pararetur</strong></span> <span class='ocrx_word' id='word_1_69' title='bbox 883 979 1024 1051; x_wconf 83' lang='lat' dir='ltr'><strong>suga.</strong></span> <span class='ocrx_word' id='word_1_70' title='bbox 1118 977 1197 1033; x_wconf 76' lang='grc' dir='ltr'><strong>ΟΙ</strong></span> <span class='ocrx_word' id='word_1_71' title='bbox 1253 994 1368 1033; x_wconf 89' lang='lat' dir='ltr'><strong>rem</strong></span> <span class='ocrx_word' id='word_1_72' title='bbox 1422 984 1669 1051; x_wconf 83' lang='lat' dir='ltr'><strong>turpem,</strong></span> <span class='ocrx_word' id='word_1_73' title='bbox 1723 983 1778 1033; x_wconf 86' lang='lat' dir='ltr'><strong>et</strong></span> <span class='ocrx_word' id='word_1_74' title='bbox 1816 994 1877 1033; x_wconf 84' lang='lat' dir='ltr'><strong>ea</strong></span> <span class='ocrx_word' id='word_1_75' title='bbox 1923 992 1982 1031; x_wconf 87' lang='lat' dir='ltr'><strong>rc</strong></span> 
     </span>
     <span class='ocr_line' id='line_1_10' title="bbox 147 1078 1977 1150; baseline -0.001 -15"><span class='ocrx_word' id='word_1_76' title='bbox 147 1081 426 1136; x_wconf 76' lang='lat' dir='ltr'><strong>miseram!</strong></span> <span class='ocrx_word' id='word_1_77' title='bbox 468 1081 547 1135; x_wconf 88' lang='lat' dir='ltr'><strong>sie</strong></span> <span class='ocrx_word' id='word_1_78' title='bbox 586 1081 730 1135; x_wconf 89' lang='lat' dir='ltr'><strong>enim</strong></span> <span class='ocrx_word' id='word_1_79' title='bbox 761 1081 962 1143; x_wconf 88' lang='lat' dir='ltr'><strong>sentie,</strong></span> <span class='ocrx_word' id='word_1_80' title='bbox 996 1079 1050 1133; x_wconf 84' lang='lat' dir='ltr'><strong>id</strong></span> <span class='ocrx_word' id='word_1_81' title='bbox 1083 1078 1327 1142; x_wconf 88' lang='lat' dir='ltr'><strong>demum,</strong></span> <span class='ocrx_word' id='word_1_82' title='bbox 1367 1085 1463 1134; x_wconf 91' lang='lat' dir='ltr'><strong>aut</strong></span> <span class='ocrx_word' id='word_1_83' title='bbox 1499 1078 1677 1150; x_wconf 90' lang='lat' dir='ltr'><strong>potius</strong></span> <span class='ocrx_word' id='word_1_84' title='bbox 1710 1078 1763 1132; x_wconf 91' lang='lat' dir='ltr'><strong>id</strong></span> <span class='ocrx_word' id='word_1_85' title='bbox 1803 1078 1977 1133; x_wconf 87' lang='lat' dir='ltr'><strong>solum</strong></span> 
     </span>
     <span class='ocr_line' id='line_1_11' title="bbox 149 1177 1980 1252; baseline -0.002 -16"><span class='ocrx_word' id='word_1_86' title='bbox 149 1197 266 1236; x_wconf 85' lang='lat' dir='ltr'><strong>esse</strong></span> <span class='ocrx_word' id='word_1_87' title='bbox 308 1180 570 1236; x_wconf 86' lang='lat' dir='ltr'><strong>miserum</strong></span> <span class='ocrx_word' id='word_1_88' title='bbox 590 1222 606 1244; x_wconf 95' lang='lat'><strong>,</strong></span> <span class='ocrx_word' id='word_1_89' title='bbox 658 1179 799 1252; x_wconf 89' lang='lat' dir='ltr'><strong>quod</strong></span> <span class='ocrx_word' id='word_1_90' title='bbox 841 1186 997 1252; x_wconf 86' lang='lat' dir='ltr'><strong>turpe</strong></span> <span class='ocrx_word' id='word_1_91' title='bbox 1044 1180 1131 1235; x_wconf 88' lang='lat' dir='ltr'><strong>sit.</strong></span> <span class='ocrx_word' id='word_1_92' title='bbox 1211 1177 1436 1234; x_wconf 83' lang='lat' dir='ltr'><strong>Aluer&#39;at</strong></span> <span class='ocrx_word' id='word_1_93' title='bbox 1474 1179 1782 1241; x_wconf 87' lang='lat' dir='ltr'><strong>Caesarem;</strong></span> <span class='ocrx_word' id='word_1_94' title='bbox 1833 1194 1980 1234; x_wconf 88' lang='lat' dir='ltr'><strong>eum·</strong></span> 
     </span>
     <span class='ocr_line' id='line_1_12' title="bbox 154 1278 1981 1353; baseline -0.001 -18"><span class='ocrx_word' id='word_1_95' title='bbox 154 1279 279 1337; x_wconf 77' lang='lat' dir='ltr'><strong>dem¹</strong></span> <span class='ocrx_word' id='word_1_96' title='bbox 316 1287 539 1353; x_wconf 83' lang='lat' dir='ltr'><strong>repente</strong></span> <span class='ocrx_word' id='word_1_97' title='bbox 597 1282 789 1335; x_wconf 89' lang='lat' dir='ltr'><strong>timere</strong></span> <span class='ocrx_word' id='word_1_98' title='bbox 845 1285 1120 1351; x_wconf 85' lang='lat' dir='ltr'><strong>coeperat;</strong></span> <span class='ocrx_word' id='word_1_99' title='bbox 1170 1279 1533 1335; x_wconf 86' lang='lat' dir='ltr'><strong>conditionem</strong></span> <span class='ocrx_word' id='word_1_100' title='bbox 1581 1280 1728 1351; x_wconf 87' lang='lat' dir='ltr'><strong>pacis</strong></span> <span class='ocrx_word' id='word_1_101' title='bbox 1778 1278 1981 1334; x_wconf 87' lang='lat' dir='ltr'><strong>nullam</strong></span> 
     </span>
     <span class='ocr_line' id='line_1_13' title="bbox 147 1377 1983 1453; baseline -0.001 -18"><span class='ocrx_word' id='word_1_102' title='bbox 147 1379 425 1453; x_wconf 65' lang='lat' dir='ltr'><strong>probaram</strong></span> <span class='ocrx_word' id='word_1_103' title='bbox 464 1377 600 1434; x_wconf 88' lang='lat' dir='ltr'><strong>nihil</strong></span> <span class='ocrx_word' id='word_1_104' title='bbox 632 1378 699 1432; x_wconf 88' lang='lat' dir='ltr'><strong>ad</strong></span> <span class='ocrx_word' id='word_1_105' title='bbox 731 1377 930 1433; x_wconf 87' lang='lat' dir='ltr'><strong>bellum</strong></span> <span class='ocrx_word' id='word_1_106' title='bbox 964 1385 1203 1449; x_wconf 84' lang='lat' dir='ltr'><strong>pararat:</strong></span> <span class='ocrx_word' id='word_1_107' title='bbox 1245 1378 1439 1432; x_wconf 83' lang='lat' dir='ltr'><strong>Urbem</strong></span> <span class='ocrx_word' id='word_1_108' title='bbox 1474 1378 1798 1449; x_wconf 81' lang='lat' dir='ltr'><strong>reliquerat:</strong></span> <span class='ocrx_word' id='word_1_109' title='bbox 1838 1379 1983 1433; x_wconf 82' lang='lat' dir='ltr'><strong>Pice-</strong></span> 
     </span>
     <span class='ocr_line' id='line_1_14' title="bbox 149 1477 1982 1550; baseline -0.001 -15"><span class='ocrx_word' id='word_1_110' title='bbox 149 1495 291 1536; x_wconf 46' lang='lat' dir='ltr'><strong>num,</strong></span> <span class='ocrx_word' id='word_1_111' title='bbox 311 1479 568 1536; x_wconf 86' lang='lat' dir='ltr'><strong>amiserat</strong></span> <span class='ocrx_word' id='word_1_112' title='bbox 601 1478 786 1550; x_wconf 60' lang='lat' dir='ltr'><strong>culpan</strong></span> <span class='ocrx_word' id='word_1_113' title='bbox 837 1478 894 1533; x_wconf 87' lang='lat' dir='ltr'><strong>in</strong></span> <span class='ocrx_word' id='word_1_114' title='bbox 934 1477 1184 1549; x_wconf 87' lang='lat' dir='ltr'><strong>Apuliam</strong></span> <span class='ocrx_word' id='word_1_115' title='bbox 1226 1494 1283 1532; x_wconf 88' lang='lat' dir='ltr'><strong>se</strong></span> <span class='ocrx_word' id='word_1_116' title='bbox 1320 1485 1690 1550; x_wconf 85' lang='lat' dir='ltr'><strong>compegerat;</strong></span> <span class='ocrx_word' id='word_1_117' title='bbox 1730 1480 1837 1534; x_wconf 89' lang='lat' dir='ltr'><strong>iam</strong></span> <span class='ocrx_word' id='word_1_118' title='bbox 1880 1480 1982 1534; x_wconf 88' lang='lat' dir='ltr'><strong>itu·</strong></span> 
     </span>
     <span class='ocr_line' id='line_1_15' title="bbox 150 1579 1986 1653; baseline -0.002 -16"><span class='ocrx_word' id='word_1_119' title='bbox 150 1597 247 1637; x_wconf 84' lang='lat' dir='ltr'><strong>rus</strong></span> <span class='ocrx_word' id='word_1_120' title='bbox 282 1581 495 1638; x_wconf 65' lang='lat' dir='ltr'><strong>eratin</strong></span> <span class='ocrx_word' id='word_1_121' title='bbox 527 1579 831 1641; x_wconf 82' lang='lat' dir='ltr'><strong>Graeciam:</strong></span> <span class='ocrx_word' id='word_1_122' title='bbox 869 1593 1056 1635; x_wconf 87' lang='lat' dir='ltr'><strong>omnes</strong></span> <span class='ocrx_word' id='word_1_123' title='bbox 1094 1595 1190 1633; x_wconf 88' lang='lat' dir='ltr'><strong>nos</strong></span> <span class='ocrx_word' id='word_1_124' title='bbox 1227 1579 1694 1649; x_wconf 72' lang='grc' dir='ltr'><strong>οἱπροςφωιήτους,</strong></span> <span class='ocrx_word' id='word_1_125' title='bbox 1733 1587 1986 1653; x_wconf 82' lang='lat' dir='ltr'><strong>expertes</strong></span> 
     </span>
     <span class='ocr_line' id='line_1_16' title="bbox 155 1678 1498 1746; baseline -0.001 -10"><span class='ocrx_word' id='word_1_126' title='bbox 155 1682 241 1738; x_wconf 85' lang='lat' dir='ltr'><strong>sui</strong></span> <span class='ocrx_word' id='word_1_127' title='bbox 273 1679 439 1746; x_wconf 87' lang='lat' dir='ltr'><strong>tanti,</strong></span> <span class='ocrx_word' id='word_1_128' title='bbox 479 1685 592 1738; x_wconf 83' lang='lat' dir='ltr'><strong>tam</strong></span> <span class='ocrx_word' id='word_1_129' title='bbox 630 1680 876 1736; x_wconf 82' lang='lat' dir='ltr'><strong>inusitati</strong></span> <span class='ocrx_word' id='word_1_130' title='bbox 909 1678 1152 1744; x_wconf 86' lang='lat' dir='ltr'><strong>consilii,</strong></span> <span class='ocrx_word' id='word_1_131' title='bbox 1191 1678 1498 1736; x_wconf 88' lang='lat' dir='ltr'><strong>relicturus.</strong></span> 
     </span>
    </p>
   </div>
   <div class='ocr_carea' id='block_1_4' title="bbox 150 1881 1990 3263">
    <p class='ocr_par' dir='ltr' id='par_1_4' title="bbox 150 1881 1990 3263">
     <span class='ocr_line' id='line_1_17' title="bbox 196 1881 1986 1957; baseline 0 -17"><span class='ocrx_word' id='word_1_132' title='bbox 196 1882 366 1940; x_wconf 77' lang='lat' dir='ltr'><strong>xlv.</strong></span> <span class='ocrx_word' id='word_1_133' title='bbox 443 1886 533 1939; x_wconf 73' lang='grc'><strong>52.</strong></span> <span class='ocrx_word' id='word_1_134' title='bbox 576 1882 799 1940; x_wconf 73' lang='lat' dir='ltr'><strong>Interim</strong></span> <span class='ocrx_word' id='word_1_135' title='bbox 822 1887 862 1948; x_wconf 83' lang='lat'><strong>²,</strong></span> <span class='ocrx_word' id='word_1_136' title='bbox 902 1881 1140 1938; x_wconf 90' lang='lat' dir='ltr'><strong>nondum</strong></span> <span class='ocrx_word' id='word_1_137' title='bbox 1180 1882 1316 1938; x_wconf 85' lang='lat' dir='ltr'><strong>meis</strong></span> <span class='ocrx_word' id='word_1_138' title='bbox 1344 1882 1541 1940; x_wconf 87' lang='lat' dir='ltr'><strong>litteris</strong></span> <span class='ocrx_word' id='word_1_139' title='bbox 1572 1883 1639 1939; x_wconf 87' lang='lat' dir='ltr'><strong>ad</strong></span> <span class='ocrx_word' id='word_1_140' title='bbox 1674 1883 1986 1957; x_wconf 83' lang='lat' dir='ltr'><strong>Pompeium</strong></span> 
     </span>
     <span class='ocr_line' id='line_1_18' title="bbox 150 1981 1986 2057; baseline 0 -17"><span class='ocrx_word' id='word_1_141' title='bbox 150 1982 401 2057; x_wconf 77' lang='lat' dir='ltr'><strong>perlatis,</strong></span> <span class='ocrx_word' id='word_1_142' title='bbox 440 1999 507 2040; x_wconf 84' lang='lat' dir='ltr'><strong>ex</strong></span> <span class='ocrx_word' id='word_1_143' title='bbox 545 1984 614 2039; x_wconf 91' lang='lat' dir='ltr'><strong>iis</strong></span> <span class='ocrx_word' id='word_1_144' title='bbox 653 1981 952 2046; x_wconf 86' lang='lat' dir='ltr'><strong>mandatis,</strong></span> <span class='ocrx_word' id='word_1_145' title='bbox 992 1998 1131 2055; x_wconf 87' lang='lat' dir='ltr'><strong>quae</strong></span> <span class='ocrx_word' id='word_1_146' title='bbox 1158 1982 1219 2039; x_wconf 83' lang='grc' dir='ltr'><strong>Ι).</strong></span> <span class='ocrx_word' id='word_1_147' title='bbox 1242 1982 1420 2038; x_wconf 88' lang='lat' dir='ltr'><strong>Laelio</strong></span> <span class='ocrx_word' id='word_1_148' title='bbox 1448 1983 1514 2038; x_wconf 90' lang='lat' dir='ltr'><strong>ad</strong></span> <span class='ocrx_word' id='word_1_149' title='bbox 1553 1984 1801 2040; x_wconf 85' lang='lat' dir='ltr'><strong>consules</strong></span> <span class='ocrx_word' id='word_1_150' title='bbox 1831 1982 1986 2040; x_wconf 86' lang='lat' dir='ltr'><strong>dede-</strong></span> 
     </span>
     <span class='ocr_line' id='line_1_19' title="bbox 154 2081 1986 2156; baseline 0 -17"><span class='ocrx_word' id='word_1_151' title='bbox 154 2084 526 2150; x_wconf 42' lang='lat' dir='ltr'><strong>rauscertior</strong></span> <span class='ocrx_word' id='word_1_152' title='bbox 573 2084 743 2156; x_wconf 84' lang='lat' dir='ltr'><strong>ipsius</strong></span> <span class='ocrx_word' id='word_1_153' title='bbox 793 2082 1003 2139; x_wconf 88' lang='lat' dir='ltr'><strong>consilii</strong></span> <span class='ocrx_word' id='word_1_154' title='bbox 1050 2081 1260 2147; x_wconf 80' lang='lat' dir='ltr'><strong>sactuS,</strong></span> <span class='ocrx_word' id='word_1_155' title='bbox 1313 2098 1419 2137; x_wconf 92' lang='lat' dir='ltr'><strong>non</strong></span> <span class='ocrx_word' id='word_1_156' title='bbox 1464 2085 1805 2155; x_wconf 84' lang='lat' dir='ltr'><strong>exspectavi,</strong></span> <span class='ocrx_word' id='word_1_157' title='bbox 1857 2084 1986 2139; x_wconf 90' lang='lat' dir='ltr'><strong>dum</strong></span> 
     </span>
     <span class='ocr_line' id='line_1_20' title="bbox 152 2181 1990 2256; baseline 0 -17"><span class='ocrx_word' id='word_1_158' title='bbox 152 2181 383 2239; x_wconf 72' lang='lat' dir='ltr'><strong>mihi-‘ah</strong></span> <span class='ocrx_word' id='word_1_159' title='bbox 416 2184 532 2256; x_wconf 90' lang='lat' dir='ltr'><strong>ipso</strong></span> <span class='ocrx_word' id='word_1_160' title='bbox 556 2181 769 2238; x_wconf 85' lang='lat' dir='ltr'><strong>litterae</strong></span> <span class='ocrx_word' id='word_1_161' title='bbox 796 2181 1176 2247; x_wconf 83' lang='lat' dir='ltr'><strong>redderentur,</strong></span> <span class='ocrx_word' id='word_1_162' title='bbox 1215 2181 1608 2254; x_wconf 79' lang='lat' dir='ltr'><strong>confestimque</strong></span> <span class='ocrx_word' id='word_1_163' title='bbox 1635 2199 1759 2239; x_wconf 89' lang='lat' dir='ltr'><strong>eum</strong></span> <span class='ocrx_word' id='word_1_164' title='bbox 1789 2184 1990 2252; x_wconf 83' lang='lat' dir='ltr'><strong>Quinto</strong></span> 
     </span>
     <span class='ocr_line' id='line_1_21' title="bbox 152 2282 1988 2356; baseline 0.001 -17"><span class='ocrx_word' id='word_1_165' title='bbox 152 2283 319 2340; x_wconf 82' lang='lat' dir='ltr'><strong>frat-re</strong></span> <span class='ocrx_word' id='word_1_166' title='bbox 343 2290 407 2340; x_wconf 84' lang='lat' dir='ltr'><strong>et</strong></span> <span class='ocrx_word' id='word_1_167' title='bbox 445 2299 571 2341; x_wconf 90' lang='lat' dir='ltr'><strong>cum</strong></span> <span class='ocrx_word' id='word_1_168' title='bbox 605 2283 790 2339; x_wconf 83' lang='lat' dir='ltr'><strong>liberis</strong></span> <span class='ocrx_word' id='word_1_169' title='bbox 818 2284 1019 2338; x_wconf 87' lang='lat' dir='ltr'><strong>nostris</strong></span> <span class='ocrx_word' id='word_1_170' title='bbox 1057 2284 1161 2338; x_wconf 87' lang='lat' dir='ltr'><strong>iter</strong></span> <span class='ocrx_word' id='word_1_171' title='bbox 1199 2282 1267 2337; x_wconf 89' lang='lat' dir='ltr'><strong>ad</strong></span> <span class='ocrx_word' id='word_1_172' title='bbox 1296 2283 1609 2355; x_wconf 88' lang='lat' dir='ltr'><strong>Pompeium</strong></span> <span class='ocrx_word' id='word_1_173' title='bbox 1643 2285 1706 2339; x_wconf 82' lang='lat' dir='ltr'><strong>in</strong></span> <span class='ocrx_word' id='word_1_174' title='bbox 1739 2284 1988 2356; x_wconf 85' lang='lat' dir='ltr'><strong>Apuliam</strong></span> 
     </span>
     <span class='ocr_line' id='line_1_22' title="bbox 158 2382 1989 2459; baseline 0.002 -20"><span class='ocrx_word' id='word_1_175' title='bbox 158 2383 532 2459; x_wconf 66' lang='lat' dir='ltr'><strong>faeerweoepi.</strong></span> <span class='ocrx_word' id='word_1_176' title='bbox 613 2384 791 2453; x_wconf 83' lang='lat' dir='ltr'><strong>Quum</strong></span> <span class='ocrx_word' id='word_1_177' title='bbox 833 2384 1074 2439; x_wconf 84' lang='lat' dir='ltr'><strong>Teanum</strong></span> <span class='ocrx_word' id='word_1_178' title='bbox 1107 2382 1412 2439; x_wconf 83' lang='lat' dir='ltr'><strong>Sidicinum</strong></span> <span class='ocrx_word' id='word_1_179' title='bbox 1450 2385 1741 2449; x_wconf 86' lang='lat' dir='ltr'><strong>venissem,</strong></span> <span class='ocrx_word' id='word_1_180' title='bbox 1779 2386 1836 2440; x_wconf 89' lang='lat' dir='ltr'><strong>C.</strong></span> <span class='ocrx_word' id='word_1_181' title='bbox 1858 2386 1989 2442; x_wconf 73' lang='lat' dir='ltr'><strong>Mes·</strong></span> 
     </span>
     <span class='ocr_line' id='line_1_23' title="bbox 155 2482 1990 2557; baseline 0.002 -17"><span class='ocrx_word' id='word_1_182' title='bbox 155 2485 296 2544; x_wconf 62' lang='lat' dir='ltr'><strong>sius«</strong></span> <span class='ocrx_word' id='word_1_183' title='bbox 315 2484 450 2543; x_wconf 79' lang='lat' dir='ltr'><strong>mihi</strong></span> <span class='ocrx_word' id='word_1_184' title='bbox 501 2483 640 2541; x_wconf 79' lang='lat' dir='ltr'><strong>dixit</strong></span> <span class='ocrx_word' id='word_1_185' title='bbox 698 2485 897 2557; x_wconf 84' lang='lat' dir='ltr'><strong>aliique</strong></span> <span class='ocrx_word' id='word_1_186' title='bbox 934 2482 1267 2557; x_wconf 86' lang='lat' dir='ltr'><strong>complures,</strong></span> <span class='ocrx_word' id='word_1_187' title='bbox 1317 2483 1597 2539; x_wconf 85' lang='lat' dir='ltr'><strong>Gaesarem</strong></span> <span class='ocrx_word' id='word_1_188' title='bbox 1638 2484 1743 2540; x_wconf 87' lang='lat' dir='ltr'><strong>iter</strong></span> <span class='ocrx_word' id='word_1_189' title='bbox 1795 2484 1990 2543; x_wconf 87' lang='lat' dir='ltr'><strong>hahere</strong></span> 
     </span>
     <span class='ocr_line' id='line_1_24' title="bbox 151 2583 1989 2660; baseline 0.001 -19"><span class='ocrx_word' id='word_1_190' title='bbox 151 2585 416 2660; x_wconf 81' lang='lat' dir='ltr'><strong>Capuam,</strong></span> <span class='ocrx_word' id='word_1_191' title='bbox 467 2592 522 2641; x_wconf 87' lang='lat' dir='ltr'><strong>et</strong></span> <span class='ocrx_word' id='word_1_192' title='bbox 559 2602 622 2641; x_wconf 82' lang='lat' dir='ltr'><strong>eo</strong></span> <span class='ocrx_word' id='word_1_193' title='bbox 661 2586 776 2658; x_wconf 87' lang='lat' dir='ltr'><strong>ipso</strong></span> <span class='ocrx_word' id='word_1_194' title='bbox 812 2583 900 2640; x_wconf 89' lang='lat' dir='ltr'><strong>die</strong></span> <span class='ocrx_word' id='word_1_195' title='bbox 939 2599 1259 2640; x_wconf 87' lang='lat' dir='ltr'><strong>mansurum</strong></span> <span class='ocrx_word' id='word_1_196' title='bbox 1298 2599 1416 2639; x_wconf 87' lang='lat' dir='ltr'><strong>esse</strong></span> <span class='ocrx_word' id='word_1_197' title='bbox 1454 2585 1757 2641; x_wconf 84' lang='lat' dir='ltr'><strong>Aeserniae.</strong></span> <span class='ocrx_word' id='word_1_198' title='bbox 1850 2587 1989 2643; x_wconf 88' lang='lat' dir='ltr'><strong>Sane</strong></span> 
     </span>
     <span class='ocr_line' id='line_1_25' title="bbox 155 2685 1988 2758; baseline 0.001 -15"><span class='ocrx_word' id='word_1_199' title='bbox 155 2701 279 2743; x_wconf 75' lang='lat' dir='ltr'><strong>sum</strong></span> <span class='ocrx_word' id='word_1_200' title='bbox 306 2691 616 2743; x_wconf 40' lang='lat' dir='ltr'><strong>,commotus</strong></span> <span class='ocrx_word' id='word_1_201' title='bbox 635 2727 653 2752; x_wconf 92' lang='lat'><strong>,</strong></span> <span class='ocrx_word' id='word_1_202' title='bbox 689 2685 831 2758; x_wconf 86' lang='lat' dir='ltr'><strong>quod</strong></span> <span class='ocrx_word' id='word_1_203' title='bbox 851 2728 866 2751; x_wconf 96' lang='lat'><strong>,</strong></span> <span class='ocrx_word' id='word_1_204' title='bbox 920 2686 967 2740; x_wconf 88' lang='lat' dir='ltr'><strong>si</strong></span> <span class='ocrx_word' id='word_1_205' title='bbox 1007 2687 1084 2741; x_wconf 85' lang='lat' dir='ltr'><strong>ita</strong></span> <span class='ocrx_word' id='word_1_206' title='bbox 1121 2692 1291 2750; x_wconf 87' lang='lat' dir='ltr'><strong>esset,</strong></span> <span class='ocrx_word' id='word_1_207' title='bbox 1331 2701 1437 2741; x_wconf 91' lang='lat' dir='ltr'><strong>non</strong></span> <span class='ocrx_word' id='word_1_208' title='bbox 1474 2685 1634 2741; x_wconf 89' lang='lat' dir='ltr'><strong>modo</strong></span> <span class='ocrx_word' id='word_1_209' title='bbox 1666 2687 1772 2742; x_wconf 89' lang='lat' dir='ltr'><strong>iter</strong></span> <span class='ocrx_word' id='word_1_210' title='bbox 1805 2704 1988 2745; x_wconf 87' lang='lat' dir='ltr'><strong>meum</strong></span> 
     </span>
     <span class='ocr_line' id='line_1_26' title="bbox 155 2783 1988 2859; baseline 0.003 -20"><span class='ocrx_word' id='word_1_211' title='bbox 155 2783 540 2851; x_wconf 68' lang='lat' dir='ltr'><strong>interclusum,</strong></span> <span class='ocrx_word' id='word_1_212' title='bbox 578 2784 672 2841; x_wconf 90' lang='lat' dir='ltr'><strong>sed</strong></span> <span class='ocrx_word' id='word_1_213' title='bbox 705 2801 793 2840; x_wconf 89' lang='lat' dir='ltr'><strong>me</strong></span> <span class='ocrx_word' id='word_1_214' title='bbox 820 2787 997 2858; x_wconf 90' lang='lat' dir='ltr'><strong>ipsum</strong></span> <span class='ocrx_word' id='word_1_215' title='bbox 1031 2786 1188 2859; x_wconf 87' lang='lat' dir='ltr'><strong>plane</strong></span> <span class='ocrx_word' id='word_1_216' title='bbox 1218 2791 1505 2857; x_wconf 84' lang='lat' dir='ltr'><strong>exceptum</strong></span> <span class='ocrx_word' id='word_1_217' title='bbox 1531 2785 1804 2858; x_wconf 89' lang='lat' dir='ltr'><strong>putabam.</strong></span> <span class='ocrx_word' id='word_1_218' title='bbox 1884 2790 1988 2845; x_wconf 87' lang='lat' dir='ltr'><strong>lta·</strong></span> 
     </span>
     <span class='ocr_line' id='line_1_27' title="bbox 157 2884 1988 2960; baseline 0.004 -20"><span class='ocrx_word' id='word_1_219' title='bbox 157 2900 262 2956; x_wconf 86' lang='lat' dir='ltr'><strong>que</strong></span> <span class='ocrx_word' id='word_1_220' title='bbox 309 2891 429 2941; x_wconf 87' lang='lat' dir='ltr'><strong>tum</strong></span> <span class='ocrx_word' id='word_1_221' title='bbox 467 2884 618 2941; x_wconf 87' lang='lat' dir='ltr'><strong>Cales</strong></span> <span class='ocrx_word' id='word_1_222' title='bbox 656 2887 926 2958; x_wconf 87' lang='lat' dir='ltr'><strong>processi,</strong></span> <span class='ocrx_word' id='word_1_223' title='bbox 979 2894 1041 2944; x_wconf 88' lang='lat' dir='ltr'><strong>ut</strong></span> <span class='ocrx_word' id='word_1_224' title='bbox 1092 2887 1167 2943; x_wconf 90' lang='lat' dir='ltr'><strong>ihi</strong></span> <span class='ocrx_word' id='word_1_225' title='bbox 1220 2887 1561 2960; x_wconf 88' lang='lat' dir='ltr'><strong>potissimum</strong></span> <span class='ocrx_word' id='word_1_226' title='bbox 1607 2890 1988 2957; x_wconf 87' lang='lat' dir='ltr'><strong>consisterem,</strong></span> 
     </span>
     <span class='ocr_line' id='line_1_28' title="bbox 157 2983 1986 3059; baseline 0.003 -19"><span class='ocrx_word' id='word_1_227' title='bbox 157 2983 288 3040; x_wconf 81' lang='lat' dir='ltr'><strong>dum</strong></span> <span class='ocrx_word' id='word_1_228' title='bbox 320 2990 531 3040; x_wconf 88' lang='lat' dir='ltr'><strong>eertum</strong></span> <span class='ocrx_word' id='word_1_229' title='bbox 571 2983 724 3039; x_wconf 89' lang='lat' dir='ltr'><strong>nohis</strong></span> <span class='ocrx_word' id='word_1_230' title='bbox 756 2985 823 3040; x_wconf 85' lang='lat' dir='ltr'><strong>ab</strong></span> <span class='ocrx_word' id='word_1_231' title='bbox 860 2986 1117 3043; x_wconf 84' lang='lat' dir='ltr'><strong>Aesernia</strong></span> <span class='ocrx_word' id='word_1_232' title='bbox 1156 2987 1222 3043; x_wconf 88' lang='lat' dir='ltr'><strong>de</strong></span> <span class='ocrx_word' id='word_1_233' title='bbox 1255 3003 1345 3052; x_wconf 88' lang='lat' dir='ltr'><strong>ee,</strong></span> <span class='ocrx_word' id='word_1_234' title='bbox 1385 2984 1527 3059; x_wconf 90' lang='lat' dir='ltr'><strong>quod</strong></span> <span class='ocrx_word' id='word_1_235' title='bbox 1559 2985 1866 3053; x_wconf 85' lang='lat' dir='ltr'><strong>audieram,</strong></span> <span class='ocrx_word' id='word_1_236' title='bbox 1906 3007 1986 3046; x_wconf 87' lang='lat' dir='ltr'><strong>re·</strong></span> 
     </span>
     <span class='ocr_line' id='line_1_29' title="bbox 161 3083 1990 3162; baseline 0.004 -24"><span class='ocrx_word' id='word_1_237' title='bbox 161 3083 412 3140; x_wconf 83' lang='lat' dir='ltr'><strong>ferretur.</strong></span> <span class='ocrx_word' id='word_1_238' title='bbox 511 3088 598 3140; x_wconf 82' lang='lat'><strong>55.</strong></span> <span class='ocrx_word' id='word_1_239' title='bbox 642 3083 821 3152; x_wconf 86' lang='lat' dir='ltr'><strong>Quum</strong></span> <span class='ocrx_word' id='word_1_240' title='bbox 877 3085 1090 3142; x_wconf 82' lang='lat' dir='ltr'><strong>Calibus</strong></span> <span class='ocrx_word' id='word_1_241' title='bbox 1147 3104 1349 3151; x_wconf 88' lang='lat' dir='ltr'><strong>essem,</strong></span> <span class='ocrx_word' id='word_1_242' title='bbox 1409 3088 1547 3142; x_wconf 87' lang='lat' dir='ltr'><strong>mira</strong></span> <span class='ocrx_word' id='word_1_243' title='bbox 1567 3093 1589 3126; x_wconf 79' lang='lat'><strong>³</strong></span> <span class='ocrx_word' id='word_1_244' title='bbox 1646 3104 1734 3144; x_wconf 87' lang='lat' dir='ltr'><strong>me</strong></span> <span class='ocrx_word' id='word_1_245' title='bbox 1790 3091 1990 3162; x_wconf 81' lang='grc' dir='ltr'><em>α’πορία</em></span> 
     </span>
     <span class='ocr_line' id='line_1_30' title="bbox 160 3184 1987 3263; baseline 0.003 -22"><span class='ocrx_word' id='word_1_246' title='bbox 160 3185 456 3259; x_wconf 85' lang='lat' dir='ltr'><strong>torquebat.</strong></span> <span class='ocrx_word' id='word_1_247' title='bbox 556 3184 635 3240; x_wconf 89' lang='lat' dir='ltr'><strong>Ad</strong></span> <span class='ocrx_word' id='word_1_248' title='bbox 657 3191 679 3224; x_wconf 75' lang='lat'>4</span> <span class='ocrx_word' id='word_1_249' title='bbox 729 3187 1056 3245; x_wconf 87' lang='lat' dir='ltr'><strong>manendum</strong></span> <span class='ocrx_word' id='word_1_250' title='bbox 1116 3189 1287 3245; x_wconf 88' lang='lat' dir='ltr'><strong>hiems</strong></span> <span class='ocrx_word' id='word_1_251' title='bbox 1316 3231 1328 3252; x_wconf 92' lang='lat'><strong>,</strong></span> <span class='ocrx_word' id='word_1_252' title='bbox 1388 3187 1636 3252; x_wconf 81' lang='lat' dir='ltr'><strong>lictoreS,</strong></span> <span class='ocrx_word' id='word_1_253' title='bbox 1703 3190 1987 3263; x_wconf 81' lang='lat' dir='ltr'><strong>improvidi</strong></span> 
     </span>
    </p>
   </div>
   <div class='ocr_carea' id='block_1_5' title="bbox 167 3350 400 3366">
    <p class='ocr_par' dir='ltr' id='par_1_5' title="bbox 167 3350 400 3366">
     <span class='ocr_line' id='line_1_31' title="bbox 167 3350 400 3366; baseline 0 604"><span class='ocrx_word' id='word_1_254' title='bbox 167 3350 400 3366; x_wconf 95' lang='lat' dir='ltr'><strong> </strong></span> 
     </span>
    </p>
   </div>
   <div class='ocr_carea' id='block_1_6' title="bbox 157 3457 1980 3601">
    <p class='ocr_par' dir='ltr' id='par_1_6' title="bbox 157 3457 1980 3601">
     <span class='ocr_line' id='line_1_32' title="bbox 219 3457 1980 3526; baseline 0.006 -25"><span class='ocrx_word' id='word_1_255' title='bbox 219 3460 256 3516; x_wconf 82' lang='lat'><strong>¹)</strong></span> <span class='ocrx_word' id='word_1_256' title='bbox 286 3457 340 3502; x_wconf 85' lang='lat' dir='ltr'><strong>ad</strong></span> <span class='ocrx_word' id='word_1_257' title='bbox 366 3463 456 3507; x_wconf 83' lang='lat' dir='ltr'><strong>Att.</strong></span> <span class='ocrx_word' id='word_1_258' title='bbox 493 3464 606 3506; x_wconf 85' lang='lat' dir='ltr'><strong>Vlll.</strong></span> <span class='ocrx_word' id='word_1_259' title='bbox 642 3464 686 3507; x_wconf 88' lang='lat'><strong>8.</strong></span> <span class='ocrx_word' id='word_1_260' title='bbox 710 3463 732 3519; x_wconf 85' lang='lat'>§</span> <span class='ocrx_word' id='word_1_261' title='bbox 754 3465 793 3505; x_wconf 83' lang='lat'><strong>1.</strong></span> <span class='ocrx_word' id='word_1_262' title='bbox 826 3485 884 3496; x_wconf 91' lang='lat'><strong>·-</strong></span> <span class='ocrx_word' id='word_1_263' title='bbox 920 3465 958 3521; x_wconf 81' lang='lat'><strong>2)</strong></span> <span class='ocrx_word' id='word_1_264' title='bbox 991 3464 1125 3525; x_wconf 83' lang='lat' dir='ltr'><strong>Epist.</strong></span> <span class='ocrx_word' id='word_1_265' title='bbox 1160 3463 1213 3508; x_wconf 79' lang='lat' dir='ltr'><strong>ad</strong></span> <span class='ocrx_word' id='word_1_266' title='bbox 1248 3464 1497 3526; x_wconf 84' lang='lat' dir='ltr'><strong>Pompeium</strong></span> <span class='ocrx_word' id='word_1_267' title='bbox 1531 3464 1605 3521; x_wconf 83' lang='lat' dir='ltr'><strong>(ad</strong></span> <span class='ocrx_word' id='word_1_268' title='bbox 1634 3468 1724 3510; x_wconf 86' lang='lat' dir='ltr'><strong>Att.</strong></span> <span class='ocrx_word' id='word_1_269' title='bbox 1761 3470 1874 3514; x_wconf 82' lang='lat' dir='ltr'><strong>vlu.</strong></span> <span class='ocrx_word' id='word_1_270' title='bbox 1909 3472 1980 3513; x_wconf 88' lang='lat'><strong>11.</strong></span> 
     </span>
     <span class='ocr_line' id='line_1_33' title="bbox 157 3534 1689 3601; baseline 0.01 -26"><span class='ocrx_word' id='word_1_271' title='bbox 157 3534 203 3576; x_wconf 88' lang='lat' dir='ltr'><strong>n.</strong></span> <span class='ocrx_word' id='word_1_272' title='bbox 234 3535 340 3592; x_wconf 64' lang='lat' dir='ltr'><strong>M)</strong></span> <span class='ocrx_word' id='word_1_273' title='bbox 373 3563 430 3571; x_wconf 86' lang='grc'><strong>-.</strong></span> <span class='ocrx_word' id='word_1_274' title='bbox 463 3539 500 3594; x_wconf 77' lang='lat'><strong>⁵)</strong></span> <span class='ocrx_word' id='word_1_275' title='bbox 532 3537 585 3582; x_wconf 78' lang='lat' dir='ltr'><strong>ad</strong></span> <span class='ocrx_word' id='word_1_276' title='bbox 613 3541 704 3584; x_wconf 79' lang='lat' dir='ltr'><strong>Att.</strong></span> <span class='ocrx_word' id='word_1_277' title='bbox 732 3541 823 3583; x_wconf 78' lang='lat' dir='ltr'><strong>vn.</strong></span> <span class='ocrx_word' id='word_1_278' title='bbox 849 3541 920 3583; x_wconf 82' lang='lat'><strong>21.</strong></span> <span class='ocrx_word' id='word_1_279' title='bbox 950 3542 1036 3596; x_wconf 65' lang='lat' dir='ltr'><strong>§a</strong></span> <span class='ocrx_word' id='word_1_280' title='bbox 1073 3570 1128 3576; x_wconf 78' lang='lat'><strong>--</strong></span> <span class='ocrx_word' id='word_1_281' title='bbox 1162 3544 1202 3599; x_wconf 56' lang='lat'><strong>11)</strong></span> <span class='ocrx_word' id='word_1_282' title='bbox 1238 3540 1347 3586; x_wconf 65' lang='lat' dir='ltr'><strong>ibid.</strong></span> <span class='ocrx_word' id='word_1_283' title='bbox 1384 3544 1473 3587; x_wconf 83' lang='lat' dir='ltr'><strong>vn.</strong></span> <span class='ocrx_word' id='word_1_284' title='bbox 1497 3545 1570 3589; x_wconf 89' lang='lat'><strong>20.</strong></span> <span class='ocrx_word' id='word_1_285' title='bbox 1604 3546 1689 3601; x_wconf 64' lang='lat'><strong>§2</strong></span> 
     </span>
    </p>
   </div>
  </div>
 </body>
</html>
