2210 3970
217 227 324 280 586
678 240 1006 278 ANNALES
1064 241 1571 278 monacnum.

225 374 385 431 ΨΟμως
407 369 461 417 δὲ
478 371 631 416 πολλοὶ
654 373 884 432 χαρίεντα
899 367 1221 432 (Κικέρωνος)
1241 371 1671 431 διαμνημονεύεται
1696 369 1776 413 καὶ
1799 371 1906 428 περὶ
1925 366 2047 412 ἐκεί·

186 479 191 485 ›
225 467 311 508 νην
339 450 494 495 αὐτοῦ
522 448 606 506 τήν
633 448 787 508 δίκην.
848 448 1034 511 ,Βέρρην
1061 450 1148 512 γάρ
1173 451 1220 495 οἱ
1249 452 1479 510 Ῥωμαῖοι
1505 449 1591 494 τὸν
1611 448 1677 508 μή
1698 446 2046 507 ἐκτετμημένον

225 536 393 590 χοῖρον
426 530 680 574 καλοῦσιν.
747 526 830 579 Ὡς
862 522 949 587 οὖν
971 527 1350 590 ἀπελευθερικὸς
1379 527 1638 590 ἄνθρωπος
1663 524 1828 582 ἔνοχος
1856 526 1920 586 τῷ
1950 529 2047 570 ἰου-

226 607 412 659 δαΐζειν
443 607 595 668 ὄνομα
639 609 902 659 Καικίλιος
947 607 1177 668 &stoi-2210
1210 610 1550 670 παρωσάμενος
1586 607 1701 658 τούς
1743 604 2049 656 Σικελιώτας

227 695 508 749 κατηγορεῖν
533 690 620 732 τοῦ
640 686 850 749 Βέρρου,
877 691 941 732 Ta:
965 688 1233 749 Ἰουδαίῳ
1261 688 1401 752 πρὸς
1425 697 1666 748 χοῖρονς
1697 685 1787 744 ἔφη
1810 684 2050 746 Κικέρων.

297 807 360 882 (4)
403 807 463 862 In
518 808 857 862 contentione
905 806 970 861 de
1018 807 1390 862 constituendo
1431 815 1776 874 accusatore,
1829 807 2049 872 Cic-erc,

223 910 316 980 qui
343 925 404 962 eo
433 914 671 978 tempore
702 907 914 978 petebat
945 907 1301 971 aedilitatem,
1331 908 1625 962 orationem
1661 909 1876 974 habuit,
1917 925 2053 980 quae

222 1008 424 1062 dicitur
472 1008 735 1062 Divinatio
773 1008 829 1061 in
868 1008 1148 1062 Caecilium
1159 1027 1177 1069 ;
1233 1009 1288 1061 in
1330 1025 1433 1079 qua
1474 1005 1578 1062 duo
1618 1009 1903 1080 spectanda
1936 1027 2052 1082 pro-

219 1109 431 1181 posuit:
479 1125 511 1163 a
562 1125 666 1179 quo
721 1109 955 1164 maxime
1007 1109 1094 1180 agi
1133 1108 1298 1163 velint
1350 1110 1417 1174 ii,
1474 1126 1703 1181 quorum
1746 1110 1811 1164 de
1851 1110 2051 1164 ultione

222 1211 523 1282 quaeritur;
563 1227 592 1264 a
616 1226 720 1282 quo
741 1210 964 1264 minime
985 1210 1112 1264 velit
1146 1211 1215 1276 is,
1258 1211 1349 1282 qui
1381 1217 1682 1265 accusatur.
1726 1230 1780 1266 11.
1810 1229 1855 1266 c.
1877 1215 1929 1265 8.
1960 1213 2050 1265 22.

280 1310 621 1363 Pseudo-Ascon.
657 1313 839 1371 Argum.
879 1309 923 1354 in
958 1309 1041 1355 Cic.
1081 1309 1268 1375 Divinat.
1308 1327 1348 1371 p.
1368 1312 1440 1354 98.
1474 1310 1790 1354 Huiuscemodi
1827 1310 2054 1368 (Caecilii)

214 1388 600 1450 propositionibus
638 1389 784 1432 Cicero
817 1388 1078 1450 designatus
1111 1380 1304 1450 [potius2
1346 1387 1543 1432 nondum
1577 1387 1851 1450 designatus]
1895 1387 2056 1432 aedilis

223 1466 294 1512 bis
322 1466 546 1526 capitibus
568 1465 829 1526 respondet.-
859 1474 1158 1526 accusatorem
1174 1483 1275 1510 eum
1306 1480 1401 1509 esse
1427 1472 1651 1525 oportere,
1684 1468 1764 1527 qui
1793 1468 1964 1511 invitus
1990 1483 2060 1511 co·

216 1545 346 1605 gitur
371 1543 604 1604 religionis
631 1544 805 1605 officia,
847 1552 1031 1604 rogatus
1062 1544 1118 1588 ab
1149 1544 1350 1588 omnibus
1382 1542 1554 1587 Siculis
1562 1564 1580 1598 ,-
1611 1545 1690 1603 qui
1713 1560 1800 1604 pro
1831 1544 2057 1605 republica

220 1624 319 1684 agit
335 1643 352 1676 ;
394 1639 522 1683 quem
552 1623 733 1679 volunt,
776 1623 855 1684 qui
886 1631 1098 1667 accusant
1114 1643 1131 1676 ,·
1173 1639 1302 1684 quem
1331 1621 1518 1677 metuit,
1561 1621 1640 1681 qui
1671 1629 1908 1666 accusatur
1919 1643 1937 1677 ;
1978 1621 2058 1682 qui

221 1701 406 1746 idoneus
427 1709 507 1745 rest
513 1701 742 1761 facundia
758 1701 1095 1761 innocentioque
1107 1722 1124 1754 ,-
1156 1700 1236 1761 qui
1253 1699 1330 1743 hoc
1337 1698 1467 1757 facit
1481 1698 1731 1743 imitatione
1746 1701 1977 1744 maiorum.
1995 1725 2056 1733 —-

223 1781 512 1825 Divinatio
540 1779 707 1824 dicitur
735 1779 839 1823 haec
861 1781 1030 1834 oratio,
1063 1780 1171 1840 quia
1202 1794 1288 1822 non
1315 1777 1368 1822 de
1398 1776 1532 1836 facto
1559 1777 1792 1836 quaeritur
1823 1777 1890 1834 [et
1916 1777 2058 1820 conie-

223 1861 401 1917 ctura],
434 1857 514 1902 sed
543 1857 596 1902 de
618 1858 814 1917 futuro,
846 1873 960 1918 quae
992 1864 1060 1900 est
1091 1856 1334 1911 divinatio,
1365 1863 1467 1899 uter
1497 1854 1651 1898 debeat
1681 1870 1902 1898 accusare.
1965 1853 2060 1898 Alii

223 1934 321 1978 ideo
345 1942 518 1996 putant
546 1934 866 1979 divinationem
896 1933 1012 1990 dici,
1046 1933 1164 1994 quod
1193 1933 1385 1976 iniurati
1410 1931 1580 1976 iudices
1609 1933 1659 1975 in
1693 1931 1773 1976 hac
1803 1948 1966 1976 caussa
1992 1948 2060 1976 se-

225 2012 383 2069 deant,
406 2020 487 2068 ·et,
518 2012 636 2073 quod
656 2013 801 2057 velint
818 2046 832 2069 ,
855 2013 1136 2073 praesentire
1164 2010 1216 2055 de
1246 2017 1435 2070 utroque
1457 2011 1669 2070 possint,-
1701 2009 1814 2065 alii,
1848 2009 1968 2070 quod
1990 2025 2061 2054 res

223 2097 387 2151 agatur
403 2091 503 2134 sine
531 2091 720 2135 testibus
752 2097 796 2134 et
833 2090 931 2134 sine
963 2087 1159 2144 tabulis,
1192 2095 1236 2132 et
1264 2087 1335 2130 his
1366 2088 1548 2131 remotis
1579 2096 1839 2150 argumenta
1866 2088 1964 2149 sola
1995 2105 2061 2133 se·

224 2175 421 2229 quantur
438 2166 609 2212 iudices
637 2176 680 2212 et
712 2168 844 2229 quasi
871 2167 1082 2212 divinent.
1145 2164 1206 2211 Cf.
1239 2165 1407 2210 Gellius
1442 2178 1491 2210 ΙΙ.
1522 2169 1621 2221 034.
1663 2169 1698 2209 Ι.
1728 2165 1844 2210 Guil.
1867 2165 2060 2223 sluiter,

225 2248 409 2309 Specim.
444 2247 573 2293 Acad.
604 2249 654 2292 in
685 2248 743 2291 M.
779 2249 822 2291 T.
860 2245 1079 2289 Ciceronis
1112 2243 1439 2288 Divinationem
1470 2243 1520 2288 in
1557 2242 1609 2302 Q.
1640 2243 1891 2289 Caecilium.
1923 2244 2060 2306 Lugd.

226 2331 317 2371 Bat.
346 2329 480 2371 1832.
516 2328 575 2370 8⁰.
609 2342 649 2387 p.
668 2328 695 2369 3
718 2340 814 2387 sqq.

309 2429 371 2505 (⁵)
415 2431 656 2485 Instante
689 2427 889 2483 iudicio
918 2425 1102 2480 Cicero
1135 2425 1346 2480 cunctis
1381 2423 1653 2498 suffragiis
1687 2425 1885 2480 Aedilis
1916 2425 2064 2499 prior

230 2530 406 2586 factus
440 2536 542 2588 est.
584 2548 639 2584 11.
682 2546 727 2583 c.
756 2533 840 2583 10.
879 2530 972 2580 50.

297 2637 394 2690 Quo
431 2639 623 2691 tempore
653 2644 757 2672 cum
790 2625 971 2671 Caecilio
996 2623 1303 2680 contenderet,
1336 2623 1533 2669 nondum
1564 2624 1751 2670 aedilem
1788 2625 2067 2686 designatum

232 2709 364 2755 fuisse
390 2709 668 2762 Ciceronem,
699 2712 815 2750 recte
846 2703 1051 2765 opinatur
1082 2701 1304 2747 Manutius
1330 2716 1536 2763 apparere
1567 2719 1617 2747 ex
1649 2702 1716 2747 his
1744 2704 1888 2749 verbis
1919 2705 1965 2749 in
1996 2706 2066 2749 Di-

232 2788 368 2832 vinat.
401 2786 447 2829 in
480 2784 630 2830 Caecil.
665 2799 702 2827 c.
721 2786 794 2828 21.
824 2784 899 2827 69.
943 2783 1074 2825 Nemo
1105 2781 1356 2825 mirabatur
1385 2781 1434 2824 in
1464 2779 1681 2839 Africano
1718 2781 1826 2838 illo,
1869 2781 1990 2842 quod
2017 2783 2066 2826 in

235 2882 303 2910 m
326 2881 467 2921 nunc,
503 2863 675 2907 homine
698 2862 858 2923 parvis
885 2860 1044 2921 opibus
1069 2877 1121 2905 ac
1138 2859 1449 2920 facultatibus
1467 2858 1700 2926 praedito,
1732 2859 2069 2904 simulant'sese
2089 2881 2099 2888 ·

236 2944 426 2998 mirari,
468 2959 604 3003 quum
633 2940 816 2984 moleste
837 2940 1015 2999 ferunt.
1083 2939 1204 2997 Quid
1232 2939 1321 2982 sibi
1350 2939 1437 2983 iste
1467 2938 1597 2982 vult?
1640 2945 1993 2984 accusatoremne
2019 2953 2067 2981 se

238 3020 517 3076 existimari,
550 3019 630 3080 qui
661 3025 793 3062 antea
825 3016 1058 3076 defendere
1084 3023 1391 3061 consueverat.-
1423 3031 1538 3060 nunc
1560 3017 1830 3076 praesertim
1847 3049 1860 3071 ,
1894 3032 1945 3059 ea
1976 3016 2067 3059 iam

236 3107 407 3156 aetate,
449 3114 586 3160 quum
627 3096 906 3141 aedilitatem
929 3096 1100 3156 petat?
1148 3095 1258 3141 Add.
1287 3111 1323 3140 c.
1342 3096 1420 3139 22.
1451 3097 1526 3139 72.
1570 3096 1610 3138 Α
1636 3093 1763 3138 nobis
1794 3092 1959 3137 multos
1995 3093 2066 3136 ob-

236 3176 356 3222 sides
389 3177 519 3222 habet
541 3174 744 3237 populus
775 3175 1000 3217 Romanus
1032 3198 1116 3216 —.
1149 3172 1294 3216 Habet
1326 3172 1560 3229 honorem,
1585 3187 1720 3233 ‚quem
1741 3171 1955 3231 petimus.

317 3279 379 3354 (⁶)
421 3275 635 3350 Negata
659 3277 886 3332 Caecilio
926 3276 1197 3332 deferendi
1234 3279 1466 3333 nominis
1503 3282 1801 3350 potestate,
1851 3274 2066 3340 Cicero,

237 3381 331 3453 qui
364 3380 669 3452 provinciae
696 3395 942 3433 caussam
976 3379 1030 3432 in
1064 3380 1339 3450 provincia
1368 3380 1483 3452 ipsa
1514 3375 1932 3448 cognoscendam
1967 3392 2063 3447 pu-

233 3487 411 3547 taret,
465 3482 856 3554 quinquaginta
915 3479 1101 3536 diebus
1141 3482 1218 3536 sic
1257 3487 1424 3538 totam
1468 3479 1703 3536 Siciliam
1752 3477 1883 3543 obiit
1936 3493 2060 3532 cuin
