2210 3970
214 229 320 286 398
814 244 1023 283 CICERO
1070 246 1140 283 ΒΕ
1190 246 1328 283 νιΤΑ
1374 244 1477 284 snA

210 379 427 453 quidem
479 382 535 435 in
579 378 791 435 Italiam
842 378 976 435 salvi
1027 380 1305 434 venimus:
1359 378 1482 444 sed,
1521 379 1821 453 perturbati
1857 380 2036 441 dolore

206 482 375 536 animi
407 482 723 552 magnisque
756 480 996 546 iniuriiS,
1036 480 1407 535 metuebamus
1439 494 1506 535 ne
1539 478 1594 534 id
1627 481 1835 535 consilii
1865 483 2031 553 cepis-

208 598 418 646 semUS,
468 579 608 652 quod
647 597 752 634 non
798 579 953 634 facile
991 579 1256 652 explicare
1294 593 1587 652 possemus,
1667 578 1821 647 Quo¹
1861 580 2036 651 magis

205 687 261 735 et
301 681 432 735 alios
478 682 678 735 amicos
719 678 1034 752 exoptabam
1077 697 1238 751 quam
1284 680 1523 751 primum
1555 679 1736 735 videre
1784 685 1838 734 et
1881 678 2028 734 Serv.

204 780 534 853 Sulpicium,
575 787 636 835 ut
675 787 798 834 ante
827 787 1316 835 commentaremur
1345 782 1488 835 inter
1525 797 1648 846 nos,
1689 797 1796 852 qua
1826 781 2035 835 ratione

204 878 356 933 nobis
395 878 786 935 traducendum
827 886 966 933 esset
1005 879 1102 933 hoc
1144 886 1381 950 tempus,
1421 880 1562 951 quod
1583 888 1711 935 -erat
1749 887 1924 935 totum
1963 878 2031 934 ad

203 980 367 1033 unius
405 978 735 1033 voluntatem
765 978 1294 1033 accommodandum.
1374 979 1525 1047 Quod
1557 997 1725 1052 quum
1763 982 1840 1036 ita
1867 987 2032 1046 esset,

204 1094 430 1150 magnae
469 1086 585 1134 erat
615 1078 1038 1143 deliberationiS,
1079 1094 1215 1150 quae
1249 1079 1388 1132 ratio
1420 1086 1562 1134 esset
1594 1080 1828 1135 ineunda
1855 1079 2032 1145 nobiS‚

203 1192 310 1233 non
351 1179 543 1251 agendi
594 1179 797 1252 aliquid
817 1221 832 1244 ,
877 1173 979 1234 'sed
1017 1178 1163 1234 illius
1202 1194 1461 1234 concessu
1498 1185 1554 1234 et
1590 1179 1849 1236 beneficio
1886 1181 2032 1252 quie-

206 1279 407 1334 scendi.
492 1284 577 1334 12.
621 1279 858 1335 Omnes²
897 1281 1072 1344 enim,
1113 1281 1284 1352 quiin
1314 1279 1470 1335 Italia
1490 1288 1828 1347 manserant,
1869 1281 2033 1337 hosti-

204 1396 299 1435 um
351 1396 577 1435 numero
629 1379 995 1442 habebantur;
1054 1381 1186 1451 quin
1207 1386 1228 1418 ³
1278 1387 1335 1434 et
1385 1381 1500 1452 ipse
1544 1397 1712 1453 paene
1763 1398 1828 1436 ex
1878 1382 2033 1437 Italia

198 1479 459 1535 decedere
505 1497 625 1534 sum
665 1482 861 1535 iussus,
941 1479 1076 1534 Nam
1120 1479 1189 1534 ad
1239 1496 1326 1535 me
1365 1482 1516 1534 misit
1554 1481 1819 1536 Antonius
1857 1499 2031 1538 exem-

199 1580 349 1653 plum
377 1581 618 1636 Caesaris
640 1580 711 1635 ad
737 1597 794 1635 se
820 1580 1125 1635 litterarum
1141 1622 1155 1645 ,
1190 1581 1246 1634 in
1273 1580 1470 1652 quibus
1498 1587 1639 1647 erat,
1666 1600 1720 1636 se
1747 1581 2029 1648 audivisse,

202 1680 448 1735 Catonem
477 1690 526 1736 et
558 1680 620 1735 L.
651 1680 920 1735 Metellum
947 1682 1004 1734 in
1042 1679 1260 1735 Italiam
1290 1681 1517 1746 venisse,
1558 1680 1751 1736 Romae
1776 1690 1835 1736 ut
1866 1691 2033 1737 essent

194 1780 417 1852 palam;
465 1782 522 1836 id
561 1782 662 1836 sibi
706 1801 807 1836 non
841 1781 1080 1854 placere,
1127 1799 1192 1835 ne
1238 1782 1330 1853 qui
1374 1789 1544 1836 motus
1588 1773 1658 1837 bx
1704 1801 1761 1838 eo
1806 1784 1993 1856 fierent
2011 1802 2031 1847 ,·

197 1880 570 1954 prohiberique
608 1900 783 1936 omnes
821 1881 1006 1947 Italia,
1045 1882 1150 1935 nisi
1187 1899 1408 1953 quorum
1437 1881 1549 1953 ipse
1585 1899 1822 1938 caussam
1853 1901 2033 1957 coquo·

151 2011 157 2015 «
196 1982 386 2036 visset.-
427 1980 598 2054 deque
637 1998 698 2037 eo
730 1981 1101 2036 vehementius
1138 1987 1255 2036 erat
1293 1983 1576 2054 scriptum.
1653 1983 1841 2055 Itaque
1869 1984 2031 2040 Anto-

199 2082 324 2136 nius
368 2082 582 2154 petebat
621 2098 653 2136 a
691 2097 778 2137 me
809 2098 907 2154 per
945 2082 1183 2147 litteraS,
1232 2091 1294 2136 ‘ut
1331 2083 1432 2136 sibi
1467 2083 1819 2154 iynosccrem:
1858 2087 2034 2158 facere

196 2201 254 2237 se
285 2201 387 2237 non
417 2201 572 2254 posse
590 2224 606 2248 ,
645 2184 772 2256 quin
809 2184 877 2236 iis
918 2182 1106 2238 litteris
1142 2191 1371 2254 pareret.
1451 2182 1590 2238 Tum
1629 2182 1697 2238 ad
1736 2200 1860 2239 eum
1905 2185 2031 2240 misi

199 2283 256 2339 L.
284 2283 556 2349 Lamiam,
597 2284 690 2356 qui
717 2284 1141 2348 demonstraret,
1181 2282 1335 2338 illum
1367 2282 1668 2358 Dolabellae
1698 2283 1928 2350 dixisse,
1969 2292 2032 2339 ut

196 2382 267 2437 ad
300 2400 386 2437 me
418 2383 711 2448 scriberet,
739 2385 878 2438 utin
900 2382 1113 2439 ltaliam
1147 2398 1310 2455 quam
1339 2384 1577 2456 primum
1609 2384 1873 2448 venirem:
1911 2385 2031 2440 eius

199 2499 287 2538 me
317 2482 515 2536 litteris
543 2482 767 2536 venisse.
847 2482 986 2536 Tum
1031 2482 1121 2537 ille
1158 2481 1327 2537 edixit
1366 2484 1470 2548 ita,
1518 2491 1580 2538 ut
1619 2500 1706 2539 me
1757 2486 2028 2557 exciperet

200 2589 254 2638 et
292 2582 533 2637 Laelium
572 2581 907 2636 nominatim.
989 2580 1140 2648 Quod
1171 2597 1300 2636 sane
1326 2580 1539 2637 nollem.
1626 2582 1844 2639 Poterat
1881 2586 2027 2641 enim

203 2684 321 2738 sine
367 2682 582 2737 nomine
619 2699 707 2737 res
739 2683 855 2755 ipsa
889 2682 1083 2753 excipi.

275 2880 338 2936 V.
422 2886 507 2938 15.
549 2882 705 2954 Ego⁴
737 2888 944 2947 autem,
995 2896 1155 2954 quem
1195 2888 1352 2937 antea
1391 2880 1555 2938 sortes
1596 2882 1674 2938 illi
1712 2886 1815 2938 viri
1855 2891 1910 2940 et
1948 2901 2028 2941 sa-

194 2985 433 3057 pienteS,
473 2984 693 3040 Domitii
725 2990 779 3039 et
810 2982 1050 3049 Lentuli,
1090 2982 1343 3039 timidum
1376 2999 1492 3039 esse
1531 2983 1812 3051 dicebant,
1855 2986 2022 3060 (eram

195 3086 381 3158 plane:
422 3085 679 3140 timebam
719 3086 892 3149 enim,
945 3084 1324 3165 nefvenirent
1368 3101 1458 3150 ea,
1510 3101 1647 3156 quae
1687 3084 2023 3161 acciderunt)

196 3187 343 3242 idem
383 3194 563 3259 postea
603 3186 737 3240 nihil
776 3184 1032 3241 timebam
1071 3192 1124 3239 et
1163 3184 1229 3239 ad
1269 3201 1482 3240 omnem
1516 3193 1764 3242 eventum
1806 3193 2034 3258 paratus

266 3371 304 3427 ¹)
338 3367 470 3429 Epist.
504 3367 555 3411 ad
588 3370 703 3411 Sei-V.
737 3367 982 3429 Sulpicium
1013 3367 1087 3426 (ad
1121 3369 1240 3411 Fam.
1269 3369 1343 3411 1v.
1365 3369 1409 3410 6.
1445 3367 1551 3424 §3.)
1583 3393 1641 3400 —-
1675 3368 1713 3424 ²)
1744 3366 1796 3410 ad
1834 3372 1924 3412 Att.
1949 3370 2022 3412 ΧΙ.

194 3451 247 3492 ’6.
275 3449 364 3504 §GL
394 3473 451 3480 —
483 3448 522 3505 5)
556 3445 663 3492 ibid.
696 3449 770 3491 Xl.
801 3450 844 3491 7.
885 3450 964 3505 §2.
998 3473 1056 3480 —
1087 3447 1130 3504 4)
1162 3446 1293 3507 Epist.
1320 3445 1374 3491 ad
1410 3443 1647 3527 'Toranium
1684 3444 1756 3500 (ad
1794 3448 1911 3490 Fam.
1950 3448 2019 3490 vl.

206 3529 278 3568 21.
314 3526 420 3583 §·1.)
