2210 3970
243 218 349 270 552
826 231 1035 267 (nonno
1082 229 1151 266 oe
1205 228 1340 266 VITA
1395 226 1498 265 soa

234 365 409 420 Tum¹
456 364 585 420 illud
615 380 644 417 a
675 363 825 418 nobis
858 371 1003 419 certe
1038 363 1240 417 sactum
1275 368 1383 425 est,
1425 360 1566 432 quod
1598 360 1681 414 lex
1711 360 1949 425 iubebat,
1990 371 2049 417 ut

230 463 372 537 apud
392 463 525 518 duas
546 465 790 518 civitates
804 507 818 529 ,
842 464 1218 518 Laodicensem
1240 468 1293 516 et
1313 461 1724 532 Apameensem,
1744 476 1881 531 quae
1902 460 2056 515 nobis

235 565 469 620 maxime
516 563 863 628 videbantur,
916 564 1168 636 quoniam
1222 563 1298 616 ita
1345 578 1561 616 necesse
1611 567 1762 624 erat,
1821 560 2056 614 rationes

232 664 500 719 confectas
545 671 598 719 et
650 663 1004 719 consolidatas
1057 663 1458 734 deponeremus,
1558 664 1646 715 92.
1702 659 1848 714 Sed2
1894 675 2057 730 quam

230 780 336 820 non
389 772 470 820 est
509 764 682 819 facilis
725 765 933 818 virtus!
987 779 1149 834 quam
1194 779 1320 817 vero
1360 760 1594 816 difficilis
1634 761 1751 815 eius
1798 759 2057 814 diuturna

230 865 528 920 simulatio!
610 864 789 930 Quum
822 864 968 917 enim
997 862 1097 915 hoc
1130 867 1342 915 rectum
1374 867 1429 915 et
1461 860 1755 932 gloriosum
1783 867 2057 933 putarem,

229 981 294 1020 ex
334 979 513 1018 annuo
558 968 815 1033 sumptu,
856 961 948 1032 qui
988 959 1123 1014 mihi
1162 960 1413 1014 decretus
1438 967 1624 1026 esset,
1662 977 1749 1014 me
1794 961 1848 1015 C.
1884 959 2059 1015 Caelio

232 1063 505 1135 quaestori
543 1061 847 1132 relinquere
886 1076 1159 1124 annuum,
1199 1059 1400 1114 referre
1438 1060 1496 1112 in
1532 1059 1805 1114 aerarium
1845 1058 1912 1113 ad
1952 1059 2060 1114 H-S

230 1181 292 1226 x;
344 1163 612 1234 ingemuit
662 1167 846 1216 nostra
897 1160 1087 1215 cohors
1108 1202 1123 1224 ,
1176 1176 1334 1214 omne
1390 1158 1524 1213 illud
1567 1164 1765 1230 putans
1809 1157 2062 1235 distribui

231 1263 334 1319 sibi
367 1269 634 1335 oportere3
674 1267 736 1316 ut
763 1278 860 1332 ego
888 1261 1113 1315 amicior
1141 1260 1414 1314 invenirer
1445 1257 1722 1332 Phrygum
1756 1264 1810 1313 et
1837 1257 2064 1313 Cilicum

233 1364 482 1441 aerariiS,
522 1380 686 1435 quam
718 1369 918 1417 nostro.
1000 1360 1104 1416 Sed
1133 1378 1220 1415 me
1252 1378 1359 1415 non
1397 1366 1698 1414 moverunt.
1776 1359 1911 1414 Nam
1944 1376 2064 1415 mea

234 1464 352 1519 laus
403 1463 546 1535 apud
594 1479 681 1517 me
726 1461 1021 1534 plurimum
1067 1459 1254 1516 valuit.
1352 1461 1536 1531 Ergo-³
1576 1459 1646 1514 de
1678 1459 1876 1531 praeda
1914 1476 2064 1525 mea,

235 1571 449 1638 praeter
499 1568 808 1635 quaestores
858 1562 1092 1616 urbanos
1111 1602 1128 1625 ,
1185 1561 1242 1615 id
1291 1567 1374 1616 est
1424 1559 1682 1632 populum
1734 1560 2065 1625 Romanum,

234 1665 543 1719 teruncium
577 1679 682 1717 non
711 1662 896 1732 attigit
928 1661 1232 1733 quisquam.
1312 1659 1602 1715 Laodiceae
1635 1657 1857 1731 praedes
1884 1662 2066 1733 accepi

234 1766 408 1820 omnis
458 1763 718 1837 pecuniae
769 1762 1043 1835 publicae,
1096 1768 1159 1817 ut
1208 1767 1264 1817 et
1314 1743 1454 1817 mihi
1496 1767 1551 1816 et
1600 1760 1794 1833 populo
1844 1737 2066 1817 cautum

234 1871 374 1920 esset
421 1863 486 1919 de
537 1870 790 1918 vecturae
835 1862 1092 1935 periculo.
1185 1860 1372 1918 Omnis
1411 1861 1639 1934 pecunia
1678 1861 1755 1915 ita
1801 1861 2064 1916 tractaba-

236 1972 363 2030 tur,
415 1971 477 2019 ut
520 1963 744 2037 praeda,
798 1981 829 2019 a
868 1962 1186 2036 praefectis;
1224 1978 1363 2035 quae
1408 1969 1591 2018 autem
1628 1961 1766 2020 mihi
1806 1963 2066 2021 attributa

240 2072 356 2130 est,
396 2082 427 2120 a
460 2070 743 2137 quaestore
783 2063 1096 2121 curabatur.

314 2266 524 2323 XXXV.
607 2271 697 2322 95.
738 2266 1012 2339 Imperio4
1057 2281 1237 2321 annuo
1276 2266 1595 2329 terminato„
1641 2270 1766 2321 ante
1807 2265 1950 2321 diem
1991 2284 2069 2322 111.

238 2369 413 2423 Nonas
447 2368 698 2434 SextileS,
731 2385 899 2440 quum
933 2366 1001 2422 ad
1035 2366 1219 2422 Sidam
1251 2367 1375 2422 navi
1408 2365 1747 2432 accederem,
1781 2366 2027 2423 Rhodum
2047 2375 2070 2405 ⁵

239 2468 372 2539 petii
422 2467 739 2522 Ciceronum
787 2485 978 2522 caussa
1026 2483 1335 2539 puerorum.
1428 2466 1575 2522 Sed⁶
1613 2483 1783 2538 quum
1822 2467 2069 2523 Rhodum

241 2568 506 2623 venissem
547 2574 602 2622 et
639 2585 700 2623 eo
739 2567 875 2622 mihi
913 2566 980 2622 de
1019 2567 1080 2634 Q.
1123 2567 1393 2621 Hortensii
1433 2573 1607 2622 morte
1645 2575 1788 2623 esset
1819 2568 2074 2634 allatum,

242 2668 491 2742 opinione
534 2669 777 2723 omnium
816 2668 1076 2722 maiorem
1127 2667 1308 2721 animo
1346 2667 1466 2738 cepi
1504 2666 1761 2722 dolorem.
1851 2669 1985 2724 Nam
2019 2677 2073 2725 et

241 2770 416 2825 amico
455 2768 652 2823 amisso
689 2785 857 2839 quum
896 2767 1285 2822 consuetudine
1324 2767 1561 2822 iucunda
1608 2774 1727 2822 tum
1775 2769 2074 2840 multorum-

244 2869 543 2925 officiorum
578 2868 953 2923 coniunctione
992 2883 1078 2922 me
1117 2867 1390 2940 privatum
1429 2867 1707 2934 videbam,
1747 2876 1802 2924 et
1848 2871 2074 2926 interitu

249 2970 374 3027 talis
402 2970 625 3042 auguris
654 2968 972 3039 dignitatem
1007 2970 1177 3023 nostri
1207 2969 1415 3040 collegii
1449 2969 1783 3026 deminutam
1811 2970 2074 3034 dolebam

247 3088 354 3145 qua
397 3072 454 3126 in
500 3071 822 3142 cogitatione
874 3075 928 3124 et
975 3077 1282 3142 cooptatum
1328 3087 1415 3126 me
1460 3069 1527 3126 ab
1573 3088 1634 3126 eo
1683 3072 1738 3127 in
1790 3072 2078 3143 collegium,

308 3294 346 3351 ¹)
379 3291 510 3352 Epist.
536 3290 589 3335 ad
614 3288 863 3335 Mescinium
886 3287 1054 3334 Rufum
1075 3288 1149 3346 (ad
1169 3292 1290 3333 Fam.
1308 3291 1356 3333 V.
1374 3290 1446 3333 20.
1478 3289 1583 3346 §20
1615 3313 1673 3320 —-
1708 3290 1748 3346 2)
1780 3286 1832 3332 ad
1858 3291 1949 3332 Att.
1975 3291 2077 3334 vu.

252 3374 292 3415 1.
332 3370 358 3426 ᾖ
386 3372 427 3414 6.
460 3396 517 3402 -
550 3370 591 3427 5)
623 3368 755 3430 Epist.
791 3367 843 3412 ad
874 3365 1106 3412 Caninium
1139 3366 1381 3412 Salustium
1425 3365 1500 3424 (ad
1532 3368 1653 3411 Fam.
1685 3368 1743 3410 11.
1782 3367 1855 3411 17.
1889 3368 1913 3423 ς
1940 3369 1981 3410 4.
2014 3391 2071 3399 --

251 3450 294 3505 4)
325 3446 456 3507 Epist.
492 3446 544 3491 ad
576 3446 763 3507 Appium
804 3445 1042 3490 Pulchrum
1074 3444 1150 3502 (ad
1182 3448 1300 3490 Fam.
1335 3448 1411 3490 111.
1449 3447 1517 3490 12.
1552 3445 1658 3501 §4.)
1690 3468 1747 3476 ——
1783 3446 1822 3502 5)
1857 3444 1987 3505 Epist.
2022 3442 2078 3488 ad*

254 3524 484 3571 Caninium
516 3524 756 3571 Salustium
783 3525 857 3583 (ad
885 3528 1002 3570 Fam.
1033 3529 1086 3569 11.
1124 3527 1193 3568 17.
1222 3525 1328 3581 331.)
1362 3550 1420 3559 -·
1452 3525 1492 3582 6)
1526 3526 1647 3567 Brut.
1682 3537 1714 3565 c.
1734 3524 1773 3565 1.
1810 3523 1889 3580 §1.
