2150 3990
200 235 306 288 *286
806 249 1014 288 niceno
1064 249 1131 285 oi:
1180 248 1318 287 vira
1365 247 1470 286 sua

194 390 314 458 post
353 383 610 439 iniuriam
651 391 955 457 acceptam,
998 385 1181 457 (quam
1222 382 1349 437 Cato
1388 396 1542 436 meus
1580 378 1906 453 reipublicae
1943 401 2025 440 ea-

194 485 496 541 lamitatem
547 501 758 558 semper
809 483 1135 557 appellabat,
1189 500 1286 554 ego
1343 498 1520 537 meam
1574 498 1680 536 non
1719 476 1888 537 modo*
1922 499 2026 540 non

193 585 586 651 calamitatem,
642 585 734 640 sed
767 586 932 640 etiam
966 584 1213 656 gloriam)
1257 583 1441 638 studui
1475 599 1638 655 quam
1683 583 2027 639 ornatissima

194 693 414 742 senatus
452 686 739 759 populique
777 685 1003 741 Romani
1037 685 1102 740 de
1141 701 1228 740 me
1262 683 1464 740 iudicia
1497 682 1848 739 intercedere.
1927 684 2030 739 Ita-

196 803 302 858 que
346 794 400 841 et
445 803 621 857 augur
672 792 855 858 postea
896 786 1013 840 fieri
1051 785 1224 849 volui,
1277 784 1419 856 quod
1470 790 1630 840 antea
1674 782 2034 854 neglexeram.

194 887 339 942 Nihil
361 893 377 924 ¹
421 887 566 941 enim
605 892 723 950 est,
774 884 917 956 quod
956 885 1210 956 cuiquam
1250 885 1444 939 maiori
1484 883 1689 939 fructui
1729 883 2036 956 gloriaeque

192 1003 307 1041 esse
346 985 539 1057 possit:
581 1000 680 1038 nec
719 983 1016 1055 quidquam
1061 999 1128 1037 ex
1166 982 1417 1036 omnibus
1455 981 1618 1037 rebus
1657 983 1912 1039 humanis
1951 990 2035 1039 est

192 1084 522 1158 praeclarius
566 1090 663 1139 aut
699 1083 1094 1155 praestantiuS,
1134 1098 1298 1155 quam
1337 1081 1404 1137 de
1441 1081 1717 1155 republica
1754 1081 1889 1137 bene
1926 1099 2036 1139 me-

192 1189 320 1243 reri.
402 1187 539 1242 Est2
586 1191 769 1240 autem
806 1184 934 1239 boni
973 1184 1235 1255 auguris,
1287 1183 1631 1249 meminisse,
1682 1199 1741 1238 se
1782 1183 2036 1238 maximis

192 1287 518 1360 reipublicae
554 1284 888 1358 temporibus
914 1289 1128 1358 praesto
1162 1300 1278 1339 esse
1311 1283 1528 1346 debere;
1565 1283 1786 1355 Iovique
1823 1280 2038 1355 Optimo

195 1387 428 1444 Maximo
459 1402 518 1444 se
556 1385 926 1441 consiliarium
961 1391 1124 1457 atque
1157 1383 1542 1440 administrum
1574 1383 1763 1439 datum
1783 1424 1799 1449 ,
1839 1389 1901 1438 ut
1932 1382 2036 1438 sibi

194 1505 308 1555 eoS,
328 1505 462 1561 quos
477 1488 533 1542 in
547 1487 789 1560 auspicio
804 1503 920 1542 esse
941 1486 1184 1549 iusserit;
1201 1484 1441 1557 caelique
1460 1490 1642 1557 partes
1657 1483 1760 1538 sibi
1775 1482 2037 1539 divinitus

194 1605 311 1645 esse
342 1589 597 1653 traditaS,
637 1605 666 1643 e
700 1588 896 1660 quibus
931 1603 1089 1659 saepe
1121 1603 1277 1660 opem
1309 1585 1638 1659 reipublicae
1676 1583 1818 1640 ferre
1848 1584 2035 1657 possit.

199 1792 205 1814 ³
269 1789 508 1846 XXXIX.
603 1793 728 1845 101.
788 1787 1084 1844 Maximum
1105 1793 1127 1826 ³
1180 1786 1352 1860 igitur
1402 1793 1458 1843 et
1508 1785 2037 1859 praestantissimum

195 1891 251 1947 in
296 1891 573 1966 republica
610 1892 696 1946 ius
735 1897 818 1946 est
862 1905 1135 1962 augurum
1174 1895 1230 1945 et
1268 1904 1394 1944 cum
1441 1887 1765 1943 auctoritate
1815 1887 2038 1941 coniun-

193 2000 362 2050 ctum.
440 1993 624 2064 Neque
654 2008 782 2047 vero
818 1991 950 2056 hoc,
998 1991 1126 2063 quia
1161 2006 1284 2045 sum
1323 1990 1439 2063 ipse
1471 2005 1677 2061 augur,
1716 1989 1795 2043 ita
1833 1987 2036 2052 sentio,

196 2094 290 2151 sed
348 2096 475 2167 quia
541 2094 621 2153 sic
684 2093 997 2148 existimare
1054 2108 1152 2147 nos
1210 2098 1293 2146 est
1359 2106 1594 2147 necesse.
1694 2088 1835 2158 Quid
1891 2089 2037 2177 enim

196 2197 384 2252 maius·
413 2202 521 2262 est,
573 2195 622 2250 si
661 2194 727 2249 de
775 2194 895 2249 iure
942 2192 1282 2266 quaerimuS,
1329 2207 1495 2265 quam
1539 2207 1694 2265 posse
1733 2207 1772 2246 a
1810 2188 2038 2245 summis

197 2298 440 2370 imperiis
504 2304 558 2352 et
592 2336 595 2337 ν
623 2297 855 2353 summis
882 2294 1263 2368 potestatibus
1321 2293 1635 2350 comitiatus
1693 2299 1748 2349 et
1812 2289 2040 2347 concilia

195 2397 278 2453 vel
316 2398 570 2453 instituta
607 2397 883 2452 dimittere
904 2434 919 2460 ,
970 2395 1055 2451 vel
1092 2393 1278 2450 hahita
1316 2393 1660 2450 rescindere?
1740 2391 1881 2461 Quid
1920 2406 2038 2463 gra·

194 2497 340 2563 vius,
368 2514 532 2570 quam
559 2514 676 2553 rem
715 2502 1022 2568 susceptam
1062 2495 1277 2560 dirimi,
1317 2495 1366 2551 si
1405 2511 1549 2551 unus
1587 2509 1766 2567 augur
1801 2509 1916 2548 Amo
1953 2507 2037 2546 nm

195 2598 429 2654 dixerit?
487 2597 626 2670 quid
665 2595 1130 2668 magnificentiuS‚
1183 2610 1346 2667 quam
1391 2610 1546 2667 posse
1591 2591 1917 2657 decernere,
1978 2598 2039 2646 ut

194 2700 521 2772 magistratu
570 2715 628 2753 se
672 2696 924 2753 abdicent
970 2695 1258 2751 consules?
1310 2694 1443 2767 quid
1479 2683 1787 2765 religiosius
1807 2735 1822 2758 ,
1874 2707 2038 2764 quam

194 2816 322 2855 cum
358 2798 555 2872 populo
572 2840 589 2863 ,
629 2814 755 2853 cum
788 2797 939 2870 plebe
972 2795 1167 2868 agendi
1200 2796 1287 2851 ius
1318 2801 1415 2851 aut
1447 2794 1576 2850 dare
1608 2799 1705 2849 aut
1737 2810 1843 2848 non
1871 2789 2038 2848 dare?

196 2900 362 2973 quid?
421 2900 637 2973 legem,
678 2900 725 2955 si
764 2915 871 2954 non
912 2899 1032 2954 iure
1070 2904 1259 2978 rogata
1297 2904 1416 2962 est,
1462 2895 1694 2952 tollere?
1733 2926 1810 2937 ---
1849 2898 1912 2949 ut
1951 2894 2037 2948 'ri-

194 3003 329 3058 tiam
370 3001 435 3056 de
473 2998 690 3057 decreto
727 2997 965 3073 collegii;
1005 3005 1068 3054 ut
1101 2983 1304 3066 hstias,
1350 2994 1574 3054 consilio
1613 2994 1872 3069 Philippi,
1914 3010 2037 3049 con-

198 3103 332 3159 sulis
376 3107 430 3158 et
474 3102 728 3174 auguris:
767 3123 844 3145 —·-
882 3100 1018 3155 nihil
1065 3099 1241 3165 domi,
1290 3096 1427 3154 nihil
1465 3097 1694 3154 militiae
1732 3110 1829 3168 per
1867 3094 2035 3165 magi-

199 3211 403 3261 stratus
435 3209 649 3275 gestum
702 3203 817 3257 sine
863 3219 1048 3257 eorum
1098 3201 1421 3257 auctoritate
1462 3216 1615 3271 posse
1640 3194 2033 3268 comprobari?

258 3480 297 3537 ¹)
329 3479 462 3540 Epist.
495 3478 549 3524 ad
583 3477 791 3522 Plancum
824 3477 900 3536 (ad
929 3480 1048 3522 Fam.
1079 3478 1128 3521 X.
1164 3480 1206 3523 5.
1237 3478 1343 3535 §2.)
1376 3500 1433 3509 —-
1468 3475 1505 3532 ²)
1536 3471 1590 3516 de
1613 3469 1762 3532 Legit).
1799 3472 1875 3514 ΙΙΙ.
1905 3487 1939 3516 c.
1962 3470 2031 3516 19.

196 3557 313 3614 §43.
348 3582 405 3590 --
438 3557 478 3615 5)
510 3555 563 3601 de
594 3555 741 3616 Legib.
779 3558 833 3602 ΙΙ.
866 3572 900 3603 c.
924 3557 994 3600 12.
1028 3555 1143 3611 §31.
