<?xml version="1.0" encoding="UTF-8"?>
<!DOCTYPE html PUBLIC "-//W3C//DTD XHTML 1.0 Transitional//EN"
    "http://www.w3.org/TR/xhtml1/DTD/xhtml1-transitional.dtd">
<html xmlns="http://www.w3.org/1999/xhtml" xml:lang="en" lang="en">
 <head>
  <title>
</title>
<meta http-equiv="Content-Type" content="text/html;charset=utf-8" />
  <meta name='ocr-system' content='tesseract 3.04.00' />
  <meta name='ocr-capabilities' content='ocr_page ocr_carea ocr_par ocr_line ocrx_word'/>
</head>
<body>
  <div class='ocr_page' id='page_1' title='image "./mtulliiciceronis00suriuoft/mtulliiciceronis00suriuoft_0262.png"; bbox 0 0 2150 3990; ppageno 0'>
   <div class='ocr_carea' id='block_1_1' title="bbox 151 232 1406 280">
    <p class='ocr_par' dir='ltr' id='par_1_1' title="bbox 151 232 1406 280">
     <span class='ocr_line' id='line_1_1' title="bbox 151 232 1406 280; baseline -0.003 0"><span class='ocrx_word' id='word_1_1' title='bbox 151 232 252 280; x_wconf 71' lang='lat'><strong>244</strong></span> <span class='ocrx_word' id='word_1_2' title='bbox 742 243 950 280; x_wconf 69' lang='lat' dir='ltr'><strong>niceno</strong></span> <span class='ocrx_word' id='word_1_3' title='bbox 998 242 1066 278; x_wconf 71' lang='lat' dir='ltr'><strong>nu</strong></span> <span class='ocrx_word' id='word_1_4' title='bbox 1117 239 1253 277; x_wconf 66' lang='lat' dir='ltr'><strong>viu</strong></span> <span class='ocrx_word' id='word_1_5' title='bbox 1303 240 1406 277; x_wconf 68' lang='lat' dir='ltr'><strong>sm</strong></span> 
     </span>
    </p>
   </div>
   <div class='ocr_carea' id='block_1_2' title="bbox 146 372 1983 2438">
    <p class='ocr_par' dir='ltr' id='par_1_2' title="bbox 146 372 1983 2438">
     <span class='ocr_line' id='line_1_2' title="bbox 148 372 1977 446; baseline 0 -15"><span class='ocrx_word' id='word_1_6' title='bbox 148 378 274 431; x_wconf 81' lang='lat' dir='ltr'><strong>huic</strong></span> <span class='ocrx_word' id='word_1_7' title='bbox 308 375 507 441; x_wconf 82' lang='lat' dir='ltr'><strong>furiae,</strong></span> <span class='ocrx_word' id='word_1_8' title='bbox 547 378 592 431; x_wconf 88' lang='lat' dir='ltr'><strong>si</strong></span> <span class='ocrx_word' id='word_1_9' title='bbox 633 375 838 432; x_wconf 88' lang='lat' dir='ltr'><strong>diutius</strong></span> <span class='ocrx_word' id='word_1_10' title='bbox 880 378 934 430; x_wconf 92' lang='lat' dir='ltr'><strong>in</strong></span> <span class='ocrx_word' id='word_1_11' title='bbox 969 376 1067 430; x_wconf 90' lang='lat' dir='ltr'><strong>hac</strong></span> <span class='ocrx_word' id='word_1_12' title='bbox 1109 374 1269 440; x_wconf 88' lang='lat' dir='ltr'><strong>urbe,</strong></span> <span class='ocrx_word' id='word_1_13' title='bbox 1310 390 1470 446; x_wconf 90' lang='lat' dir='ltr'><strong>quam</strong></span> <span class='ocrx_word' id='word_1_14' title='bbox 1511 372 1687 429; x_wconf 87' lang='lat' dir='ltr'><strong>delere</strong></span> <span class='ocrx_word' id='word_1_15' title='bbox 1725 384 1977 446; x_wconf 90' lang='lat' dir='ltr'><strong>cuperet,</strong></span> 
     </span>
     <span class='ocr_line' id='line_1_3' title="bbox 148 474 1978 541; baseline -0.001 -10"><span class='ocrx_word' id='word_1_16' title='bbox 148 483 424 541; x_wconf 89' lang='lat' dir='ltr'><strong>maneret,</strong></span> <span class='ocrx_word' id='word_1_17' title='bbox 476 493 575 530; x_wconf 85' lang='lat' dir='ltr'><strong>vox</strong></span> <span class='ocrx_word' id='word_1_18' title='bbox 617 476 1060 540; x_wconf 80' lang='lat' dir='ltr'><strong>interdiceretur,</strong></span> <span class='ocrx_word' id='word_1_19' title='bbox 1113 476 1178 529; x_wconf 92' lang='lat' dir='ltr'><strong>M.</strong></span> <span class='ocrx_word' id='word_1_20' title='bbox 1222 475 1395 529; x_wconf 87' lang='lat' dir='ltr'><strong>Bibuli</strong></span> <span class='ocrx_word' id='word_1_21' title='bbox 1419 481 1458 539; x_wconf 90' lang='lat'><strong>¹,</strong></span> <span class='ocrx_word' id='word_1_22' title='bbox 1515 474 1796 529; x_wconf 80' lang='lat' dir='ltr'><strong>fortissimi</strong></span> <span class='ocrx_word' id='word_1_23' title='bbox 1835 477 1978 541; x_wconf 88' lang='lat' dir='ltr'><strong>viri,</strong></span> 
     </span>
     <span class='ocr_line' id='line_1_4' title="bbox 148 573 1977 641; baseline -0.002 -9"><span class='ocrx_word' id='word_1_24' title='bbox 148 578 473 632; x_wconf 85' lang='lat' dir='ltr'><strong>sententiam</strong></span> <span class='ocrx_word' id='word_1_25' title='bbox 507 583 726 631; x_wconf 89' lang='lat' dir='ltr'><strong>secutus</strong></span> <span class='ocrx_word' id='word_1_26' title='bbox 747 618 762 641; x_wconf 95' lang='lat'><strong>,</strong></span> <span class='ocrx_word' id='word_1_27' title='bbox 802 575 1040 630; x_wconf 90' lang='lat' dir='ltr'><strong>decrevit</strong></span> <span class='ocrx_word' id='word_1_28' title='bbox 1060 581 1099 639; x_wconf 80' lang='lat'><strong>2,</strong></span> <span class='ocrx_word' id='word_1_29' title='bbox 1138 582 1213 629; x_wconf 90' lang='lat' dir='ltr'><strong>ut</strong></span> <span class='ocrx_word' id='word_1_30' title='bbox 1247 573 1324 629; x_wconf 87' lang='lat' dir='ltr'><strong>de</strong></span> <span class='ocrx_word' id='word_1_31' title='bbox 1361 590 1669 629; x_wconf 91' lang='lat' dir='ltr'><strong>mearum</strong></span> <span class='ocrx_word' id='word_1_32' title='bbox 1701 573 1977 629; x_wconf 89' lang='lat' dir='ltr'><strong>aedium</strong></span> 
     </span>
     <span class='ocr_line' id='line_1_5' title="bbox 147 673 1980 748; baseline -0.002 -16"><span class='ocrx_word' id='word_1_33' title='bbox 147 677 502 748; x_wconf 87' lang='lat' dir='ltr'><strong>religione</strong></span> <span class='ocrx_word' id='word_1_34' title='bbox 543 677 622 731; x_wconf 88' lang='lat' dir='ltr'><strong>ad</strong></span> <span class='ocrx_word' id='word_1_35' title='bbox 662 675 1091 748; x_wconf 85' lang='lat' dir='ltr'><strong>pontificum</strong></span> <span class='ocrx_word' id='word_1_36' title='bbox 1126 675 1508 746; x_wconf 82' lang='lat' dir='ltr'><strong>collegium</strong></span> <span class='ocrx_word' id='word_1_37' title='bbox 1547 673 1980 738; x_wconf 84' lang='lat' dir='ltr'><strong>referretur;</strong></span> 
     </span>
     <span class='ocr_line' id='line_1_6' title="bbox 149 774 1977 849; baseline -0.001 -17"><span class='ocrx_word' id='word_1_38' title='bbox 149 784 295 832; x_wconf 85' lang='lat' dir='ltr'><strong>non³</strong></span> <span class='ocrx_word' id='word_1_39' title='bbox 335 777 477 849; x_wconf 91' lang='lat' dir='ltr'><strong>quod</strong></span> <span class='ocrx_word' id='word_1_40' title='bbox 517 776 823 840; x_wconf 85' lang='lat' dir='ltr'><strong>dubitaret,</strong></span> <span class='ocrx_word' id='word_1_41' title='bbox 863 777 995 847; x_wconf 87' lang='lat' dir='ltr'><strong>quin</strong></span> <span class='ocrx_word' id='word_1_42' title='bbox 1034 775 1100 829; x_wconf 90' lang='lat' dir='ltr'><strong>ab</strong></span> <span class='ocrx_word' id='word_1_43' title='bbox 1140 776 1244 829; x_wconf 89' lang='lat' dir='ltr'><strong>isto</strong></span> <span class='ocrx_word' id='word_1_44' title='bbox 1276 775 1411 829; x_wconf 88' lang='lat' dir='ltr'><strong>nihil</strong></span> <span class='ocrx_word' id='word_1_45' title='bbox 1444 774 1681 847; x_wconf 81' lang='lat' dir='ltr'><strong>legibuS,</strong></span> <span class='ocrx_word' id='word_1_46' title='bbox 1721 774 1856 830; x_wconf 91' lang='lat' dir='ltr'><strong>nihil</strong></span> <span class='ocrx_word' id='word_1_47' title='bbox 1895 792 1977 830; x_wconf 91' lang='lat' dir='ltr'><strong>re-</strong></span> 
     </span>
     <span class='ocr_line' id='line_1_7' title="bbox 146 873 1982 949; baseline -0.001 -18"><span class='ocrx_word' id='word_1_48' title='bbox 146 876 466 949; x_wconf 76' lang='lat' dir='ltr'><strong>ligionihus,</strong></span> <span class='ocrx_word' id='word_1_49' title='bbox 520 874 656 928; x_wconf 90' lang='lat' dir='ltr'><strong>nihil</strong></span> <span class='ocrx_word' id='word_1_50' title='bbox 708 875 828 928; x_wconf 87' lang='lat' dir='ltr'><strong>iure</strong></span> <span class='ocrx_word' id='word_1_51' title='bbox 880 881 1022 928; x_wconf 89' lang='lat' dir='ltr'><strong>esset</strong></span> <span class='ocrx_word' id='word_1_52' title='bbox 1059 879 1280 937; x_wconf 88' lang='lat' dir='ltr'><strong>actum,</strong></span> <span class='ocrx_word' id='word_1_53' title='bbox 1333 873 1427 930; x_wconf 86' lang='lat' dir='ltr'><strong>sed</strong></span> <span class='ocrx_word' id='word_1_54' title='bbox 1464 892 1532 929; x_wconf 89' lang='lat' dir='ltr'><strong>ne</strong></span> <span class='ocrx_word' id='word_1_55' title='bbox 1570 876 1694 946; x_wconf 89' lang='lat' dir='ltr'><strong>quis</strong></span> <span class='ocrx_word' id='word_1_56' title='bbox 1743 876 1982 930; x_wconf 88' lang='lat' dir='ltr'><strong>oriretur</strong></span> 
     </span>
     <span class='ocr_line' id='line_1_8' title="bbox 150 972 1981 1048; baseline -0.001 -17"><span class='ocrx_word' id='word_1_57' title='bbox 150 974 435 1048; x_wconf 86' lang='lat' dir='ltr'><strong>aliquando</strong></span> <span class='ocrx_word' id='word_1_58' title='bbox 469 975 524 1027; x_wconf 91' lang='lat' dir='ltr'><strong>in</strong></span> <span class='ocrx_word' id='word_1_59' title='bbox 552 979 704 1027; x_wconf 89' lang='lat' dir='ltr'><strong>tanta</strong></span> <span class='ocrx_word' id='word_1_60' title='bbox 736 973 983 1028; x_wconf 90' lang='lat' dir='ltr'><strong>ubertate</strong></span> <span class='ocrx_word' id='word_1_61' title='bbox 1010 972 1406 1044; x_wconf 90' lang='lat' dir='ltr'><strong>improborum,</strong></span> <span class='ocrx_word' id='word_1_62' title='bbox 1445 974 1539 1044; x_wconf 90' lang='lat' dir='ltr'><strong>qui</strong></span> <span class='ocrx_word' id='word_1_63' title='bbox 1573 975 1629 1027; x_wconf 90' lang='lat' dir='ltr'><strong>in</strong></span> <span class='ocrx_word' id='word_1_64' title='bbox 1666 976 1803 1029; x_wconf 92' lang='lat' dir='ltr'><strong>meis</strong></span> <span class='ocrx_word' id='word_1_65' title='bbox 1840 975 1981 1030; x_wconf 89' lang='lat' dir='ltr'><strong>aedi-</strong></span> 
     </span>
     <span class='ocr_line' id='line_1_9' title="bbox 146 1071 1982 1144; baseline 0 -14"><span class='ocrx_word' id='word_1_66' title='bbox 146 1077 246 1130; x_wconf 86' lang='lat' dir='ltr'><strong>bus</strong></span> <span class='ocrx_word' id='word_1_67' title='bbox 304 1073 539 1144; x_wconf 84' lang='lat' dir='ltr'><strong>aliquam</strong></span> <span class='ocrx_word' id='word_1_68' title='bbox 578 1072 894 1144; x_wconf 85' lang='lat' dir='ltr'><strong>religionem</strong></span> <span class='ocrx_word' id='word_1_69' title='bbox 934 1072 1170 1128; x_wconf 86' lang='lat' dir='ltr'><strong>residere</strong></span> <span class='ocrx_word' id='word_1_70' title='bbox 1211 1071 1432 1126; x_wconf 89' lang='lat' dir='ltr'><strong>diceret.</strong></span> <span class='ocrx_word' id='word_1_71' title='bbox 1528 1075 1614 1126; x_wconf 88' lang='lat'><strong>16.</strong></span> <span class='ocrx_word' id='word_1_72' title='bbox 1657 1072 1790 1127; x_wconf 72' lang='lat' dir='ltr'><strong>Sic4</strong></span> <span class='ocrx_word' id='word_1_73' title='bbox 1829 1090 1982 1130; x_wconf 90' lang='lat' dir='ltr'><strong>meus</strong></span> 
     </span>
     <span class='ocr_line' id='line_1_10' title="bbox 147 1172 1982 1247; baseline -0.001 -17"><span class='ocrx_word' id='word_1_74' title='bbox 147 1174 354 1230; x_wconf 88' lang='lat' dir='ltr'><strong>reditus</strong></span> <span class='ocrx_word' id='word_1_75' title='bbox 405 1173 723 1247; x_wconf 87' lang='lat' dir='ltr'><strong>pontificum</strong></span> <span class='ocrx_word' id='word_1_76' title='bbox 777 1173 979 1228; x_wconf 90' lang='lat' dir='ltr'><strong>iudicio</strong></span> <span class='ocrx_word' id='word_1_77' title='bbox 1032 1172 1426 1228; x_wconf 87' lang='lat' dir='ltr'><strong>continebatur.</strong></span> <span class='ocrx_word' id='word_1_78' title='bbox 1522 1172 1658 1228; x_wconf 89' lang='lat' dir='ltr'><strong>Nam</strong></span> <span class='ocrx_word' id='word_1_79' title='bbox 1695 1175 1744 1227; x_wconf 90' lang='lat' dir='ltr'><strong>si</strong></span> <span class='ocrx_word' id='word_1_80' title='bbox 1782 1191 1868 1230; x_wconf 92' lang='lat' dir='ltr'><strong>me</strong></span> <span class='ocrx_word' id='word_1_81' title='bbox 1927 1176 1982 1229; x_wconf 91' lang='lat' dir='ltr'><strong>in</strong></span> 
     </span>
     <span class='ocr_line' id='line_1_11' title="bbox 147 1272 1983 1344; baseline 0 -14"><span class='ocrx_word' id='word_1_82' title='bbox 147 1277 282 1330; x_wconf 88' lang='lat' dir='ltr'><strong>meis</strong></span> <span class='ocrx_word' id='word_1_83' title='bbox 331 1275 553 1330; x_wconf 90' lang='lat' dir='ltr'><strong>aedibus</strong></span> <span class='ocrx_word' id='word_1_84' title='bbox 605 1273 933 1329; x_wconf 92' lang='lat' dir='ltr'><strong>collocabant</strong></span> <span class='ocrx_word' id='word_1_85' title='bbox 953 1316 968 1338; x_wconf 96' lang='lat'><strong>,</strong></span> <span class='ocrx_word' id='word_1_86' title='bbox 1021 1273 1077 1328; x_wconf 92' lang='lat' dir='ltr'><strong>id</strong></span> <span class='ocrx_word' id='word_1_87' title='bbox 1129 1272 1270 1344; x_wconf 89' lang='lat' dir='ltr'><strong>quod</strong></span> <span class='ocrx_word' id='word_1_88' title='bbox 1321 1273 1378 1326; x_wconf 94' lang='lat' dir='ltr'><strong>in</strong></span> <span class='ocrx_word' id='word_1_89' title='bbox 1417 1273 1572 1326; x_wconf 90' lang='lat' dir='ltr'><strong>omni</strong></span> <span class='ocrx_word' id='word_1_90' title='bbox 1621 1290 1743 1329; x_wconf 87' lang='lat' dir='ltr'><strong>mea</strong></span> <span class='ocrx_word' id='word_1_91' title='bbox 1791 1291 1983 1330; x_wconf 88' lang='lat' dir='ltr'><strong>caussa</strong></span> 
     </span>
     <span class='ocr_line' id='line_1_12' title="bbox 146 1372 1978 1448; baseline 0 -18"><span class='ocrx_word' id='word_1_92' title='bbox 146 1392 358 1448; x_wconf 89' lang='lat' dir='ltr'><strong>semper</strong></span> <span class='ocrx_word' id='word_1_93' title='bbox 395 1374 619 1440; x_wconf 83' lang='lat' dir='ltr'><strong>studiiS,</strong></span> <span class='ocrx_word' id='word_1_94' title='bbox 659 1374 898 1429; x_wconf 91' lang='lat' dir='ltr'><strong>consiliis</strong></span> <span class='ocrx_word' id='word_1_95' title='bbox 919 1417 934 1439; x_wconf 92' lang='lat'>‚</span> <span class='ocrx_word' id='word_1_96' title='bbox 975 1372 1390 1428; x_wconf 89' lang='lat' dir='ltr'><strong>auctoritatibus</strong></span> <span class='ocrx_word' id='word_1_97' title='bbox 1423 1374 1813 1446; x_wconf 87' lang='lat' dir='ltr'><strong>sententiisque</strong></span> <span class='ocrx_word' id='word_1_98' title='bbox 1846 1373 1978 1430; x_wconf 91' lang='lat' dir='ltr'><strong>fece-</strong></span> 
     </span>
     <span class='ocr_line' id='line_1_13' title="bbox 146 1473 1981 1547; baseline 0.001 -18"><span class='ocrx_word' id='word_1_99' title='bbox 146 1482 300 1541; x_wconf 90' lang='lat' dir='ltr'><strong>rant,</strong></span> <span class='ocrx_word' id='word_1_100' title='bbox 339 1475 584 1530; x_wconf 90' lang='lat' dir='ltr'><strong>videbam</strong></span> <span class='ocrx_word' id='word_1_101' title='bbox 617 1491 703 1529; x_wconf 89' lang='lat' dir='ltr'><strong>me</strong></span> <span class='ocrx_word' id='word_1_102' title='bbox 736 1473 892 1547; x_wconf 88' lang='lat' dir='ltr'><strong>plane</strong></span> <span class='ocrx_word' id='word_1_103' title='bbox 925 1490 988 1528; x_wconf 93' lang='lat' dir='ltr'><strong>ac</strong></span> <span class='ocrx_word' id='word_1_104' title='bbox 1022 1473 1319 1528; x_wconf 88' lang='lat' dir='ltr'><strong>sentiebam</strong></span> <span class='ocrx_word' id='word_1_105' title='bbox 1351 1473 1697 1528; x_wconf 90' lang='lat' dir='ltr'><strong>restitutum:</strong></span> <span class='ocrx_word' id='word_1_106' title='bbox 1737 1475 1823 1529; x_wconf 90' lang='lat' dir='ltr'><strong>sin</strong></span> <span class='ocrx_word' id='word_1_107' title='bbox 1861 1491 1981 1530; x_wconf 90' lang='lat' dir='ltr'><strong>mea</strong></span> 
     </span>
     <span class='ocr_line' id='line_1_14' title="bbox 146 1572 1981 1640; baseline -0.001 -10"><span class='ocrx_word' id='word_1_108' title='bbox 146 1576 338 1631; x_wconf 89' lang='lat' dir='ltr'><strong>domus</strong></span> <span class='ocrx_word' id='word_1_109' title='bbox 384 1593 489 1634; x_wconf 92' lang='lat' dir='ltr'><strong>non</strong></span> <span class='ocrx_word' id='word_1_110' title='bbox 528 1574 686 1629; x_wconf 91' lang='lat' dir='ltr'><strong>modo</strong></span> <span class='ocrx_word' id='word_1_111' title='bbox 730 1574 865 1628; x_wconf 91' lang='lat' dir='ltr'><strong>mihi</strong></span> <span class='ocrx_word' id='word_1_112' title='bbox 905 1591 1010 1628; x_wconf 92' lang='lat' dir='ltr'><strong>non</strong></span> <span class='ocrx_word' id='word_1_113' title='bbox 1050 1573 1404 1637; x_wconf 86' lang='lat' dir='ltr'><strong>reddebatur,</strong></span> <span class='ocrx_word' id='word_1_114' title='bbox 1457 1572 1550 1627; x_wconf 91' lang='lat' dir='ltr'><strong>sed</strong></span> <span class='ocrx_word' id='word_1_115' title='bbox 1589 1573 1756 1640; x_wconf 77' lang='lat' dir='ltr'><strong>etiam</strong></span> <span class='ocrx_word' id='word_1_116' title='bbox 1794 1591 1981 1630; x_wconf 90' lang='lat' dir='ltr'><strong>monu-</strong></span> 
     </span>
     <span class='ocr_line' id='line_1_15' title="bbox 147 1672 1980 1747; baseline 0 -17"><span class='ocrx_word' id='word_1_117' title='bbox 147 1682 391 1730; x_wconf 89' lang='lat' dir='ltr'><strong>mentum</strong></span> <span class='ocrx_word' id='word_1_118' title='bbox 437 1672 723 1746; x_wconf 88' lang='lat' dir='ltr'><strong>praebebat</strong></span> <span class='ocrx_word' id='word_1_119' title='bbox 762 1674 983 1728; x_wconf 92' lang='lat' dir='ltr'><strong>inimico</strong></span> <span class='ocrx_word' id='word_1_120' title='bbox 1023 1673 1222 1728; x_wconf 90' lang='lat' dir='ltr'><strong>doloris</strong></span> <span class='ocrx_word' id='word_1_121' title='bbox 1266 1673 1403 1738; x_wconf 88' lang='lat' dir='ltr'><strong>mei,</strong></span> <span class='ocrx_word' id='word_1_122' title='bbox 1461 1672 1680 1728; x_wconf 87' lang='lat' dir='ltr'><strong>sceleris</strong></span> <span class='ocrx_word' id='word_1_123' title='bbox 1717 1675 1836 1740; x_wconf 90' lang='lat' dir='ltr'><strong>sui,</strong></span> <span class='ocrx_word' id='word_1_124' title='bbox 1885 1692 1980 1747; x_wconf 90' lang='lat' dir='ltr'><strong>pu·</strong></span> 
     </span>
     <span class='ocr_line' id='line_1_16' title="bbox 146 1773 1983 1849; baseline 0.001 -19"><span class='ocrx_word' id='word_1_125' title='bbox 146 1775 315 1830; x_wconf 89' lang='lat' dir='ltr'><strong>blicae</strong></span> <span class='ocrx_word' id='word_1_126' title='bbox 368 1774 720 1840; x_wconf 81' lang='lat' dir='ltr'><strong>calamitatiS,</strong></span> <span class='ocrx_word' id='word_1_127' title='bbox 779 1775 902 1846; x_wconf 89' lang='lat' dir='ltr'><strong>quis</strong></span> <span class='ocrx_word' id='word_1_128' title='bbox 941 1781 1083 1832; x_wconf 88' lang='lat' dir='ltr'><strong>esset</strong></span> <span class='ocrx_word' id='word_1_129' title='bbox 1103 1817 1119 1840; x_wconf 94' lang='lat'><strong>,</strong></span> <span class='ocrx_word' id='word_1_130' title='bbox 1178 1774 1272 1846; x_wconf 90' lang='lat' dir='ltr'><strong>qui</strong></span> <span class='ocrx_word' id='word_1_131' title='bbox 1312 1773 1459 1829; x_wconf 92' lang='lat' dir='ltr'><strong>hunc</strong></span> <span class='ocrx_word' id='word_1_132' title='bbox 1498 1774 1735 1831; x_wconf 86' lang='lat' dir='ltr'><strong>reditum</strong></span> <span class='ocrx_word' id='word_1_133' title='bbox 1774 1778 1983 1849; x_wconf 85' lang='lat' dir='ltr'><strong>potiuS,</strong></span> 
     </span>
     <span class='ocr_line' id='line_1_17' title="bbox 147 1875 1981 1950; baseline 0.001 -18"><span class='ocrx_word' id='word_1_134' title='bbox 147 1894 310 1950; x_wconf 90' lang='lat' dir='ltr'><strong>quam</strong></span> <span class='ocrx_word' id='word_1_135' title='bbox 360 1893 586 1949; x_wconf 90' lang='lat' dir='ltr'><strong>poenam</strong></span> <span class='ocrx_word' id='word_1_136' title='bbox 638 1876 1024 1948; x_wconf 90' lang='lat' dir='ltr'><strong>sempiternam</strong></span> <span class='ocrx_word' id='word_1_137' title='bbox 1062 1875 1321 1948; x_wconf 84' lang='lat' dir='ltr'><strong>putaret?</strong></span> <span class='ocrx_word' id='word_1_138' title='bbox 1402 1875 1464 1931; x_wconf 93' lang='lat' dir='ltr'><strong>In</strong></span> <span class='ocrx_word' id='word_1_139' title='bbox 1503 1883 1795 1949; x_wconf 90' lang='lat' dir='ltr'><strong>conspectu</strong></span> <span class='ocrx_word' id='word_1_140' title='bbox 1832 1895 1981 1950; x_wconf 88' lang='lat' dir='ltr'><strong>prae-</strong></span> 
     </span>
     <span class='ocr_line' id='line_1_18' title="bbox 149 1976 1980 2048; baseline 0.001 -15"><span class='ocrx_word' id='word_1_141' title='bbox 149 1986 296 2033; x_wconf 89' lang='lat' dir='ltr'><strong>terea</strong></span> <span class='ocrx_word' id='word_1_142' title='bbox 321 1978 489 2032; x_wconf 90' lang='lat' dir='ltr'><strong>totius</strong></span> <span class='ocrx_word' id='word_1_143' title='bbox 515 1976 674 2031; x_wconf 89' lang='lat' dir='ltr'><strong>Urbis</strong></span> <span class='ocrx_word' id='word_1_144' title='bbox 701 1976 892 2031; x_wconf 87' lang='lat' dir='ltr'><strong>domus</strong></span> <span class='ocrx_word' id='word_1_145' title='bbox 919 1983 1036 2032; x_wconf 89' lang='lat' dir='ltr'><strong>erat</strong></span> <span class='ocrx_word' id='word_1_146' title='bbox 1061 1993 1208 2032; x_wconf 87' lang='lat' dir='ltr'><strong>mea:</strong></span> <span class='ocrx_word' id='word_1_147' title='bbox 1251 1977 1306 2030; x_wconf 92' lang='lat' dir='ltr'><strong>in</strong></span> <span class='ocrx_word' id='word_1_148' title='bbox 1335 1993 1442 2048; x_wconf 89' lang='lat' dir='ltr'><strong>qua</strong></span> <span class='ocrx_word' id='word_1_149' title='bbox 1467 1978 1515 2031; x_wconf 91' lang='lat' dir='ltr'><strong>si</strong></span> <span class='ocrx_word' id='word_1_150' title='bbox 1541 1978 1791 2033; x_wconf 90' lang='lat' dir='ltr'><strong>manebat</strong></span> <span class='ocrx_word' id='word_1_151' title='bbox 1823 1979 1980 2046; x_wconf 89' lang='lat' dir='ltr'><strong>illud,</strong></span> 
     </span>
     <span class='ocr_line' id='line_1_19' title="bbox 148 2076 1980 2150; baseline 0.001 -16"><span class='ocrx_word' id='word_1_152' title='bbox 148 2097 255 2135; x_wconf 91' lang='lat' dir='ltr'><strong>non</strong></span> <span class='ocrx_word' id='word_1_153' title='bbox 294 2084 705 2133; x_wconf 90' lang='lat' dir='ltr'><strong>monumentum</strong></span> <span class='ocrx_word' id='word_1_154' title='bbox 746 2076 938 2143; x_wconf 86' lang='lat' dir='ltr'><strong>Urbis,</strong></span> <span class='ocrx_word' id='word_1_155' title='bbox 991 2077 1085 2132; x_wconf 89' lang='lat' dir='ltr'><strong>sed</strong></span> <span class='ocrx_word' id='word_1_156' title='bbox 1125 2077 1465 2150; x_wconf 88' lang='lat' dir='ltr'><strong>sepulcrum,</strong></span> <span class='ocrx_word' id='word_1_157' title='bbox 1505 2079 1726 2134; x_wconf 87' lang='lat' dir='ltr'><strong>inimico</strong></span> <span class='ocrx_word' id='word_1_158' title='bbox 1766 2082 1980 2136; x_wconf 89' lang='lat' dir='ltr'><strong>nomine</strong></span> 
     </span>
     <span class='ocr_line' id='line_1_20' title="bbox 147 2178 1979 2253; baseline 0.002 -20"><span class='ocrx_word' id='word_1_159' title='bbox 147 2181 498 2252; x_wconf 90' lang='lat' dir='ltr'><strong>inscriptum;</strong></span> <span class='ocrx_word' id='word_1_160' title='bbox 537 2178 951 2251; x_wconf 83' lang='lat' dir='ltr'><strong>demigrandum</strong></span> <span class='ocrx_word' id='word_1_161' title='bbox 988 2179 1168 2251; x_wconf 91' lang='lat' dir='ltr'><strong>potius</strong></span> <span class='ocrx_word' id='word_1_162' title='bbox 1208 2178 1388 2250; x_wconf 87' lang='lat' dir='ltr'><strong>aliquo</strong></span> <span class='ocrx_word' id='word_1_163' title='bbox 1427 2178 1653 2245; x_wconf 80' lang='lat' dir='ltr'><strong>fuisset,</strong></span> <span class='ocrx_word' id='word_1_164' title='bbox 1692 2197 1855 2253; x_wconf 84' lang='lat' dir='ltr'><strong>quam</strong></span> <span class='ocrx_word' id='word_1_165' title='bbox 1890 2181 1979 2237; x_wconf 91' lang='lat' dir='ltr'><strong>ha-</strong></span> 
     </span>
     <span class='ocr_line' id='line_1_21' title="bbox 146 2278 1978 2355; baseline 0.002 -21"><span class='ocrx_word' id='word_1_166' title='bbox 146 2280 427 2336; x_wconf 90' lang='lat' dir='ltr'><strong>bitandum</strong></span> <span class='ocrx_word' id='word_1_167' title='bbox 461 2282 518 2335; x_wconf 91' lang='lat' dir='ltr'><strong>in</strong></span> <span class='ocrx_word' id='word_1_168' title='bbox 551 2297 614 2335; x_wconf 90' lang='lat' dir='ltr'><strong>ca</strong></span> <span class='ocrx_word' id='word_1_169' title='bbox 652 2280 785 2335; x_wconf 91' lang='lat' dir='ltr'><strong>urbe</strong></span> <span class='ocrx_word' id='word_1_170' title='bbox 804 2323 820 2345; x_wconf 95' lang='lat'><strong>,</strong></span> <span class='ocrx_word' id='word_1_171' title='bbox 861 2280 917 2335; x_wconf 91' lang='lat' dir='ltr'><strong>in</strong></span> <span class='ocrx_word' id='word_1_172' title='bbox 957 2296 1062 2354; x_wconf 90' lang='lat' dir='ltr'><strong>qua</strong></span> <span class='ocrx_word' id='word_1_173' title='bbox 1090 2285 1308 2353; x_wconf 87' lang='lat' dir='ltr'><strong>tropaea</strong></span> <span class='ocrx_word' id='word_1_174' title='bbox 1336 2285 1390 2335; x_wconf 89' lang='lat' dir='ltr'><strong>et</strong></span> <span class='ocrx_word' id='word_1_175' title='bbox 1422 2278 1488 2335; x_wconf 88' lang='lat' dir='ltr'><strong>de</strong></span> <span class='ocrx_word' id='word_1_176' title='bbox 1515 2296 1602 2339; x_wconf 88' lang='lat' dir='ltr'><strong>me</strong></span> <span class='ocrx_word' id='word_1_177' title='bbox 1640 2287 1694 2337; x_wconf 89' lang='lat' dir='ltr'><strong>et</strong></span> <span class='ocrx_word' id='word_1_178' title='bbox 1726 2281 1792 2338; x_wconf 89' lang='lat' dir='ltr'><strong>de</strong></span> <span class='ocrx_word' id='word_1_179' title='bbox 1823 2299 1978 2355; x_wconf 87' lang='lat' dir='ltr'><strong>repu-</strong></span> 
     </span>
     <span class='ocr_line' id='line_1_22' title="bbox 150 2380 910 2438; baseline 0.001 -3"><span class='ocrx_word' id='word_1_180' title='bbox 150 2380 289 2436; x_wconf 88' lang='lat' dir='ltr'><strong>blica</strong></span> <span class='ocrx_word' id='word_1_181' title='bbox 327 2382 565 2438; x_wconf 89' lang='lat' dir='ltr'><strong>viderem</strong></span> <span class='ocrx_word' id='word_1_182' title='bbox 599 2382 910 2436; x_wconf 84' lang='lat' dir='ltr'><strong>constituta.</strong></span> 
     </span>
    </p>
   </div>
   <div class='ocr_carea' id='block_1_3' title="bbox 147 2578 1979 3256">
    <p class='ocr_par' dir='ltr' id='par_1_3' title="bbox 147 2578 1979 3256">
     <span class='ocr_line' id='line_1_23' title="bbox 224 2578 1977 2653; baseline 0.001 -17"><span class='ocrx_word' id='word_1_183' title='bbox 224 2581 363 2637; x_wconf 89' lang='lat' dir='ltr'>VIII.</span> <span class='ocrx_word' id='word_1_184' title='bbox 449 2585 534 2635; x_wconf 91' lang='lat'><strong>17.</strong></span> <span class='ocrx_word' id='word_1_185' title='bbox 576 2581 910 2636; x_wconf 81' lang='lat' dir='ltr'><strong>Diximus⁵</strong></span> <span class='ocrx_word' id='word_1_186' title='bbox 950 2578 1116 2652; x_wconf 87' lang='lat' dir='ltr'><strong>apud</strong></span> <span class='ocrx_word' id='word_1_187' title='bbox 1149 2580 1504 2652; x_wconf 86' lang='lat' dir='ltr'><strong>pontifices</strong></span> <span class='ocrx_word' id='word_1_188' title='bbox 1538 2581 1713 2653; x_wconf 87' lang='lat' dir='ltr'><strong>pridie</strong></span> <span class='ocrx_word' id='word_1_189' title='bbox 1742 2582 1858 2638; x_wconf 87' lang='lat' dir='ltr'><strong>Kal.</strong></span> <span class='ocrx_word' id='word_1_190' title='bbox 1882 2581 1977 2638; x_wconf 86' lang='lat' dir='ltr'><strong>Oc-</strong></span> 
     </span>
     <span class='ocr_line' id='line_1_24' title="bbox 148 2678 1979 2754; baseline 0.001 -18"><span class='ocrx_word' id='word_1_191' title='bbox 148 2681 344 2736; x_wconf 88' lang='lat' dir='ltr'><strong>tobres.</strong></span> <span class='ocrx_word' id='word_1_192' title='bbox 423 2681 557 2734; x_wconf 88' lang='lat' dir='ltr'><strong>Acta</strong></span> <span class='ocrx_word' id='word_1_193' title='bbox 595 2696 681 2734; x_wconf 90' lang='lat' dir='ltr'><strong>res</strong></span> <span class='ocrx_word' id='word_1_194' title='bbox 715 2685 797 2733; x_wconf 90' lang='lat' dir='ltr'><strong>est</strong></span> <span class='ocrx_word' id='word_1_195' title='bbox 835 2685 1087 2734; x_wconf 88' lang='lat' dir='ltr'><strong>accurate</strong></span> <span class='ocrx_word' id='word_1_196' title='bbox 1127 2696 1159 2734; x_wconf 86' lang='lat' dir='ltr'><strong>a</strong></span> <span class='ocrx_word' id='word_1_197' title='bbox 1191 2678 1380 2746; x_wconf 82' lang='lat' dir='ltr'><strong>nobiS‚</strong></span> <span class='ocrx_word' id='word_1_198' title='bbox 1421 2687 1503 2747; x_wconf 88' lang='lat' dir='ltr'><strong>et,</strong></span> <span class='ocrx_word' id='word_1_199' title='bbox 1544 2682 1591 2735; x_wconf 91' lang='lat' dir='ltr'><strong>si</strong></span> <span class='ocrx_word' id='word_1_200' title='bbox 1629 2699 1888 2754; x_wconf 88' lang='lat' dir='ltr'><strong>umquam</strong></span> <span class='ocrx_word' id='word_1_201' title='bbox 1923 2684 1979 2738; x_wconf 91' lang='lat' dir='ltr'><strong>in</strong></span> 
     </span>
     <span class='ocr_line' id='line_1_25' title="bbox 147 2764 1978 2853; baseline 0 -16"><span class='ocrx_word' id='word_1_202' title='bbox 147 2764 375 2837; x_wconf 90' lang='lat' dir='ltr'><strong>dicendo</strong></span> <span class='ocrx_word' id='word_1_203' title='bbox 408 2779 611 2835; x_wconf 86' lang='lat' dir='ltr'><strong>fuimus</strong></span> <span class='ocrx_word' id='word_1_204' title='bbox 649 2779 883 2851; x_wconf 87' lang='lat' dir='ltr'><strong>aliquid,</strong></span> <span class='ocrx_word' id='word_1_205' title='bbox 923 2785 1018 2834; x_wconf 88' lang='lat' dir='ltr'><strong>aut</strong></span> <span class='ocrx_word' id='word_1_206' title='bbox 1057 2780 1250 2845; x_wconf 84' lang='lat' dir='ltr'><strong>etiam,</strong></span> <span class='ocrx_word' id='word_1_207' title='bbox 1290 2781 1337 2834; x_wconf 92' lang='lat' dir='ltr'><strong>si</strong></span> <span class='ocrx_word' id='word_1_208' title='bbox 1377 2797 1673 2853; x_wconf 84' lang='lat' dir='ltr'><strong>numquam</strong></span> <span class='ocrx_word' id='word_1_209' title='bbox 1713 2781 1846 2837; x_wconf 91' lang='lat' dir='ltr'><strong>alias</strong></span> <span class='ocrx_word' id='word_1_210' title='bbox 1878 2781 1978 2838; x_wconf 86' lang='lat' dir='ltr'><strong>fui-</strong></span> 
     </span>
     <span class='ocr_line' id='line_1_26' title="bbox 149 2877 1979 2953; baseline 0.001 -16"><span class='ocrx_word' id='word_1_211' title='bbox 149 2899 301 2946; x_wconf 85' lang='lat' dir='ltr'><strong>muS,</strong></span> <span class='ocrx_word' id='word_1_212' title='bbox 339 2887 459 2935; x_wconf 91' lang='lat' dir='ltr'><strong>tum</strong></span> <span class='ocrx_word' id='word_1_213' title='bbox 490 2877 727 2952; x_wconf 87' lang='lat' dir='ltr'><strong>profecto</strong></span> <span class='ocrx_word' id='word_1_214' title='bbox 765 2878 963 2933; x_wconf 89' lang='lat' dir='ltr'><strong>doloris</strong></span> <span class='ocrx_word' id='word_1_215' title='bbox 1002 2880 1318 2951; x_wconf 83' lang='lat' dir='ltr'><strong>magnitudo</strong></span> <span class='ocrx_word' id='word_1_216' title='bbox 1356 2883 1466 2936; x_wconf 90' lang='lat' dir='ltr'><strong>vim</strong></span> <span class='ocrx_word' id='word_1_217' title='bbox 1505 2881 1794 2953; x_wconf 88' lang='lat' dir='ltr'><strong>quamdam</strong></span> <span class='ocrx_word' id='word_1_218' title='bbox 1827 2883 1979 2938; x_wconf 89' lang='lat' dir='ltr'><strong>nobis</strong></span> 
     </span>
     <span class='ocr_line' id='line_1_27' title="bbox 148 2979 1979 3051; baseline 0.001 -13"><span class='ocrx_word' id='word_1_219' title='bbox 148 2981 363 3038; x_wconf 90' lang='lat' dir='ltr'><strong>dicendi</strong></span> <span class='ocrx_word' id='word_1_220' title='bbox 402 2980 568 3035; x_wconf 91' lang='lat' dir='ltr'><strong>dedit.</strong></span> <span class='ocrx_word' id='word_1_221' title='bbox 657 2979 844 3051; x_wconf 89' lang='lat' dir='ltr'><strong>Itaque</strong></span> <span class='ocrx_word' id='word_1_222' title='bbox 882 2981 1054 3035; x_wconf 88' lang='lat' dir='ltr'><strong>oratio</strong></span> <span class='ocrx_word' id='word_1_223' title='bbox 1092 2981 1362 3039; x_wconf 89' lang='lat' dir='ltr'><strong>iuventuti</strong></span> <span class='ocrx_word' id='word_1_224' title='bbox 1401 2988 1616 3037; x_wconf 90' lang='lat' dir='ltr'><strong>nostrae</strong></span> <span class='ocrx_word' id='word_1_225' title='bbox 1654 2982 1835 3044; x_wconf 88' lang='lat' dir='ltr'><strong>deberi</strong></span> <span class='ocrx_word' id='word_1_226' title='bbox 1874 3001 1979 3039; x_wconf 92' lang='lat' dir='ltr'><strong>non</strong></span> 
     </span>
     <span class='ocr_line' id='line_1_28' title="bbox 151 3081 1979 3155; baseline 0.001 -18"><span class='ocrx_word' id='word_1_227' title='bbox 151 3088 340 3155; x_wconf 88' lang='lat' dir='ltr'><strong>potest.</strong></span> <span class='ocrx_word' id='word_1_228' title='bbox 422 3081 710 3152; x_wconf 67' lang='lat' dir='ltr'><strong>Intelligoss</strong></span> <span class='ocrx_word' id='word_1_229' title='bbox 742 3087 924 3136; x_wconf 88' lang='lat' dir='ltr'><strong>autem</strong></span> <span class='ocrx_word' id='word_1_230' title='bbox 957 3098 1044 3136; x_wconf 92' lang='lat' dir='ltr'><strong>me</strong></span> <span class='ocrx_word' id='word_1_231' title='bbox 1084 3081 1239 3154; x_wconf 92' lang='lat' dir='ltr'><strong>plura</strong></span> <span class='ocrx_word' id='word_1_232' title='bbox 1277 3088 1432 3138; x_wconf 88' lang='lat' dir='ltr'><strong>extra</strong></span> <span class='ocrx_word' id='word_1_233' title='bbox 1463 3099 1711 3139; x_wconf 91' lang='lat' dir='ltr'><strong>caussam</strong></span> <span class='ocrx_word' id='word_1_234' title='bbox 1749 3083 1979 3150; x_wconf 88' lang='lat' dir='ltr'><strong>dixisse,</strong></span> 
     </span>
     <span class='ocr_line' id='line_1_29' title="bbox 152 3181 1977 3256; baseline 0.001 -18"><span class='ocrx_word' id='word_1_235' title='bbox 152 3200 314 3256; x_wconf 88' lang='lat' dir='ltr'><strong>quam</strong></span> <span class='ocrx_word' id='word_1_236' title='bbox 347 3189 442 3238; x_wconf 91' lang='lat' dir='ltr'><strong>aut</strong></span> <span class='ocrx_word' id='word_1_237' title='bbox 474 3182 654 3254; x_wconf 90' lang='lat' dir='ltr'><strong>opinio</strong></span> <span class='ocrx_word' id='word_1_238' title='bbox 692 3181 915 3247; x_wconf 93' lang='lat' dir='ltr'><strong>tulerit,</strong></span> <span class='ocrx_word' id='word_1_239' title='bbox 955 3189 1049 3236; x_wconf 91' lang='lat' dir='ltr'><strong>aut</strong></span> <span class='ocrx_word' id='word_1_240' title='bbox 1087 3182 1334 3238; x_wconf 87' lang='lat' dir='ltr'><strong>voluntas</strong></span> <span class='ocrx_word' id='word_1_241' title='bbox 1371 3200 1517 3238; x_wconf 90' lang='lat' dir='ltr'><strong>mea:</strong></span> <span class='ocrx_word' id='word_1_242' title='bbox 1558 3183 1651 3238; x_wconf 88' lang='lat' dir='ltr'><strong>sed</strong></span> <span class='ocrx_word' id='word_1_243' title='bbox 1690 3201 1858 3256; x_wconf 88' lang='lat' dir='ltr'><strong>quum</strong></span> <span class='ocrx_word' id='word_1_244' title='bbox 1891 3203 1977 3240; x_wconf 88' lang='lat' dir='ltr'><strong>me</strong></span> 
     </span>
    </p>
   </div>
   <div class='ocr_carea' id='block_1_4' title="bbox 149 3313 363 3327">
    <p class='ocr_par' dir='ltr' id='par_1_4' title="bbox 149 3313 363 3327">
     <span class='ocr_line' id='line_1_30' title="bbox 149 3313 363 3327; baseline 0 663"><span class='ocrx_word' id='word_1_245' title='bbox 149 3313 363 3327; x_wconf 95' lang='lat' dir='ltr'><strong> </strong></span> 
     </span>
    </p>
   </div>
   <div class='ocr_carea' id='block_1_5' title="bbox 153 3378 1974 3595">
    <p class='ocr_par' dir='ltr' id='par_1_5' title="bbox 153 3378 1974 3595">
     <span class='ocr_line' id='line_1_31' title="bbox 215 3378 1973 3441; baseline 0 -18"><span class='ocrx_word' id='word_1_246' title='bbox 215 3383 254 3439; x_wconf 84' lang='lat'><strong>¹)</strong></span> <span class='ocrx_word' id='word_1_247' title='bbox 288 3396 364 3441; x_wconf 90' lang='lat' dir='ltr'><strong>pro</strong></span> <span class='ocrx_word' id='word_1_248' title='bbox 401 3381 535 3423; x_wconf 92' lang='lat' dir='ltr'><strong>Domo</strong></span> <span class='ocrx_word' id='word_1_249' title='bbox 566 3393 644 3422; x_wconf 86' lang='lat' dir='ltr'><strong>sua</strong></span> <span class='ocrx_word' id='word_1_250' title='bbox 677 3393 712 3421; x_wconf 90' lang='lat' dir='ltr'><strong>c.</strong></span> <span class='ocrx_word' id='word_1_251' title='bbox 740 3379 812 3422; x_wconf 85' lang='lat'><strong>26.</strong></span> <span class='ocrx_word' id='word_1_252' title='bbox 848 3378 962 3435; x_wconf 85' lang='lat'><strong>§69.</strong></span> <span class='ocrx_word' id='word_1_253' title='bbox 995 3405 1053 3412; x_wconf 90' lang='lat'>—</span> <span class='ocrx_word' id='word_1_254' title='bbox 1087 3380 1124 3438; x_wconf 87' lang='lat'><strong>²)</strong></span> <span class='ocrx_word' id='word_1_255' title='bbox 1157 3378 1210 3423; x_wconf 86' lang='lat' dir='ltr'><strong>de</strong></span> <span class='ocrx_word' id='word_1_256' title='bbox 1243 3378 1463 3441; x_wconf 86' lang='lat' dir='ltr'><strong>Haruspic.</strong></span> <span class='ocrx_word' id='word_1_257' title='bbox 1496 3395 1604 3441; x_wconf 86' lang='lat' dir='ltr'><strong>resp.</strong></span> <span class='ocrx_word' id='word_1_258' title='bbox 1636 3396 1672 3425; x_wconf 90' lang='lat' dir='ltr'><strong>c.</strong></span> <span class='ocrx_word' id='word_1_259' title='bbox 1692 3383 1732 3425; x_wconf 89' lang='grc'><strong>6.</strong></span> <span class='ocrx_word' id='word_1_260' title='bbox 1766 3381 1882 3437; x_wconf 71' lang='lat'><strong>§12</strong></span> <span class='ocrx_word' id='word_1_261' title='bbox 1915 3406 1973 3413; x_wconf 88' lang='lat'><strong>——</strong></span> 
     </span>
     <span class='ocr_line' id='line_1_32' title="bbox 153 3455 1974 3519; baseline -0.001 -17"><span class='ocrx_word' id='word_1_262' title='bbox 153 3458 192 3516; x_wconf 79' lang='grc'><strong>3)</strong></span> <span class='ocrx_word' id='word_1_263' title='bbox 226 3474 301 3519; x_wconf 83' lang='lat' dir='ltr'><strong>pro</strong></span> <span class='ocrx_word' id='word_1_264' title='bbox 339 3459 472 3500; x_wconf 90' lang='lat' dir='ltr'><strong>Domo</strong></span> <span class='ocrx_word' id='word_1_265' title='bbox 507 3470 586 3500; x_wconf 83' lang='lat' dir='ltr'><strong>sua</strong></span> <span class='ocrx_word' id='word_1_266' title='bbox 630 3469 666 3500; x_wconf 81' lang='grc' dir='ltr'><strong>ο.</strong></span> <span class='ocrx_word' id='word_1_267' title='bbox 696 3457 770 3500; x_wconf 83' lang='lat'><strong>26.</strong></span> <span class='ocrx_word' id='word_1_268' title='bbox 815 3456 931 3512; x_wconf 64' lang='lat' dir='ltr'><strong>§Ga</strong></span> <span class='ocrx_word' id='word_1_269' title='bbox 963 3482 1023 3489; x_wconf 80' lang='lat'><strong>--</strong></span> <span class='ocrx_word' id='word_1_270' title='bbox 1053 3456 1094 3515; x_wconf 80' lang='lat'><strong>4)</strong></span> <span class='ocrx_word' id='word_1_271' title='bbox 1128 3455 1238 3501; x_wconf 85' lang='lat' dir='ltr'><strong>lbid.</strong></span> <span class='ocrx_word' id='word_1_272' title='bbox 1271 3473 1308 3503; x_wconf 89' lang='lat' dir='ltr'><strong>c.</strong></span> <span class='ocrx_word' id='word_1_273' title='bbox 1340 3461 1411 3504; x_wconf 85' lang='lat'><strong>37.</strong></span> <span class='ocrx_word' id='word_1_274' title='bbox 1442 3460 1466 3516; x_wconf 83' lang='lat'>§</span> <span class='ocrx_word' id='word_1_275' title='bbox 1495 3461 1594 3503; x_wconf 75' lang='lat'><strong>100.</strong></span> <span class='ocrx_word' id='word_1_276' title='bbox 1630 3484 1690 3493; x_wconf 91' lang='lat'><strong>——</strong></span> <span class='ocrx_word' id='word_1_277' title='bbox 1723 3461 1765 3518; x_wconf 80' lang='lat'><strong>⁵)</strong></span> <span class='ocrx_word' id='word_1_278' title='bbox 1795 3457 1847 3502; x_wconf 73' lang='lat' dir='ltr'><strong>ud</strong></span> <span class='ocrx_word' id='word_1_279' title='bbox 1883 3460 1974 3502; x_wconf 78' lang='lat' dir='ltr'><strong>Att.</strong></span> 
     </span>
     <span class='ocr_line' id='line_1_33' title="bbox 154 3535 1252 3595; baseline -0.003 -14"><span class='ocrx_word' id='word_1_280' title='bbox 154 3539 228 3581; x_wconf 86' lang='lat' dir='ltr'><strong>IV.</strong></span> <span class='ocrx_word' id='word_1_281' title='bbox 262 3539 304 3582; x_wconf 81' lang='lat'><strong>2.</strong></span> <span class='ocrx_word' id='word_1_282' title='bbox 334 3537 418 3592; x_wconf 66' lang='lat'><strong>§2</strong></span> <span class='ocrx_word' id='word_1_283' title='bbox 452 3560 511 3568; x_wconf 84' lang='lat'><strong>—-·</strong></span> <span class='ocrx_word' id='word_1_284' title='bbox 542 3535 583 3592; x_wconf 77' lang='grc'><strong>6)</strong></span> <span class='ocrx_word' id='word_1_285' title='bbox 602 3548 676 3595; x_wconf 85' lang='lat' dir='ltr'><strong>pro</strong></span> <span class='ocrx_word' id='word_1_286' title='bbox 709 3535 842 3579; x_wconf 88' lang='lat' dir='ltr'><strong>Domo</strong></span> <span class='ocrx_word' id='word_1_287' title='bbox 870 3550 946 3580; x_wconf 86' lang='lat' dir='ltr'><strong>sua</strong></span> <span class='ocrx_word' id='word_1_288' title='bbox 977 3550 1012 3579; x_wconf 78' lang='lat' dir='ltr'><strong>c.</strong></span> <span class='ocrx_word' id='word_1_289' title='bbox 1031 3537 1102 3578; x_wconf 78' lang='lat'><strong>12.</strong></span> <span class='ocrx_word' id='word_1_290' title='bbox 1138 3536 1252 3592; x_wconf 62' lang='lat'><strong>§32</strong></span> 
     </span>
    </p>
   </div>
  </div>
 </body>
</html>
