2210 3970
534 235 589 292 L.
614 235 708 291 lx.
752 231 932 288 0.v11.
977 233 1016 306 ὅ
1047 236 1112 286 19
1153 261 1226 270 -
1267 243 1311 282 c.
1340 228 1475 283 vni.
1519 233 1557 305 5
1585 234 1669 283 22.
1911 232 2016 285 403

184 383 401 442 multae.
484 386 649 442 Vetus
687 391 770 441 est
801 385 970 440 enim:
999 381 1118 437 *Ubi
1155 399 1257 435 non
1295 381 1368 435 sis
1407 381 1498 453 qui
1535 381 1729 453 fueris,
1768 396 1868 434 non
1906 399 2015 435 cese

183 501 277 541 cur
319 485 451 542 velis
487 487 671 540 vivere.
762 485 866 540 Sed
907 491 1086 539 tamen
1125 498 1316 537 vacare
1354 480 1511 553 culpa
1532 524 1546 545 ‚
1595 495 1852 552 magnum
1900 489 2017 535 erat

184 585 464 642 solatium:
505 585 824 657 praesertim
863 601 1032 657 quum
1072 583 1323 639 haberem
1357 580 1492 636 duas
1525 597 1659 646 res,
1693 580 1891 653 quibus
1928 597 2017 636 me

182 690 592 749 sustentarem,·
625 685 952 756 optimarum
997 684 1199 739 artium
1236 682 1522 738 scientiam
1563 687 1618 736 et
1650 681 2013 736 maximarum

179 781 365 842 rerum
409 784 663 856 gloriam:
716 801 950 859 quarum
1002 785 1170 842 altera
1214 782 1350 839 mibi
1394 783 1518 837 vivo
1569 796 1866 854 numquam
1911 782 2014 837 eri·

179 884 382 958 pietur,
421 885 591 941 altera
630 902 698 942 ne
731 893 956 942 mortuo
975 885 1211 959 quidem.
1248 900 1250 904 ’
1293 888 1382 940 21.
1426 883 1482 940 Si
1506 890 1522 922 ¹
1556 884 1703 939 enim
1732 881 1868 938 bene
1897 898 2014 938 sen-

177 986 283 1042 tire
319 991 576 1059 recteque
615 985 790 1042 facere
828 988 960 1043 satis
992 993 1074 1042 est
1118 985 1186 1041 ad
1224 984 1358 1041 bene
1395 985 1655 1057 beateque
1693 982 2014 1046 vivendum:

178 1100 393 1152 vereor,
432 1101 500 1142 ne
533 1096 656 1142 eum
673 1127 688 1151 ,
728 1087 822 1159 qui
857 1103 913 1142 se
945 1087 1272 1160 optimorum
1305 1085 1654 1141 consiliorum
1687 1085 2017 1140 conscientia

180 1191 485 1249 sustentare
511 1187 705 1260 possit,
744 1187 1006 1243 miserum
1040 1199 1157 1243 esse
1189 1186 1341 1243 nefas
1365 1188 1438 1243 sit
1465 1186 1661 1242 dicere.
1729 1185 1837 1242 Nec
1869 1187 2015 1242 enim

180 1303 278 1343 nos
309 1286 544 1344 arbitror
575 1288 835 1343 victoriae
872 1288 1129 1360 praemiis
1156 1287 1349 1343 ductos
1381 1287 1614 1359 patriam
1643 1286 1771 1342 olim
1804 1294 1859 1342 et
1889 1286 2017 1342 libe·

183 1402 286 1442 ros·
309 1392 364 1442 et
400 1385 652 1442 fortunas
690 1385 1002 1458 reliquisse:
1054 1385 1147 1440 sed
1177 1384 1446 1458 quoddam
1485 1386 1640 1441 nobis
1666 1385 1904 1441 officium
1938 1386 2020 1442 iu-

181 1491 328 1542 mm
346 1490 429 1542 »et
471 1485 622 1558 pium
665 1491 729 1541 et
765 1483 1005 1541 debitum
1039 1484 1367 1558 reipublicae
1398 1492 1721 1560 nostraeque
1763 1484 2018 1559 dignitati

177 1584 493 1642 videbamur
531 1585 711 1659 sequi:
764 1601 890 1652 nec,
930 1601 1100 1659 quum
1141 1585 1195 1642 id
1234 1584 1588 1652 faciebamus,
1640 1593 1752 1642 tam
1799 1602 2019 1643 eramus

176 1692 447 1753 amentes,
497 1693 561 1743 ut
598 1686 873 1760 explorata
907 1686 1074 1743 ¹nobis
1111 1693 1254 1743 esset
1300 1686 1547 1743 victoria.
1640 1685 1819 1756 Quare
1867 1688 1915 1743 si
1959 1686 2015 1744 id

178 1788 398 1853 evenit,
435 1786 580 1860 quod
606 1770 1058 1860 ingredientibus
1095 1787 1249 1844 nobis
1289 1787 1345 1843 in
1380 1803 1633 1843 caussam
1682 1789 2016 1862 pm‘positnm

181 1886 571 1946 taitracoidere
589 1904 784 1963 posse,
825 1905 932 1945 non
971 1887 1227 1945 debemus
1260 1890 1337 1946 ita
1375 1889 1567 1945 cadere
1598 1890 1822 1955 animiS,
1861 1888 2018 1963 quasi

178 1988 382 2063 aliquid
431 1992 699 2057 evenerit,
758 1989 900 2064 quod
953 1990 1069 2046 fleri
1122 2005 1276 2064 posse
1334 2006 1634 2064 numquam
1691 1991 2015 2063 putarimus.

182 2089 366 2146 Simus
397 2079 819 2164 igitur-'semper
849 2104 911 2146 ea
944 2098 1151 2156 mente,
1189 2106 1353 2164 quam
1381 2093 1523 2148 ratio
1553 2099 1609 2147 ct
1635 2090 1838 2147 veritas
1868 2106 2018 2164 prae·

179 2189 398 2266 scribit,
438 2197 509 2247 ut·
538 2190 674 2246 nihil
708 2193 764 2246 in·
802 2192 914 2247 vita
953 2176 1107 2246 nohis
1139 2190 1523 2264 praestandum
1556 2197 1772 2264 praeter
1799 2191 2016 2264 culpam

180 2297 433 2364 putemus
454 2291 473 2355 ς’
523 2309 691 2364 eaque
738 2308 906 2365 quum
946 2307 1256 2357 careamuS,
1307 2293 1488 2347 omnia
1528 2291 1764 2347 humana
1809 2291 2016 2365 placate

181 2398 236 2446 et
274 2392 548 2449 moderate
587 2392 839 2448 feramus
922 2394 1100 2464 Atque
1138 2392 1270 2448 haec
1309 2409 1372 2447 eo
1410 2393 1645 2466 pertinet
1676 2393 1849 2448 oratio
1869 2436 1883 2457 ,
1922 2401 2014 2457 ut,

180 2491 407 2564 perditis
433 2492 594 2548 rebus
613 2493 888 2558 omnibuS,
918 2499 1095 2547 tamen
1121 2493 1235 2564 ipsa
1254 2492 1433 2547 virtus
1451 2509 1509 2546 se
1537 2498 1841 2548 sustentare
1862 2509 2014 2565 posse

182 2593 446 2648 videatur.

253 2791 392 2850 vin.
471 2798 562 2850 22.
609 2796 730 2851 Δίῃ
770 2811 918 2849 meas
956 2812 1082 2850 vero
1121 2793 1465 2849 incredibiles
1505 2794 1873 2865 aegritudines
1918 2795 2012 2850 ali-

178 2894 309 2967 quid
335 2896 472 2950 novi·
490 2897 717 2951 accessit
755 2912 821 2950 ex
855 2897 950 2961 iis,
991 2913 1128 2968 quae
1160 2896 1225 2950 de
1256 2895 1360 2963 QQ.
1398 2894 1465 2949 ad
1506 2911 1592 2950 me
1630 2893 2008 2951 afferebantur.

180 2994 236 3050 P.
285 2995 597 3059 Terentius,
656 3013 808 3052 meus
860 2999 1196 3052 necessarius
1218 3041 1232 3061 ,
1286 2997 1547 3065 Quintum
1596 2995 1767 3050 filium
1813 2995 2013 3069 Ephesi

179 3097 344 3163 vidit,
396 3113 628 3170 eumque
666 3097 905 3154 studiose
943 3105 1162 3172 propter
1200 3099 1496 3154 amicitiam
1539 3103 1778 3152 nostram
1818 3098 2010 3152 invita-

181 3197 285 3260 vit;
336 3215 612 3271 quumque
651 3216 714 3253 ex
761 3216 822 3253 eo
865 3199 930 3253 de
969 3216 1054 3254 me
1088 3206 1562 3271 percunctaretur,
1623 3214 1745 3252 eum
1787 3198 1888 3252 sibi
1934 3199 2010 3252 ita

244 3466 282 3522 ¹)
313 3467 448 3528 Epist.
486 3468 537 3514 ad
590 3471 636 3512 Α.
671 3471 937 3529 Torquatum
979 3469 1051 3527 (ad
1096 3473 1210 3514 Fam.
1250 3472 1319 3513 vi.
1350 3472 1387 3512 1.
1422 3468 1530 3526 §3.)
1553 3486 1617 3501 ·-—
1655 3470 1693 3526 2)
1726 3466 1778 3512 ad
1816 3471 1907 3511 Ait.
1939 3469 2010 3511 XI.

182 3545 253 3587 10.
286 3546 367 3601 §a

1658 3623 1756 3669 26*
