2210 3970
265 226 373 282 '370
847 242 1058 282 ciccao
1108 243 1178 280 DE
1230 243 1360 281 vlTA
1414 242 1520 281 sua

264 376 458 432 habere
497 376 766 449 populare.
846 377 1019 448 Atque
1054 375 1184 430 haec
1225 390 1328 429 non
1369 392 1467 446 ego
1505 376 1657 447 prius
1696 392 1818 430 sum
1857 381 2089 451 suspica-

265 484 382 542 ωε,
422 492 583 549 quam
618 477 752 532 mihi
786 476 962 549 palam
990 475 1307 531 denuntiata
1341 482 1491 538 sunt;
1533 488 1706 548 neque
1737 491 1799 532 ea
1832 483 1944 533 tam
1977 495 2094 550 per-

264 578 450 642 timui,
509 578 555 631 si
608 576 885 632 subeunda
937 583 1150 642 essent,
1202 592 1364 648 quam
1417 575 1734 631 declinanda
1782 578 1999 649 putavi,
2050 579 2098 635 si

265 679 486 732 honeste
523 679 695 733 vitare
733 693 959 750 possem.
1041 680 1129 732 52.
1172 677 1344 745 Quam
1376 675 1590 732 brevem
1632 677 1777 732 illius
1816 679 2102 750 temporiS,

269 777 399 833 dum
439 779 495 832 in
534 794 628 850 spe
666 792 768 849 pax
808 777 912 833 fuit
932 819 947 843 ,
987 779 1250 833 rationem
1292 784 1531 832 nostram
1570 777 1752 833 vides:
1793 778 1988 851 reliqui
2028 778 2103 835 fa·

267 878 526 932 cultatem
564 893 652 932 res
699 875 918 932 ademit.
1011 876 1087 933 lis
1139 884 1352 942 autem,
1404 877 1601 948 quibus
1652 895 1757 932 non
1806 877 2104 934 satisfacie-

270 977 392 1032 ham
414 1016 430 1041 ,
479 976 634 1031 facile
681 975 1007 1048 respondeo:
1062 992 1235 1047 neque
1283 976 1430 1030 enim
1477 993 1575 1047 ego
1616 978 1842 1034 amicior
1883 979 1938 1033 C.
1978 978 2104 1033 Cae-

267 1078 376 1132 sari
416 1091 675 1149 umquam
715 1075 792 1131 fui
814 1118 829 1142 ‚
887 1091 1052 1148 quam
1092 1075 1203 1138 illi;
1256 1090 1430 1147 neque
1469 1074 1548 1129 illi
1593 1077 1876 1131 amiciores
1926 1079 2102 1151 reipu-

265 1174 435 1233 blicae
457 1219 472 1243 ,
510 1193 674 1250 quam
713 1193 829 1249 ego.
927 1176 1036 1232 Hoc
1076 1177 1221 1231 inter
1258 1192 1346 1232 me
1385 1183 1437 1232 et
1479 1175 1597 1232 illos
1636 1178 1890 1243 interest,
1928 1178 2100 1251 quod,

269 1294 439 1351 quum
484 1284 539 1335 et
582 1278 662 1333 illi
700 1279 846 1333 cives
884 1278 1075 1350 optimi
1115 1277 1253 1341 sint,
1309 1283 1366 1332 et
1405 1292 1505 1348 ego
1542 1275 1610 1332 ab
1648 1278 1752 1332 ista
1796 1277 1954 1334 laude
1999 1294 2106 1335 non

270 1378 441 1434 absim
462 1421 478 1445 ,
536 1395 635 1450 ego
691 1376 1124 1442 conditionibuS,
1183 1376 1326 1448 quod
1385 1377 1527 1432 idem
1579 1377 1894 1451 Pompeium
1953 1379 2105 1435 intel·

269 1480 504 1536 lexeram
549 1479 717 1545 velle,
776 1478 854 1533 illi
892 1479 1062 1533 armis
1097 1476 1387 1550 disceptari
1444 1477 1770 1535 maluerunt.
1851 1485 1940 1536 55.
1982 1478 2107 1536 Om-

271 1581 362 1635 nia
382 1585 400 1618 ¹
447 1586 578 1634 sunt
615 1579 827 1650 integra
872 1577 1040 1632 nobis,
1128 1576 1272 1631 Nihil
1310 1579 1755 1649 praetermissum
1805 1586 1917 1646 est,
1966 1579 2110 1653 quod

272 1695 378 1734 non
438 1677 631 1732 habeat
688 1677 986 1750 sapientem
1043 1676 1444 1732 excusationem
1469 1718 1484 1742 ,
1543 1694 1649 1733 non
1705 1679 1863 1735 modo
1919 1679 2108 1753 proba·

271 1779 451 1836 bilem.
550 1778 685 1834 Nam
737 1784 884 1833 certe
936 1793 1108 1850 neque
1162 1783 1281 1832 tum
1336 1778 1584 1850 peccavi,
1648 1795 1816 1852 quum
1879 1781 2108 1855 impara-

271 1885 384 1937 tam
424 1881 659 1953 Capuam
681 1922 694 1944 ,
736 1895 839 1934 non
881 1878 1054 1934 solum
1089 1879 1333 1950 ignaviae
1371 1878 1626 1945 dedecuS,
1667 1880 1760 1936 sed
1794 1883 1957 1937 etiam
1990 1899 2108 1955 per·

274 1982 430 2037 fidiae
481 1980 843 2054 suspicionem
890 1978 1130 2051 fugienS,
1171 1981 1415 2052 accipere
1454 1980 1629 2045 nolui:
1666 2014 1742 2023 —
1780 1982 1920 2056 quod
1942 1988 1964 2021 ²
2002 1982 2106 2040 feci

274 2098 378 2137 non
418 2082 624 2138 vitandi
664 2083 843 2136 oneris
875 2097 1066 2135 caussa
1085 2122 1102 2146 ,
1140 2078 1234 2135 sed
1266 2080 1409 2153 quod
1449 2081 1694 2138 videbam
1748 2085 1919 2139 teneri
1959 2083 2107 2140 illam

273 2183 461 2239 urbem
494 2185 612 2238 sine
650 2183 894 2238 exercitu
934 2198 1040 2236 non
1074 2197 1255 2254 posse:
1293 2181 1540 2238 accidere
1577 2190 1759 2239 autem
1799 2184 1934 2240 mibi
1967 2185 2109 2242 nole·

273 2284 395 2340 bam
417 2327 432 2350 ,
490 2283 633 2358 quod
685 2282 835 2338 doleo
885 2281 1019 2337 viris
1076 2281 1385 2338 fortissimis
1431 2282 1720 2347 accidisse;
1770 2316 1846 2326 —
1891 2289 2109 2359 neque⁸

273 2402 472 2458 quum,
511 2392 632 2459 post
670 2382 1002 2440 conditiones
1034 2384 1182 2456 pacis
1220 2401 1317 2457 per
1354 2384 1412 2440 L.
1434 2385 1715 2441 Caesarem
1757 2393 1811 2442 et
1842 2386 2107 2444 Fabatum

274 2486 491 2550 allatas,
531 2486 684 2550 cavi,
733 2501 799 2539 ne
837 2485 1082 2539 animum
1121 2486 1239 2539 eius
1277 2483 1632 2551 offenderem,
1688 2487 1778 2542 cui
1819 2487 2107 2561 Pompeius

273 2586 381 2642 iam
434 2592 677 2640 armatus
723 2590 932 2638 armato
977 2583 1316 2638 consulatum
1362 2583 1810 2658 triumphumque
1854 2587 2104 2643 deferret.

272 2687 379 2742 Nec
418 2702 545 2740 vero
571 2684 702 2740 haec
741 2690 981 2739 extrema
1009 2684 1296 2756 quisquam
1328 2690 1504 2756 potest
1532 2685 1650 2740 iure
1689 2685 2108 2758 reprehendere,

271 2787 413 2861 quod
463 2803 614 2842 mare
658 2802 764 2840 non
809 2785 1139 2840 transierim.
1219 2784 1278 2839 Id
1318 2786 1462 2841 enim
1483 2827 1500 2850 ,
1552 2786 1654 2840 etsi
1694 2794 1811 2842 erat
1851 2786 2108 2845 delibera·

271 2890 459 2955 tioniS,
498 2895 680 2944 tamen
710 2886 857 2942 obire
889 2903 995 2941 non
1022 2887 1190 2959 potui.
1245 2886 1427 2959 Neque
1455 2888 1601 2942 enim
1630 2889 1895 2961 suspicari
1924 2888 2111 2956 debui;

271 2990 590 3064 praesertim
629 3004 798 3070 unn
832 3005 897 3043 ex
932 2988 1103 3060 ipsius
1140 2988 1379 3061 Pompeii
1412 2987 1611 3043 litteris
1644 3005 1750 3043 non
1779 2988 2106 3056 dubitarim,

271 3091 403 3163 quin
437 3091 485 3145 is
517 3090 749 3146 Domitio
779 3087 1142 3144 subventurus
1170 3095 1327 3144 esset.
1406 3089 1476 3144 Et
1509 3088 1692 3162 plane,
1733 3090 1864 3162 quid
1896 3097 2107 3148 rectum

272 3199 326 3247 et
356 3191 487 3264 quid
527 3190 834 3247 faciendum
873 3189 1007 3246 mihi
1048 3197 1223 3255 esset,
1265 3190 1472 3246 diutius
1511 3192 1748 3263 cogitare
1787 3190 1970 3248 malui.

335 3460 371 3516 ι)
403 3458 456 3502 ad
492 3461 586 3503 Αιι.
620 3461 739 3503 vm,
775 3461 845 3503 12.
881 3459 963 3515 §2
1015 3484 1069 3491 -
1122 3461 1161 3515 2)
1196 3456 1302 3501 lbid.
1336 3460 1452 3502 vm.
1489 3459 1560 3501 11.
1597 3459 1643 3500 ι).
1680 3458 1765 3513 §5.
1816 3482 1873 3490 -
1926 3459 1966 3517 ⁵)
1997 3455 2106 3513 mid,

277 3540 369 3581 Atti.
400 3540 517 3583 vm.
544 3540 614 3582 12.
650 3539 733 3594 §2
1387 3533 1400 3546 ·’
