2150 3990
231 194 303 245 96
501 229 503 232 ψ
827 205 1036 268 alcano
1083 206 1152 243 ne
1202 205 1341 244 viu
1378 206 1484 245 suA

227 342 454 412 dumque
473 339 568 403 iis,
596 358 689 394 uos
716 357 916 411 semper
942 359 1060 396 cum
1081 341 1412 412 optimatibus
1439 339 1501 393 de
1522 336 1787 408 republica
1810 338 2057 402 sensisse,

229 442 446 495 minime
471 441 754 512 populares
779 442 945 515 fuisse
961 459 978 503 ,·
1013 442 1060 495 si
1084 442 1210 513 quid
1237 441 1393 495 locu-ti
1410 439 1739 511 populariter
1763 438 2058 501 videamur,

225 542 282 595 id
313 559 405 596 u‘os
436 562 493 596 eo
522 544 733 597 coasilio
762 544 978 615 fecisse,
1018 551 1074 594 ut
1107 543 1252 595 uobis
1289 543 1376 594 Cu.
1414 542 1720 612 Pompeium
1753 540 2055 609 acleTuuqere-

225 661 369 708 mm,
410 653 467 697 ut
507 663 649 708 eum,
690 644 780 715 qui
812 644 1108 714 plurimum
1140 650 1343 711 posset,
1395 650 1484 695 aut
1523 643 1749 696 amicum
1786 642 1842 694 iu
1879 649 2057 692 nostra

215 745 462 814 petitione
503 745 808 798 haberemus
853 752 945 796 aut
985 750 1119 796 certe
1164 760 1264 795 uon
1303 742 1679 796 adversarium.
1760 745 1849 796 96.
1890 741 2053 794 Prae-

225 852 366 898 terea
411 845 755 899 adolescentes
792 843 1018 906 nobileS,
1071 841 1278 895 elabora
1315 850 1374 894 ut
1413 841 1630 907 habeas,
1669 841 1752 896 vel
1783 849 1841 895 ut
1882 849 2056 894 teneas

216 945 468 999 studiosos
501 946 604 1009 tui,
639 962 765 1016 quos
797 943 973 997 babes.
1052 940 1278 995 Multum
1310 941 1580 1012 diquitatis
1604 943 1842 1013 afferent.
1920 940 2050 994 Plu-

217 1045 381 1097 rimos
426 1044 618 1098 habes:
650 1044 876 1116 perfice,
914 1051 972 1096 ut
1011 1043 1204 1106 sciant,
1244 1049 1497 1113 quantum
1532 1041 1589 1094 iu
1627 1041 1702 1094 eis
1733 1049 1889 1111 putes
1919 1059 2047 1094 esse.

216 1143 277 1197 Si
300 1144 616 1209 adcluoeeris,
650 1152 707 1197 ut
733 1143 804 1208 ii,
837 1143 929 1215 qui
959 1160 1060 1196 nou
1079 1141 1288 1207 uolunt,
1316 1142 1556 1213 cupiant,
1579 1140 1876 1212 plurimum
1895 1141 2055 1211 prod·

216 1232 382 1298 eruut.
465 1244 535 1299 Et
559 1250 576 1281 ¹
626 1249 809 1298 cetera
849 1243 1063 1314 generis
1118 1241 1378 1297 eiusdem.
1455 1241 1740 1314 Longum²
1787 1242 1931 1298 enim
1971 1247 2055 1296 est

212 1351 268 1399 et
306 1362 411 1400 non
445 1345 839 1410 necessarium,
879 1360 1299 1401 commemorare
1331 1342 1563 1416 singula.

287 1545 497 1602 XXXV.
577 1551 668 1602 97.
709 1546 976 1601 Interim³
1011 1544 1211 1600 accidit
1246 1544 1411 1610 mihi,
1452 1551 1514 1598 ut
1547 1559 1673 1598 cum
1714 1541 1922 1597 duobus
1960 1559 2053 1615 pa·

212 1647 417 1712 triciiS,
458 1646 627 1719 altero
666 1646 1064 1719 improbissimo
1102 1652 1265 1719 atque
1304 1645 1662 1701 audacissimo
1683 1685 1699 1709 ,
1739 1643 1908 1698 altero
1940 1660 2051 1698 mo·

210 1747 519 1802 destissimo
539 1754 701 1820 atque
727 1748 929 1821 optimo
948 1747 1093 1812 viro,
1121 1746 1464 1802 consulatum
1483 1751 1739 1819 peterem.
1791 1744 2053 1817 Superavi

210 1854 392 1902 tamen
433 1847 697 1919 dignitate
730 1848 1045 1912 Catilinam,
1086 1848 1262 1919 gratia
1301 1847 1540 1904 Galbam.
1617 1845 1760 1902 Nihil
1783 1851 1804 1884 ⁴
1849 1852 1931 1900 est
1967 1845 2051 1902 in-

208 1948 412 2002 certius
458 1949 654 2020 vulg0,
714 1949 850 2003 nihil
896 1949 1180 2004 obscurius
1223 1948 1500 2004 voluntate
1545 1946 1861 2011 hominum,
1913 1945 2051 2003 nihil

208 2046 454 2102 fallacius
475 2050 684 2103 ratione
705 2055 818 2103 tota
838 2050 1201 2104 comitiorum.
1243 2049 1375 2116 Quis
1395 2048 1452 2103 L.
1476 2047 1782 2119 Philippum
1798 2089 1813 2111 ,
1835 2064 2049 2102 summo

208 2149 452 2219 ingenio,
494 2165 684 2221 opera,
724 2146 930 2221 gratia,
970 2148 1279 2214 nobilitate,
1320 2165 1352 2204 a
1391 2149 1460 2203 M.
1487 2148 1757 2203 Herennio
1802 2147 2049 2221 superari

205 2266 358 2322 posse
404 2249 702 2305 arbitratus
752 2250 869 2305 est?
921 2251 1047 2322 quis
1099 2249 1159 2318 Q.
1207 2249 1493 2315 Catulum,
1545 2249 1913 2314 humanitate,
1966 2264 2047 2303 sa-

203 2350 436 2422 pientia,
495 2351 809 2421 integritate
847 2351 1286 2415 antecellentem,
1338 2367 1370 2405 a
1413 2350 1508 2405 Cn.
1547 2348 1759 2405 Mallio?
1813 2349 2045 2422 quisM.

205 2450 501 2516 Scaurum,
556 2450 829 2506 hominem
881 2451 1294 2523 gravissimum,
1346 2451 1520 2506 civem
1571 2450 1851 2521 egregium
1872 2491 1887 2514 ,
1939 2447 2043 2503 sor-

204 2552 478 2607 tissimum
513 2558 845 2617 senatorem,
885 2569 917 2606 a
956 2551 1016 2620 Q.
1038 2551 1305 2607 Maximo?
1382 2551 1498 2608 Non
1531 2551 1689 2606 modo
1728 2550 1921 2605 horum
1962 2550 2043 2603 ni·

204 2650 282 2705 hil
327 2652 404 2707 ita
450 2651 560 2707 fore
593 2659 845 2724 putatum
884 2659 994 2717 est,
1047 2652 1140 2708 sed
1173 2669 1241 2708 ne
1274 2669 1445 2724 quum
1483 2659 1625 2707 esset
1671 2649 1876 2706 sactum
1926 2650 2043 2722 qui-

205 2751 356 2817 dem,
411 2732 579 2826 quare
631 2754 709 2808 ita
755 2752 957 2808 sactum
1002 2759 1177 2819 esset,
1236 2753 1466 2825 intelligi
1511 2753 1705 2826 potuit.
1798 2752 1933 2807 Nam
1979 2758 2043 2807 ut

203 2860 560 2927 tempestates
594 2871 750 2926 saepe
789 2861 935 2909 certo
987 2854 1166 2926 aliquo
1213 2853 1346 2909 caeli
1400 2853 1555 2925 signo
1605 2859 2041 2918 commoventur,

202 2972 358 3027 saepe
411 2956 702 3028 improviso
760 2956 907 3010 nulla
959 2972 1024 3010 ex
1077 2962 1226 3010 certa
1270 2956 1514 3020 ratione,
1571 2953 1799 3008 obscura
1861 2951 2042 3026 aliqua

202 3072 267 3109 ex
313 3072 507 3110 caussa
554 3057 930 3111 concitantur:
983 3057 1061 3110 sic
1099 3057 1155 3110 in
1195 3056 1294 3112 hac
1334 3057 1676 3111 comitiorum
1721 3061 2041 3126 tempestate

200 3155 446 3227 populari
501 3174 658 3230 saepe
704 3157 1006 3231 intelligas,
1058 3175 1164 3230 quo
1214 3159 1367 3231 signo
1418 3163 1684 3213 commota
1723 3157 1828 3219 sit;
1881 3173 2038 3230 saepe

262 3403 300 3459 ¹)
333 3399 474 3460 Topic.
503 3414 542 3444 e.
561 3404 634 3447 11.
668 3403 781 3459 ΜΒ.
817 3428 876 3437 --
909 3405 946 3463 ²)
970 3403 1014 3447 in
1038 3405 1211 3447 Verrem
1246 3405 1339 3446 Act.
1375 3404 1429 3445 Π.
1456 3404 1501 3447 L.
1518 3402 1588 3447 1v.
1616 3403 1742 3447 c.60.
1775 3402 1815 3458 ᾖ.
1834 3403 1935 3446 135.
1970 3426 2030 3435 -

198 3481 239 3539 3)
272 3495 347 3540 pro
381 3481 555 3524 Murena
588 3496 623 3525 c.
645 3483 684 3524 8.
725 3482 762 3536 ᾗ.
785 3484 856 3527 17.
891 3509 947 3516 -—-
980 3483 1022 3541 4)
1052 3480 1164 3526 ibid.
1195 3497 1229 3525 c.
1257 3484 1328 3526 17.
1363 3482 1477 3537 §36.
