2210 3970
296 277 402 332 796
754 290 1083 328 ANNALES
1139 290 1651 330 clcERoMAM.

299 420 593 479 ’Λντώνιος)
630 417 671 465 δ’
709 417 1047 481 ἐπιλεξάμενος
1078 417 1133 465 ἐκ
1164 421 1354 466 πάντων
1384 421 1681 486 στρατηγίδα
1707 429 1910 484 σπεῖραν
1939 423 2125 489 ἀνδρῶν

304 503 514 566 ἀρίστων
548 503 606 548 τά
657 518 707 547 τε
751 498 952 560 σώματα
992 500 1074 546 καί
1118 498 1203 545 τὸν
1246 502 1458 563 τρόπον,
1512 501 1685 548 ὥδευεν
1717 500 1768 555 ἐς
1798 501 2015 563 Ῥώμην,
2059 504 2123 558 ὡς

299 582 494 628 ἐκεῖθεν
526 581 606 627 ἐπὶ
635 579 689 625 τὸ
715 581 968 642 ’Λρίμινον
1013 578 1252 641 ὁρμήσων.
1319 580 1486 639 Ἐσῄει
1519 579 1574 626 δὲ
1603 579 1653 632 ἐς
1687 581 1771 639 τήν
1805 583 1949 626 πόλιν
1981 582 2124 642 σοβα·

301 662 422 724 ρῶς,
460 661 543 719 τήν
574 662 660 721 μὲν
695 661 802 718 ἴλην
831 660 923 722 πρὸ
961 665 1047 705 τοῦ
1086 659 1256 712 ἄστεος
1294 661 1741 721 στρατοπεδεύσας,
1777 662 1894 712 τούς
1925 661 1969 706 δ’
2007 661 2124 721 ἀμφ’

302 740 449 787 αὑτὸν
486 740 606 797 ἔχων
650 740 1045 800 ὑπεζωσμένοις,
1084 743 1167 785 καὶ
1202 739 1287 798 τήν
1321 743 1481 786 οἰκίαν
1514 743 1997 799 νυκτοφυλακοῦντας
2029 741 2128 788 ε’νό-

303 822 486 873 πλους·
520 821 805 880 συνθήματά
843 837 893 866 τε
928 820 1099 871 αὐτοῖς
1131 818 1357 877 ἐδίδοτο,
1391 823 1474 866 καὶ
1509 822 1561 866 αἱ
1588 822 1800 878 φυλακαὶ
1831 820 1959 882 παρὰ
1985 819 2129 882 μέρος
2204 840 2205 846 ’

303 893 456 960 ἦσαν,
491 899 553 951 ὡς
586 899 636 944 ἐν
668 899 996 962 στρατοπέδῳ.

377 1004 464 1077 (²⁹)
507 1004 587 1058 Ex
626 1003 923 1074 legionibus
962 1019 1087 1055 vero
1137 1001 1255 1055 istis
1313 1001 1667 1057 Macedonicis
1719 1003 1856 1075 legio
1908 1003 2131 1069 Martia,

301 1105 534 1160 Antonio
568 1103 787 1168 relict0,
828 1102 894 1158 ad
928 1101 1280 1157 Octavianum
1314 1103 1557 1165 transiit3
1596 1120 1756 1174 quam
1791 1103 1982 1158 deinde
2014 1105 2133 1158 imi-

299 1211 413 1259 tata
452 1210 533 1258 est
583 1203 720 1274 legio
776 1204 1011 1270 Quarta,
1068 1201 1204 1256 duce
1254 1201 1315 1258 L.
1361 1202 1679 1273 Egnatuleio
1718 1210 2015 1275 quaestore.
2061 1222 2132 1259 ix.

300 1322 348 1364 c.
386 1309 473 1360 40.
519 1309 643 1359 115.

363 1406 448 1451 cic.
479 1404 589 1450 Phil.
619 1417 690 1449 111.
733 1419 771 1448 c.
798 1406 839 1447 3.
870 1406 910 1447 6.
974 1404 1059 1447 Nec
1095 1419 1196 1447 vero
1231 1401 1284 1450 de
1318 1401 1486 1464 legione
1516 1404 1685 1449 Martia
1717 1431 1776 1440 —
1808 1404 1937 1449 sileri
1965 1412 2132 1466 potest.

306 1486 419 1544 Quis
446 1484 558 1528 enim
590 1498 707 1527 unus
728 1481 928 1541 fortior,
962 1480 1065 1540 quis
1098 1481 1283 1524 amicior
1313 1498 1522 1542 umquam
1549 1481 1819 1543 reipublicae
1845 1482 1965 1539 fuit,
1999 1500 2134 1544 quam

304 1561 418 1624 legio
457 1560 623 1604 Martia
660 1559 910 1603 universa?
959 1558 1082 1615 Quae
1122 1575 1258 1618 quum
1303 1557 1470 1601 hostem
1492 1558 1657 1620 populi
1693 1561 1882 1604 Romani
1916 1563 1974 1606 M.
1999 1564 2133 1605 Anto·

300 1641 428 1683 nium
468 1637 743 1693 iudicasset,
792 1652 932 1680 comes
981 1652 1076 1680 esse
1118 1637 1215 1680 eius
1263 1637 1481 1680 amentiae
1526 1636 1704 1680 noluit.-
1753 1637 1941 1699 reliquit
1981 1654 2135 1683 eonsu-

302 1717 401 1761 lem.
435 1742 494 1751 -
526 1719 669 1776 Atque
711 1731 762 1758 ea
806 1714 919 1775 legio
958 1713 1154 1758 consedit
1190 1712 1339 1758 Albae.
1371 1739 1433 1747 —-
1465 1715 1661 1758 Huiusce
1697 1714 1882 1776 legionis
1923 1717 2133 1761 virtutem

302 1795 484 1839 imitata
537 1793 709 1850 Quarta
754 1791 898 1853 legio,
942 1791 1050 1836 duce
1087 1793 1136 1835 L.
1165 1791 1439 1851 Egnatuleio
1478 1795 1739 1852 quaestore,
1773 1794 1862 1838 civi
1901 1795 2066 1854 optimo
2091 1802 2136 1839 et

293 1873 556 1933 fortissimo
574 1905 587 1929 ‚
627 1871 827 1915 Caesaris
854 1870 1167 1915 auctoritatem
1194 1877 1329 1928 atque
1362 1870 1604 1913 exereitum
1627 1879 1866 1931 persecuta
1898 1879 1978 1925 est.
2021 1872 2137 1917 lbid.

303 1966 367 1997 lv.
400 1968 438 1997 c.
462 1954 503 1995 2.
538 1955 579 1994 5.
649 1948 812 2006 Quid?
858 1948 971 2009 legio
1009 1947 1209 2001 Martia.
1243 1963 1356 2007 quae
1386 1947 1500 1991 milti
1540 1948 1717 1992 videtur
1755 1949 1974 1995 divinitus
2001 1951 2055 1995 ab
2089 1966 2137 1995 eo

2208 2026 2210 2034 ,
2205 1938 2210 1991 ..,,
2192 1759 2210 1927 -.ffl-..rasszz
2187 1473 2210 1749 ffl.=0·‹d.2.;s;,.k
2186 1369 2210 1428 ...ss
2204 1349 2209 1354 .

301 2031 378 2075 deo
412 2029 606 2072 traxisse
638 2043 818 2080 nomen,
853 2042 880 2068 a
907 2042 993 2086 quo
1019 2024 1239 2087 populum
1277 2027 1526 2070 Romanum
1561 2035 1820 2088 generatum
1858 2029 2137 2089 accepimus,
2206 2043 2210 2095 ff

301 2107 388 2154 non
419 2108 522 2167 ipsa
562 2105 659 2149 suis
698 2103 886 2148 decretis
914 2104 1083 2163 prius,
1131 2119 1265 2163 qaam
1296 2111 1510 2161 senatus,
1556 2105 1723 2149 hostem
1754 2104 1972 2150 iudicavit
2002 2107 2137 2150 Anto·
2202 2098 2210 2153 ξ,

301 2187 465 2232 nium?
500 2211 559 2220 —
591 2183 740 2227 Huius
771 2183 963 2227 Martiae
993 2181 1178 2242 legionis
1211 2181 1324 2242 legio
1356 2182 1530 2240 Quarta
1556 2184 1737 2227 imitata
1762 2184 1997 2240 virtutem,
2031 2183 2140 2229 duce
2202 2183 2210 2235 ζ

304 2267 355 2311 L.
383 2262 655 2324 Egnatuleio
674 2295 687 2317 ,
722 2288 780 2295 -
819 2263 860 2305 0.
898 2261 1101 2306 Caesaris
1133 2261 1376 2305 exercitum
1398 2269 1637 2322 persecuta
1665 2271 1743 2308 est.
1808 2262 1924 2308 Cous.
1959 2262 2064 2307 ibid.
2096 2276 2140 2308 v.

303 2360 339 2388 c.
366 2346 408 2387 2.
443 2346 484 2386 4.
519 2354 561 2386 x.
605 2356 641 2384 c.
670 2342 742 2383 10.
771 2342 845 2383 21.
886 2352 949 2384 ιι.
994 2354 1029 2383 c.
1060 2342 1100 2383 8.
1130 2342 1203 2384 20.
1249 2353 1334 2384 ιιι.
1383 2356 1419 2385 c.
1451 2344 1491 2383 3.
1523 2343 1563 2385 8.
1602 2353 1702 2386 nv.
1749 2356 1786 2385 e.
1815 2344 1885 2386 12.
1921 2345 1994 2385 31.
2043 2340 2140 2385 vel·
2192 2326 2206 2390 J·-

305 2423 419 2467 leius
453 2435 504 2466 ιι.
547 2436 583 2465 c.
617 2423 689 2464 61.
723 2421 766 2462 2.
828 2419 935 2461 Mox
975 2434 1111 2478 quum
1152 2419 1373 2464 Antonius
1410 2420 1674 2464 occurrisset
1717 2419 1964 2475 exercitui,
2013 2435 2141 2479 quem
2193 2424 2207 2467 {⁶

306 2518 362 2544 ex
399 2498 712 2544 transmarinis
740 2494 984 2556 provinciis
1027 2494 1321 2540 Brundisium
1353 2498 1501 2540 venire
1547 2498 1774 2554 iusserat,
1819 2496 1933 2561 legio
1971 2497 2141 2540 Martia

306 2586 350 2622 et
386 2578 584 2635 Quarta,
617 2574 795 2635 cognita
834 2580 877 2615 et
918 2579 1101 2616 senatus
1142 2573 1371 2618 voluntate
1398 2581 1443 2618 et
1470 2581 1598 2618 tanta
1631 2576 1804 2619 iuvenis
1836 2574 2006 2631 indole,
2039 2574 2141 2618 sub·
2186 2561 2210 2638 ,ἷ-

309 2656 419 2700 latis
456 2654 600 2715 signis
627 2652 688 2696 ad
720 2653 948 2695 Caesarem
977 2666 1024 2694 se
1056 2650 1350 2696 contulerunt.
1396 2651 1474 2696 Dio
1499 2664 1602 2696 XLV.
1651 2668 1687 2698 c.
1716 2656 1786 2698 13.
1821 2657 1863 2697 3.
1926 2655 2140 2715 Πορευό-
2186 2613 2210 2732 Ξ

308 2752 444 2797 μενοι
485 2732 539 2779 δὲ
582 2733 653 2789 (οἱ
695 2731 995 2792 στρατιῶται
1037 2728 1088 2774 ἐν
1133 2731 1198 2789 τῷ
1229 2733 1526 2793 Βρεντεσίῳ)
1563 2728 1612 2782 ἒς
1658 2731 1743 2789 τήν
1774 2733 2027 2778 Γαλατίαν
2058 2735 2140 2779 καὶ
2188 2729 2210 2805 ᾖ

311 2817 432 2861 κατὰ
467 2814 521 2859 τὸ
559 2811 678 2858 ἄστυ
727 2809 1027 2877 γεγενημένοι
1062 2808 1406 2873 ἐνεωτέρισαν,
1443 2812 1525 2855 καὶ
1559 2810 2005 2872 καταφρονήσαντες
2046 2812 2139 2858 τῶν
2189 2797 2210 2853 ’4Ὗῖ

310 2893 679 2956 ὑποστρατήγων
716 2891 812 2936 τῶν
844 2888 1226 2953 ἐπιτεταγμένων
1268 2893 1413 2949 σφίσι
1452 2894 1623 2947 συχνοὶ
1651 2890 1769 2953 πρὸς
1803 2891 1886 2937 τὸν
1915 2897 2140 2956 Καίσαρα

308 2973 605 3036 μετέστησαν
624 2986 633 2997 ·
668 2973 750 3015 καὶ
785 2971 841 3016 τό
869 2987 919 3034 γε
951 2972 1155 3031 ’Ἀρειον
1183 2970 1265 3014 καὶ
1300 2969 1355 3015 τὸ
1398 2968 1638 3032 Τέταρτον
1669 2971 1994 3034 στρατόπεδον
2026 2970 2139 3018 ὧνο-
2196 2998 2198 3002 =

234 3039 237 3042 ι
306 3052 551 3117 μασμὲνον
579 3052 695 3097 ὅλον
723 3049 856 3113 αὐτῷ
883 3047 1270 3115 προσεχώρησεν.

381 3156 467 3233 (³⁰)
509 3157 624 3224 Quo
664 3155 856 3209 nuntio
905 3153 1088 3209 audito
1124 3154 1421 3219 Antoniu8‚
1463 3171 1631 3226 quum
1672 3162 1918 3212 senatum
1954 3157 2010 3210 in
2047 3155 2138 3210 Ga-

302 3260 549 3334 pitolium
592 3275 639 3312 a.
679 3256 730 3310 d.
769 3274 836 3310 1v.
874 3255 988 3310 Kal.
1027 3255 1150 3309 Dec.
1200 3255 1286 3327 [Ξ
1320 3258 1390 3309 28
1412 3255 1631 3329 Novhr.]
1675 3263 1946 3322 vocasset,
1984 3255 2136 3310 valde

304 3358 584 3436 perculsus
631 3355 910 3427 confestim
953 3361 1198 3410 senatum
1252 3355 1457 3410 dimisit
1503 3362 1555 3410 et
1608 3356 1894 3430 paludatus
1930 3358 1986 3410 in
2021 3355 2138 3412 Gal-

306 3460 437 3517 liam
472 3458 775 3512 citeriorem
816 3455 1080 3510 discessit.
1121 3473 1192 3510 lx.
1233 3473 1278 3509 c.
1318 3461 1404 3510 40.
1452 3461 1575 3511 114.

367 3560 450 3609 Cic.
469 3558 576 3603 Phil.
597 3571 666 3602 111.
702 3573 738 3601 e.
759 3560 800 3602 3.
820 3559 892 3603 19.
929 3557 1072 3614 Quum
1091 3563 1157 3602 tot
1180 3554 1323 3601 edicta
1333 3556 1668 3618 proposuisset,
1697 3556 1865 3617 edixit,
1898 3565 1949 3603 ut
1965 3557 2137 3603 adesset
