2158 4030
477 219 533 275 L.
556 218 594 274 1.
638 237 681 272 c.
707 216 891 273 xvm.
934 216 974 289 g
999 221 1067 272 57
1108 246 1182 256 -
1222 235 1266 270 ο.
1292 217 1426 272 xix.
1471 217 1508 290 5
1533 224 1619 273 eo.
1883 223 1951 273 27

143 372 316 425 Sunt¹
358 375 539 437 autem
571 370 626 424 in
660 367 749 423 illo
781 383 1005 423 numero
1043 366 1200 422 multi
1242 367 1394 432 honi,
1433 366 1607 432 docti,
1646 367 1953 438 prudentes·

141 475 229 526 ὅθ.
269 470 402 527 Nam
422 476 445 509 ²
483 471 550 527 in.
570 470 740 544 poetis
772 485 877 524 non
905 469 1134 524 Homero
1166 467 1263 523 soli
1298 467 1446 523 locus
1478 474 1562 523 est
1586 474 1684 522 aut
1714 468 1953 524 Archilo-
2026 508 2036 515 =

134 571 238 627 cho
275 578 372 628 aut
409 570 654 645 Sophocli
690 577 786 627 aut
817 570 1048 627 Pindaro
1067 611 1083 635 ,
1121 569 1214 625 sed
1248 569 1440 624 horum
1473 568 1554 624 vel
1589 568 1840 625 secundis
1872 570 1954 625 vel

135 671 299 727 etiam
339 671 479 728 infra
516 672 811 729 secundos:
865 671 1061 744 quibus
1081 677 1103 710 ²
1141 686 1327 726 carere
1358 671 1415 724 in
1448 669 1548 724 hoc
1585 669 1805 741 quidem
1842 677 1955 726 stu-

134 770 347 829 diorum
380 788 574 845 genere
613 790 718 829 non
750 787 1064 847 possumus;
1103 787 1258 836 nam,
1296 776 1358 825 ut
1396 762 1618 825 v'irtutis
1655 786 1688 824 a
1726 770 1955 835 nostris,

135 872 213 928 sic
241 871 516 930 doctrinae
541 880 669 930 sunt
695 873 761 930 ab
788 873 895 930 illis
921 870 1162 945 exempla
1189 868 1494 944 repetenda.
1547 868 1762 942 Septem
1789 868 1956 926 fuisse

134 971 391 1028 dicuntur
416 989 525 1029 uno
556 980 824 1047 tempore,
862 974 955 1047 qui
982 972 1252 1046 sapientes
1282 977 1338 1027 et
1362 970 1690 1027 haberentur
1721 977 1777 1026 et
1802 987 1953 1027 voca·

133 1078 340 1130 rentur.
432 1073 500 1130 lii
539 1090 758 1141 omnes,
810 1056 1023 1148 praeter
1053 1073 1319 1129 Milesium
1360 1071 1592 1138 Thalen,
1642 1072 1956 1128 civitatibus

131 1174 246 1230 suis
278 1174 643 1248 praefuerunt.
723 1176 856 1243 Quis
888 1175 1094 1230 doctior
1127 1174 1316 1230 iisdem
1351 1174 1458 1229 ilus
1490 1172 1822 1246 temporibus
1859 1180 1955 1229 aut

132 1274 289 1332 cuius
326 1274 628 1348 eloquentia
672 1274 869 1330 litteris
907 1275 1227 1329 instructior
1266 1273 1432 1328 fuisse
1476 1272 1740 1337 traditur,
1789 1289 1951 1345 quam

128 1372 434 1430 Pisistrati?
492 1375 586 1447 qui
637 1374 847 1447 primus
886 1373 1101 1430 Homeri
1133 1373 1297 1429 libros
1317 1414 1332 1438 ,
1369 1371 1619 1428 confusos
1648 1378 1837 1437 antea,
1874 1374 1955 1428 sic

28 1548 33 1555 ι
127 1471 454 1548 disposuisse
478 1473 710 1540 dicitur,
748 1480 813 1530 ut
844 1488 989 1530 nunc
1022 1473 1297 1530 habemus,
1357 1473 1470 1529 Non
1499 1472 1603 1528 suit
1628 1473 1717 1528 iile
1734 1472 1952 1545 quidem

126 1574 484 1631 civibussuis
510 1574 692 1641 utilis,
731 1574 825 1631 sed
858 1575 935 1630 ita
967 1573 1271 1647 eloquentia
1299 1572 1511 1638 floruit,
1554 1579 1616 1628 ut
1639 1572 1838 1628 litteris
1863 1573 1953 1629 do-

119 1675 410 1750 ctrinaque
433 1681 749 1750 praestaret.
808 1679 898 1732 60.
940 1671 1257 1732 Nostrorum
1277 1680 1299 1714 ⁴
1337 1674 1619 1730 hominum
1652 1690 1809 1730 nemo
1838 1681 1954 1730 stu-

10 1856 11 1861 *
119 1774 218 1834 ¹det
243 1775 621 1850 eloquentiae,
672 1776 778 1833 nisi
812 1782 875 1832 ut
914 1777 971 1832 in
1011 1777 1221 1832 caussis
1264 1782 1429 1849 atque
1461 1777 1517 1831 in
1564 1774 1679 1831 ioro
1715 1774 1950 1831 eluceat:

124 1875 266 1951 apud
285 1877 515 1934 Graecos
534 1883 717 1934 autem
736 1876 1160 1950 eloquentissimi
1183 1875 1454 1942 homines,
1480 1876 1672 1931 remoti
1693 1892 1725 1930 a
1744 1876 1952 1930 caussis

61 1970 66 1983 '
125 1975 454 2044 forensibus,
485 1992 657 2052 quum
685 1976 753 2035 ad
779 1984 988 2034 ceteras
1007 1984 1154 2033 artes
1182 1976 1447 2042 illustres,
1475 1983 1593 2031 tum
1621 1974 1689 2030 ad
1714 1975 1950 2031 scriben-

9 2122 11 2146 j
122 2077 261 2134 dam:
276 2077 560 2135 historiam
587 2078 827 2135 maxime
848 2094 905 2134 se
935 2077 1357 2150 applicaverunt.
1436 2076 1677 2149 Namque
1702 2082 1757 2131 et
1789 2075 1949 2131 Hero-

10 2180 12 2221 ἱ
122 2176 309 2234 dotum
347 2178 530 2244 illum,
582 2179 676 2251 qui
715 2179 965 2251 princeps
1010 2194 1180 2249 genus
1214 2177 1314 2232 hoc
1345 2177 1594 2242 ornavit,
1639 2178 1696 2231 in
1741 2176 1952 2231 caussis

123 2277 259 2334 nihil
308 2278 525 2334 omnino
580 2285 855 2334 versatum
900 2294 1016 2333 esse
1067 2278 1407 2351 accepimus:
1466 2276 1617 2349 atqui
1668 2282 1821 2331 tanta
1865 2283 1949 2332 est

9 2441 11 2447 ,
121 2377 453 2452 eloquentia,
502 2385 566 2434 ut
609 2393 695 2434 me
727 2377 944 2451 quidem
989 2392 1186 2448 magno
1227 2392 1388 2449 opere
1431 2373 1685 2437 delectet;
1735 2381 1791 2431 et
1829 2383 1949 2448 post

121 2477 274 2535 illum
321 2476 662 2554 Thucydides
700 2493 885 2534 omnes
923 2475 1136 2533 dicendi
1176 2476 1408 2533 artificio
1427 2517 1443 2542 ,
1494 2492 1614 2532 moa
1651 2478 1948 2543 sententia,

119 2579 289 2658 facilex
309 2580 476 2644 Viciu
513 2581 608 2654 qui
642 2580 718 2636 ita
749 2577 938 2636 creber
969 2586 1053 2635 est
1082 2594 1266 2634 rerum
1299 2577 1629 2650 frequentia,
1670 2584 1732 2633 ut
1763 2577 1946 2634 verbo-

117 2695 244 2737 rum
277 2696 456 2756 prope
504 2697 793 2739 numerum
844 2682 1238 2737 sententiarum
1282 2695 1508 2735 numero
1558 2686 1946 2752 consequatur;

52 2844 54 2849 .
120 2781 399 2856 itafporro
441 2781 620 2839 verbis
663 2789 823 2856 aptus
862 2788 917 2837 et
955 2797 1203 2854 pressus,
1254 2786 1317 2835 ut
1356 2779 1595 2844 nescias,
1635 2786 1820 2835 utrum
1859 2797 1947 2836 res

119 2882 387 2948 oratione,
425 2896 495 2938 an
527 2882 689 2939 verba
727 2860 1018 2939 sententiis
1050 2881 1409 2936 illustrentur.
1490 2880 1655 2952 Atqui
1695 2897 1763 2935 ne
1801 2879 1946 2935 hunc

119 2983 365 3056 quidem,
416 2998 744 3057 quamquam
776 2991 860 3040 est
892 2985 948 3039 in
981 2982 1255 3056 republica
1286 2987 1562 3046 versatuS,
1613 2997 1679 3036 ex
1717 2996 1944 3036 numero

117 3084 422 3156 accepimus
471 3099 682 3150 eorum,
732 3085 828 3157 qui
873 3101 1091 3140 caussas
1129 3084 1476 3143 dictitarunt;
1529 3083 1583 3135 e‘t
1634 3079 1731 3135 hos
1775 3080 1942 3136 libros

114 3192 231 3241 tum
281 3186 560 3259 scripsisse
599 3186 830 3251 dicitur,
882 3202 1049 3258 quum
1089 3201 1120 3240 a
1157 3183 1430 3257 republica
1469 3189 1709 3237 remotus
1747 3188 1938 3254 atque,

113 3285 168 3341 id
201 3287 341 3359 quod
374 3288 574 3360 optimo
604 3289 801 3361 cuique
834 3286 1331 3343 Athenisaccidere
1358 3285 1575 3341 solitum
1608 3291 1718 3348 est,
1759 3285 1813 3338 in
1847 3301 1932 3338 ex·

175 3444 216 3502 ¹)
240 3458 317 3505 pro
349 3442 499 3490 Flacco
519 3458 558 3488 e.
576 3445 618 3488 4.
637 3444 663 3502 ᾧ
681 3445 723 3489 9.
749 3470 809 3478 —
841 3446 882 3504 ⁹)
913 3446 1068 3490 Orator
1093 3461 1128 3492 c,
1143 3448 1183 3489 1.
1212 3446 1294 3501 §4.
1322 3469 1381 3478 —
1414 3443 1455 3504 5)
1484 3440 1537 3488 de
1563 3444 1679 3487 Orat.
1705 3444 1783 3487 111.
1806 3456 1842 3487 c-
1861 3442 1933 3486 34,

114 3521 258 3581 §¹1:37.
291 3548 348 3558 —
384 3523 421 3581 ²)
451 3521 505 3568 de
519 3524 638 3569 Orat.
656 3525 712 3569 11.
736 3539 771 3570 c.
790 3525 861 3569 13.
894 3525 923 3580 §q
940 3527 1010 3569 55.
