2210 3970
211 229 318 280 578
596 280 599 286 ,
820 243 1030 281 menno
1070 244 1139 280 ne
1182 243 1317 280 viu
1358 243 1462 282 sua

205 375 342 430 nihil
378 394 411 430 a
449 393 532 429 me
569 375 746 430 abesse
783 376 987 450 lonqius
1020 377 1339 431 erudelilale.
1433 376 1600 448 Atque
1637 393 1729 448 eqo
1767 394 1928 448 quum
1966 396 2032 433 ex

203 475 320 547 ipsa
357 493 416 530 re
447 494 694 548 maynam
731 478 876 549 capio
913 479 1254 548 voluptatem,
1295 485 1435 538 lum,
1474 494 1648 531 meum
1685 479 1886 549 saecum
1910 495 2033 548 pro-

207 576 324 630 bari
353 575 446 630 abs
484 583 556 641 te,
596 578 860 650 triumpho
890 578 1095 651 qaudiO.
1173 576 1352 650 Neque
1381 576 1521 631 illud
1551 594 1635 631 me
1665 584 1859 641 movet,
1899 578 2036 649 quod

201 677 278 741 ii,
330 677 424 750 qui
471 696 504 731 a
553 696 637 733 me
673 679 879 733 dimissi
915 688 1068 742 sunt,
1120 679 1415 733 discessisse
1463 678 1741 742 dicuntur,
1792 685 1850 732 ut
1899 678 2033 731 mihi

201 795 387 832 rursus
421 778 617 833 bellum
652 780 910 852 inferrent
931 799 949 833 .·
988 779 1126 833 nillil
1157 779 1297 833 enim
1335 778 1502 843 malo,
1542 797 1700 850 quam
1737 786 1785 832 et
1817 795 1901 833 me
1932 779 2034 832 mei

201 878 430 933 similem
462 869 596 943 esse,
635 887 683 934 et
712 880 836 934 illos
867 880 966 933 sui.
1053 879 1128 932 Tu
1155 879 1314 933 velim
1346 879 1480 932 mihi
1505 879 1574 933 ad
1613 878 1804 934 Urbem
1824 887 2034 950 praesto

201 979 309 1043 sis,
347 986 405 1032 ut
443 980 547 1034 tuis
585 980 815 1034 consiliis
852 988 1006 1052 atque
1044 980 1254 1051 opibuS,
1300 987 1356 1033 ut
1395 980 1666 1044 consuevi,
1703 980 1761 1033 in
1799 980 2035 1034 omnibus

199 1079 357 1134 rebus
392 1088 528 1133 utar.
627 1079 902 1134 Dolo-bella
941 1087 1026 1134 tuo
1064 1079 1202 1133 nihil
1246 1080 1371 1134 seito
1410 1079 1543 1134 milti
1581 1097 1692 1135 esse
1739 1080 2032 1134 iucundius

202 1179 352 1235 Hanc
394 1180 519 1235 adeo
572 1179 765 1235 habebo
809 1181 1038 1253 qratiam
1082 1181 1202 1235 illi:
1254 1199 1420 1254 neque
1469 1181 1608 1237 enim
1658 1180 1814 1235 aliter
1861 1183 2035 1254 faeere

192 1281 418 1354 poterit:
458 1290 601 1336 tanta
639 1282 750 1337 eius
782 1281 1110 1346 humanitaS,
1146 1283 1194 1336 is
1233 1299 1441 1346 sensus,
1480 1300 1540 1337 ea
1578 1281 1634 1335 in
1667 1299 1750 1336 me
1782 1290 1858 1337 est
1891 1281 2033 1337 bene-

195 1382 438 1439 volentia.

276 1486 367 1539 69.
408 1482 503 1538 Ille
524 1489 540 1521 ¹
583 1489 764 1538 autem
787 1525 802 1548 ,
842 1490 904 1538 ut
923 1483 1158 1555 legiones
1185 1482 1426 1555 singulas
1447 1489 1698 1555 posuerat
1731 1481 2035 1546 Brundisii,

199 1585 457 1649 Tarenti,
510 1584 719 1657 Siponti
770 1616 846 1626 —·
891 1584 1141 1639 claudere
1197 1584 1343 1638 enim
1388 1581 1673 1638 videbatur
1730 1582 2034 1638 maritimos

197 1685 400 1739 exitus:
440 1690 496 1739 et
533 1690 715 1739 tamen
748 1684 863 1756 ipse
900 1684 1180 1741 Graeciam
1220 1689 1464 1756 spectare
1500 1682 1704 1755 potiuS,
1744 1698 1909 1754 quam
1942 1683 2032 1738 Hi-

197 1785 415 1858 spanias
451 1817 527 1827 ——-
566 1786 643 1840 ita
662 1789 684 1823 ²
712 1785 890 1841 subito
922 1785 1191 1850 accurrit,
1229 1790 1293 1840 ut
1325 1801 1393 1840 ne
1426 1784 1488 1840 T.
1504 1783 1752 1840 Rebilum
1785 1783 2034 1857 quidem,

197 1893 261 1942 ut
299 1886 686 1942 constitueram
707 1927 722 1951 ,
774 1902 985 1958 possem
1036 1885 1236 1941 videre.
1316 1884 1510 1941 Omnia
1554 1883 1706 1941 nobis
1750 1885 2033 1957 imparatis

197 1986 422 2058 agenda.
512 1986 808 2043 Meditabar
825 1993 848 2027 ³
900 1988 1100 2060 igitur,
1152 1986 1417 2060 quomodo
1455 2002 1582 2042 cum
1626 1986 1719 2041 illo
1767 1985 2031 2058 loquerer.

196 2087 242 2145 Ο
279 2094 494 2161 tempus
531 2089 824 2144 miserum!
866 2104 992 2144 nam
1013 2093 1036 2127 ⁴
1071 2104 1161 2143 me
1197 2093 1252 2142 et
1290 2103 1611 2159 congressus
1642 2085 1808 2142 huius
1845 2086 2033 2142 stimu-

194 2187 368 2255 labat,
409 2195 463 2245 et
501 2190 704 2263 primas
743 2189 860 2245 eius
897 2190 1138 2245 actiones
1174 2187 1488 2255 horrebam;
1527 2194 1668 2244 nec⁵
1706 2186 1842 2242 mihi
1880 2186 2035 2260 quid-

196 2307 360 2363 quam
392 2298 510 2346 erat
541 2291 825 2357 miserius,
859 2308 1023 2365 quam
1055 2291 1402 2352 remansisse;
1440 2306 1540 2345 nec
1566 2290 1828 2363 optatiuS‚
1867 2305 2032 2362 quam

194 2389 434 2455 evolare,
468 2407 573 2445 non
598 2397 713 2446 tam
745 2390 813 2446 ad
844 2390 999 2456 belli,
1031 2407 1195 2464 quam
1228 2390 1296 2446 ad
1327 2389 1488 2463 fugae
1519 2390 1848 2446 societatem.
1927 2389 2030 2445 Vix

194 2489 342 2546 enim
380 2489 660 2561 sperabam
701 2490 836 2544 mihi
873 2490 1019 2546 hunc
1056 2491 1269 2546 veniam
1308 2490 1595 2556 daturum,
1641 2507 1740 2547 nec
1759 2497 1782 2530 Β
1821 2489 2030 2546 dubita-

195 2589 351 2655 bam,
403 2590 536 2662 quin
574 2606 733 2644 a-me
759 2589 1148 2654 contenderet,
1200 2590 1268 2644 ad
1307 2590 1503 2646 Urbem
1542 2597 1606 2646 ut
1643 2592 1917 2653 venirem;
1954 2622 2030 2632 ——

195 2697 447 2770 senatum
485 2691 630 2746 enim
664 2690 779 2746 Kal.
820 2690 956 2746 velle
992 2708 1049 2747 se
1089 2690 1423 2764 frequentem
1457 2691 1666 2757 adesse,
1706 2693 1869 2747 etiam
1902 2691 2026 2747 For·

195 2793 324 2847 miis
360 2791 625 2865 proscribi
658 2792 892 2847 iusserat
927 2810 1036 2854 —3
1075 2793 1176 2847 etsi
1196 2798 1220 2830 ⁷
1255 2792 1428 2848 multa
1465 2792 1753 2848 afferebam
1787 2794 1930 2849 iusta
1961 2792 2028 2848 ad

196 2891 615 2966 impetrandum.

273 3094 514 3150 XXVIII.
598 3099 684 3149 70.
728 3093 831 3149 Sed
882 3111 1095 3149 omnem
1149 3095 1293 3150 illius
1344 3112 1633 3168 meumque
1690 3110 1988 3149 sermonem
2010 3136 2025 3158 ,

197 3195 446 3251 omnibus
477 3194 655 3251 verbis
688 3212 1024 3268 expressum,
1064 3196 1383 3252 memorabo.
1465 3196 1805 3267 Utrumque⁸
1845 3201 2026 3250 autem

263 3378 302 3435 ι)
331 3375 387 3421 ad
427 3378 520 3421 Ait.
547 3379 620 3422 lx.
655 3379 727 3423 15.
762 3378 785 3435 §
817 3381 859 3424 1.
891 3404 950 3413 —
984 3381 1020 3438 ι)
1053 3378 1163 3425 mid.
1197 3381 1281 3438 54.
1316 3407 1375 3416 -
1407 3381 1450 3438 5)
1482 3376 1592 3423 lhid.
1625 3378 1699 3422 1x.
1732 3378 1803 3422 17.
1836 3376 1930 3436 51.
1966 3403 2023 3410 -

199 3455 242 3513 4)
273 3452 386 3500 lbid.
416 3456 488 3499 1x.
522 3458 595 3500 15.
627 3458 668 3501 2.
703 3483 761 3490 -
794 3459 834 3516 5)
867 3456 976 3503 ibid.
1007 3459 1091 3516 §a
1126 3487 1181 3493 -
1216 3461 1256 3519 ⁶)
1288 3458 1495 3504 lbid.1x.
1530 3458 1603 3503 17.
1630 3457 1716 3512 §1.
1748 3470 1807 3490 —
1839 3457 1880 3514 7)
1914 3453 2022 3500 mid.

202 3534 273 3582 lx,
304 3535 375 3580 15.
410 3537 449 3579 3.
485 3561 541 3570 *-
575 3535 615 3593 8)
647 3533 755 3582 ibid.
789 3538 861 3581 xx.
892 3539 963 3581 18.
1000 3541 1037 3581 1.
