2210 3970
227 248 336 298 410
833 261 1043 299 cronno
1091 262 1159 298 DE
1209 260 1345 298 vim
1394 261 1497 298 sua

224 411 312 449 eos
364 394 508 468 ipsos
554 393 838 450 ferociores
885 396 1392 467 impotentioresque
1443 393 1646 456 reddit;
1698 400 1788 460 ut,
1820 398 2051 452 etiamsi

223 501 418 550 natura
469 494 604 549 tales
655 511 762 550 non
813 496 948 561 sint,
1006 497 1326 550 necessitate
1363 511 1479 550 esse
1518 501 1795 566 cogantur.
1886 495 2052 551 Multa

218 597 365 650 enim
404 596 598 651 victori
637 598 1086 654 eorumarhitrio
1105 639 1121 662 ‚
1172 614 1268 670 per
1306 613 1440 669 quos
1470 597 1629 661 vicit,
1680 597 1845 651 etiam
1883 597 2055 652 invito

217 695 463 752 facienda
513 707 658 753 sunt.
736 699 967 754 Maxime
988 704 1004 737 ¹
1058 704 1239 753 autem
1284 697 1630 754 adducuntur
1667 697 1935 770 plerique,
1988 704 2050 752 ut

218 815 308 855 eos
335 799 575 855 iustitiae
604 800 781 872 capiat
809 799 1026 865 oblivio,
1067 816 1235 871 quum
1266 800 1322 853 in
1350 800 1726 871 imperiorum,
1761 798 2050 863 honorum,

218 899 419 970 gloriae
446 899 798 971 cupiditatem
828 900 1153 955 inciderunt.
1235 902 1322 954 56.
1364 899 1665 955 Declaravit
1691 898 1748 955 id
1775 901 2055 955 temeritas

217 999 273 1054 G.
308 999 578 1064 Caesaris,
619 1000 711 1071 qui
751 1000 932 1054 omnia
963 1000 1084 1053 iura
1114 998 1299 1053 divina
1331 1004 1493 1070 atque
1524 998 1762 1054 humana
1791 1002 2052 1071 pervertit

216 1105 436 1171 propter
465 1115 615 1164 eum,
653 1115 815 1171 quem
843 1098 948 1153 sihi
976 1099 1089 1170 ipse
1110 1098 1377 1173 opinionis
1405 1113 1587 1154 errore
1615 1097 1867 1163 finxerat,
1906 1100 2052 1170 prin-

216 1200 474 1272 cipatum.
553 1199 615 1254 In
635 1205 657 1238 ²
695 1199 920 1255 Caesare
951 1201 1097 1255 enim
1130 1199 1262 1254 haec
1297 1204 1486 1255 erant:
1526 1199 1678 1255 mitis
1710 1198 2051 1272 clemensque
2117 1188 2130 1203 ”

218 1306 441 1365 natura,
482 1300 655 1372 qualis
695 1301 1019 1373 exprimitur
1055 1300 1330 1374 praeclaro
1367 1299 1459 1355 illo
1496 1299 1634 1357 libro
1683 1301 2054 1366 Quen-clarum,

215 1416 378 1471 quem
418 1401 637 1473 scripsit
675 1401 934 1457 Caecina:
983 1401 1118 1473 qui8
1157 1400 1294 1456 liber
1330 1407 1386 1455 et
1421 1400 1596 1457 lectus
1634 1408 1716 1457 est
1754 1407 1827 1469 et,
1852 1401 2052 1474 legitur

214 1516 247 1555 a
296 1516 385 1555 me
431 1499 723 1572 diligenter
772 1507 826 1556 et
883 1500 1188 1557 custoditur
1220 1500 1673 1573 diligentissime.
1714 1515 1719 1520 ·
1771 1502 1993 1557 Accedit
2013 1507 2052 1567 ⁴,

215 1600 358 1674 quod
385 1601 614 1656 mirifice
637 1601 1281 1672 ingeniis‘excellentibus
1309 1600 1692 1658 delectabatur.
1771 1603 2054 1658 Praeterea

215 1701 438 1756 cedebat
481 1702 778 1757 multorum
817 1703 976 1757 iustis
1013 1702 1292 1776 precihus,
1330 1709 1386 1758 et
1418 1702 1871 1760 officioaeineensis
1889 1746 1906 1770 ‚
1944 1719 2051 1758 nou

215 1802 467 1858 inanibus
517 1809 613 1858 aut
665 1803 992 1868 ambitiosiS,
1044 1803 1429 1860 voluntatibus,
1525 1804 1800 1860 Postremo
1818 1811 1841 1842 ⁵
1892 1803 2053 1859 homo

214 1902 368 1959 valde
405 1910 523 1959 erat
551 1910 744 1959 acutus
776 1910 832 1959 et
862 1903 1094 1959 multum
1129 1903 1430 1976 providens,

290 2103 438 2160 XIII.
518 2108 607 2160 57.
646 2105 803 2174 Ego⁶
835 2110 1047 2169 autem,
1086 2119 1415 2176 quamquam
1444 2103 1595 2159 nulla
1626 2118 1714 2163 me
1739 2105 1919 2175 ipsum
1944 2105 2051 2176 pri·

166 2184 170 2190 ¹
215 2206 384 2261 vatim
417 2205 627 2281 pepulit·
650 2206 879 2277 insignis
911 2206 1137 2269 iniuria,
1178 2222 1277 2261 nec
1305 2204 1442 2261 mihi
1466 2205 1766 2278 quidquam·
1789 2203 1884 2260 tali
1917 2211 2051 2261 tcm-

212 2321 341 2378 pore
385 2307 442 2361 in
477 2312 716 2362 mentem
759 2307 910 2362 venit
956 2313 1167 2380 optare,
1202 2306 1361 2379 *quod
1406 2322 1514 2362 non
1559 2305 1703 2362 ultro
1747 2306 1883 2362 mihi
1925 2307 2048 2363 Gae-

214 2422 304 2460 sar
346 2404 628 2470 detulerit;
680 2414 863 2463 tamen
899 2407 1251 2463 nihilominus
1290 2408 1368 2463 eis
1411 2406 1735 2464 conficiebat
1771 2408 1947 2473 curie,
1969 2415 2049 2466 ut

216 2507 395 2578 ipsum
410 2548 426 2571 ,
477 2507 618 2579 quod
661 2524 938 2562 manerem
979 2508 1037 2562 in
1080 2509 1216 2572 vita,
1268 2523 1492 2579 peceare
1529 2522 1620 2562 me
1662 2508 2047 2564 existimarem.

216 2606 474 2662 Garebam
505 2608 651 2662 enim
691 2624 860 2680 quum
893 2606 1330 2662 familiarissimis
1360 2605 1573 2672 mul-tiS,
1613 2624 1746 2678 quos
1778 2614 1873 2662 aut
1905 2624 2051 2665 mors

214 2708 488 2780 eripuerat
524 2707 676 2762 nohis
708 2713 803 2762 aut
840 2707 1167 2762 distraxerat
1198 2706 1351 2778 fuga,
1389 2713 1508 2762 tum
1537 2707 1788 2763 omnibus
1825 2710 2016 2765 amicis
2035 2751 2048 2772 ‚

216 2825 448 2881 quorum
490 2807 916 2863 benevolentiam
956 2807 1108 2863 nobis
1153 2807 1467 2863 conciliarat
1509 2825 1606 2881 per
1648 2825 1736 2864 me
1780 2809 2047 2881 quondam

216 2907 433 2965 defensa
467 2909 799 2981 respublica,
839 2909 1196 2982 versabarque
1230 2911 1286 2964 in
1321 2926 1510 2965 eorum
1549 2909 1848 2982 naufragiis
1875 2918 1931 2967 et
1962 2912 2049 2967 ho-

217 3027 410 3065 norum
461 3009 883 3082 direptionibus;
933 3028 1032 3066 nec
1085 3010 1366 3065 audiebam
1418 3010 1590 3066 solum
1612 3053 1628 3076 ‚
1685 3011 1825 3084 quod
1872 3013 2048 3086 ipsum

216 3116 358 3165 esset
389 3111 680 3175 miserum,
719 3110 813 3166 sed
852 3111 1016 3166 etiam
1048 3110 1318 3176 videbam,
1358 3123 1464 3183 quo
1497 3111 1632 3166 nihil
1663 3119 1746 3167 est
1777 3113 2048 3178 acerbiuS‚

218 3200 424 3266 eorum'
444 3210 688 3267 fortunas
725 3211 1005 3285 dissipari,
1045 3212 1240 3284 quibus
1273 3212 1401 3268 olim
1435 3213 1770 3268 adiutoribus
1802 3213 1935 3270 illud
1969 3216 2048 3271 i-n·

280 3396 319 3452 1)
350 3390 403 3436 de
433 3390 556 3436 Offie.
581 3396 613 3436 1.
646 3408 680 3437 e.
702 3395 742 3437 8.
777 3395 895 3451 §212
928 3421 986 3428 —-
1019 3397 1059 3454 2)
1093 3395 1225 3455 Epist.
1253 3394 1307 3439 ad
1338 3397 1387 3439 A.
1407 3395 1629 3440 Caecinam
1662 3395 1737 3453 (ad
1760 3400 1878 3443 Fam.
1907 3400 1977 3443 vl.
2005 3402 2044 3441 6.

222 3472 329 3530 ta.)
361 3496 418 3504 —-
451 3471 491 3528 ³)
523 3468 633 3514 lbid.
664 3473 736 3515 v1.
770 3475 814 3516 5.
848 3474 932 3529 §L
966 3499 1023 3505 -
1057 3475 1098 3530 4)
1133 3472 1240 3517 lhid.
1268 3476 1336 3517 νι.
1374 3477 1414 3519 6.
1443 3476 1528 3532 98.
1564 3501 1620 3508 —
1653 3478 1694 3535 ⁵)
1727 3475 1833 3522 lhid.
1869 3479 1952 3533 §a
1986 3501 2045 3511 -

220 3551 260 3607 ⁶)
294 3546 426 3609 Epist.
453 3547 505 3592 ad
531 3550 571 3592 P.
600 3546 807 3607 Figulum
833 3549 905 3607 (ad
940 3554 1055 3596 Fam.
1085 3553 1156 3595 IV.
1191 3555 1259 3596 13.
1297 3554 1403 3610 §2.)
