2150 3990
484 207 537 260 L.
563 207 647 262 ιν.
690 222 734 260 0.
760 206 870 261 xx.
913 206 951 277 5
977 209 1048 261 49
1086 235 1160 245 —-
1198 206 1403 261 exn.
1446 207 1484 279 g
1511 212 1596 260 52.
1862 213 1965 264 179

152 357 391 413 emnium
429 373 638 415 sermo:
678 355 779 412 Est
805 363 975 411 tamen
1014 355 1328 428 reipublicae
1365 374 1613 429 annum
1648 357 1964 430 firmumque

152 459 438 514 subsidium
460 477 478 513 .·
536 459 696 514 habeo
716 500 732 523 ‚
788 474 941 530 quem
989 474 1243 529 opponam
1279 457 1387 511 labi
1436 457 1523 512 icti
1570 465 1726 529 atque
1772 473 1923 512 coeno
1946 479 1962 512 .-

149 558 324 623 vultu,
381 558 582 623 medius
635 558 793 630 fidius
813 600 827 623 ,
884 555 1122 629 colleqae‘
1159 559 1241 612 sui
1291 557 1558 612 libidinem
1611 556 1967 631 levitatemque

149 662 390 731 sranyet:
440 658 644 713 habebit
677 667 906 724 senatus,
964 660 1020 712 in
1071 658 1207 713 hunc
1245 676 1439 713 anatum
1477 676 1631 729 quem
1680 668 1925 730 sequatur
1946 679 1963 712 .·

147 774 248 813 nme
313 756 478 813 deerit
531 769 710 814 auctor
748 769 798 814 et
846 760 957 814 dux
1002 759 1162 814 bonis,
1254 757 1384 813 Mihi
1434 757 1665 829 denique
1723 758 1965 814 homines

143 858 431 931 praecipue
461 859 874 930 gratulabantur
892 902 921 925 ,.
945 858 1086 931 quod
1121 856 1404 914 habiturus
1441 873 1613 913 essem
1644 865 1834 914 contra
1872 860 1965 914 tri·

143 956 348 1015 bunum
389 957 559 1032 plebis
597 958 859 1016 furiosum
891 965 947 1015 et
982 957 1240 1014 audacem
1277 973 1447 1030 quum
1485 957 1722 1014 amicum
1765 964 1822 1013 et
1852 957 1963 1013 affi-

145 1073 300 1123 nem,
338 1064 457 1114 tum
489 1059 653 1115 etiam
693 1058 901 1116 sortem:
924 1066 979 1115 et
1009 1074 1228 1131 gravem
1264 1056 1557 1115 consulem.

175 1302 178 1306 .
217 1258 365 1316 xxl.
435 1263 526 1314 251.
566 1259 672 1314 Sed
692 1266 710 1298 ¹
758 1259 978 1314 fuerunt
1016 1258 1123 1313 duo
1161 1258 1442 1322 consules,
1493 1272 1725 1329 quorum
1757 1265 1965 1315 mentes

140 1364 433 1431 angustae,
472 1357 732 1423 humiles,
771 1372 996 1430 parvae,
1035 1356 1276 1429 oppletae
1309 1355 1545 1412 tenebris
1576 1372 1641 1412 ac
1677 1356 1926 1414 sordibus
1947 1401 1961 1422 ‚

139 1459 551 1533 numanum-um
589 1457 902 1514 consulatus
921 1499 937 1523 ‚
984 1456 1318 1530 splendorem
1358 1457 1506 1515 illius
1544 1457 1761 1515 honoris
1781 1499 1797 1523 ,
1853 1474 1964 1514 ma·

137 1558 479 1633 gultudinem
515 1558 654 1615 tanti
679 1558 910 1631 imperii
961 1574 1058 1614 nec
1104 1558 1305 1615 intueri
1327 1599 1354 1623 ‚.
1383 1574 1483 1614 nec
1520 1561 1789 1615 sustinere
1810 1599 1839 1624 ,.
1865 1575 1963 1616 nec

137 1674 329 1735 capere
363 1662 693 1733 punierunt:
740 1674 848 1715 non
886 1657 1133 1714 consules
1153 1700 1169 1723 ,
1207 1657 1301 1716 sed
1340 1665 1668 1715 mercatores
1698 1660 1963 1732 provinci-

136 1771 294 1818 arum
330 1767 405 1826 ac
437 1758 743 1817 venditores
785 1773 1030 1816 summae
1080 1758 1398 1831 dignitatis„
1472 1758 1713 1829 Quorum
1750 1759 1898 1818 alter.
1926 1778 1959 1824 a

135 1859 576 1928 me-Gatilinam,
612 1867 908 1918 amatorem
945 1875 1149 1926 suum,-
1190 1860 1379 1917 multis
1408 1860 1754 1918 audientibus
1771 1902 1789 1927 ,
1826 1861 1965 1919 alter

132 1959 427 2034 Cethegum
458 1961 840 2020 consobrinum
877 1959 1215 2035 reposcebat:
1273 1962 1368 2035 qui
1402 1976 1489 2017 me
1521 1959 1628 2018 duo
1665 1960 1961 2018 sceleratis·

134 2061 258 2118 simi
283 2068 405 2136 post
441 2059 722 2119 hominum
734 2062 1089 2127 memoriam,
1128 2078 1234 2118 non
1261 2060 1538 2127 consuleS,
1577 2061 1672 2118 sed
1703 2062 1961 2128 latrones,

135 2139 242 2218 non
263 2159 435 2218 'modo
483 2160 842 2218 deseruerunt
859 2202 874 2226 ,
933 2162 990 2216 in
1040 2176 1233 2218 caussa
1278 2162 1602 2233 praesertim
1648 2160 1870 2233 publiea*
1905 2170 1962 2219 et

133 2261 405 2318 consulari
422 2301 461 2328 ‚y
493 2262 593 2318 sed
636 2261 1025 2335 prodiderunt,
1064 2267 1480 2335 oppugnarunt,
1531 2263 1678 2318 omni
1723 2263 1923 2319 auxilio
1943 2307 1957 2330 ‚

133 2378 241 2418 non
268 2362 442 2419 nodum
473 2378 607 2429 suo,
644 2363 751 2419 sed
771 2363 936 2419 etiam
963 2369 1185 2418 senatus
1222 2370 1634 2436 ceterorumque
1671 2363 1921 2420 ordinum
1942 2409 1957 2430 ‚

132 2461 574 2535 spoliatumesse
606 2463 914 2520 voluerunt.
995 2465 1086 2518 252.
1123 2463 1300 2535 Atque
1318 2468 1346 2501 ²⁴
1377 2478 1564 2520 eorum
1601 2462 1740 2521 alter
1772 2463 1959 2521 fefellit

128 2562 417 2619 neminem
492 2562 627 2633 Quis
663 2565 809 2619 enim
841 2562 1055 2619 clavum
1108 2563 1245 2619 tanti
1286 2563 1500 2636 imperii
1539 2570 1723 2620 tenere
1759 2572 1815 2621 et
1858 2582 1953 2638 gu·

127 2664 416 2722 hernacula
459 2665 786 2739 reipublicae
817 2671 1052 2722 tractare
1096 2666 1153 2720 in
1197 2665 1435 2720 maximo
1471 2681 1640 2740 cursu
1675 2682 1740 2722 ac
1779 2665 1951 2722 flucti-

29 2776 52 2815 .·
127 2763 420 2838 hus.rposse
468 2764 827 2823 arbitraretur
876 2766 1148 2822 hominem
1206 2781 1477 2825 emersum
1522 2766 1706 2822 subito.
1732 2784 1798 2823 ex
1835 2767 1952 2824 diu-

32 2887 33 2890 *
128 2864 308 2919 turnis
356 2863 596 2920 tenebris
652 2866 948 2923 lustrorum
1005 2883 1069 2922 ac
1113 2873 1425 2939 stuprorum
1448 2910 1462 2930 ‚
1519 2868 1646 2921 vino
1664 2902 1689 2932 ‚-
1737 2870 1951 2938 ganeiS‚

125 2964 406 3019 lenociniis
439 2963 823 3038 adulteriisque
855 2965 1199 3022 confectum?
1250 2985 1417 3039 quum
1459 2969 1505 3022 is
1543 2975 1756 3039 praeter
1798 2985 1949 3041 spem

130 3068 186 3122 in
231 3065 492 3122 altissimo
541 3066 714 3138 gradu
758 3067 947 3123 alienis
1003 3067 1191 3141 opibus
1235 3070 1441 3142 positus
1486 3076 1653 3133 esset,
1712 3069 1806 3140 qui
1845 3085 1950 3124 non

126 3166 282 3223 modo
320 3174 693 3242 tempestatem
746 3168 1142 3241 impendentem
1188 3172 1388 3226 intueri
1442 3170 1797 3236 temulentuS,
1854 3171 1948 3226 sed

127 3284 195 3321 ne
245 3268 421 3324 lucem
460 3269 684 3342 quidem
737 3269 1006 3327 insolitam
1043 3273 1281 3344 aspicere
1326 3279 1535 3344 posset.
1525 3272 1544 3310 Ρ
1600 3273 1729 3343 qui³
1778 3288 1946 3344 quum

191 3432 357 3491 ¹)post
388 3430 476 3476 red
511 3446 557 3475 1
588 3433 750 3476 Senatu
793 3435 1353 3496 c.11.§10.--2)pr0
1393 3436 1534 3480 Sextio
1581 3449 1614 3477 c.
1650 3435 1691 3478 9.
1733 3437 1851 3493 920.
1886 3459 1940 3468 -—

126 3509 162 3568 ³)
196 3515 303 3569 post.
328 3507 416 3561 recl.
440 3509 486 3556 in
517 3512 678 3557 Senatu
709 3527 744 3556 c.
779 3514 820 3555 5.
855 3511 879 3568 §
910 3515 978 3555 11.

1571 3587 1659 3635 12*
