2210 3970
445 261 499 316 t.
526 222 635 317 νὺ.
679 279 724 314 c.
749 260 836 315 Χι.
879 259 1014 332 §29
1053 289 1127 299 -
1167 249 1325 313 etxt.
1368 260 1406 331 g
1433 264 1518 313 53.
1898 261 2002 316 '305

172 427 322 480 vero,
354 412 783 468 coniunctissimi
830 419 885 467 et
931 410 1245 465 amicissimi
1285 426 1402 465 esse
1443 408 1704 466 videatur.
1798 413 1887 464 51.
1929 412 2004 467 Ac

151 514 307 586 ‘mihi
346 520 525 570 tamen
564 519 724 577 ante,
775 526 939 584 quam
979 510 1034 567 in
1071 509 1403 583 provinciam
1445 510 1684 564 venirem
1707 550 1724 573 ‚
1762 508 2003 564 redditae

171 621 300 671 sunt
331 626 364 671 a
392 621 448 669 te
479 613 722 669 litterae:
764 612 962 684 quibus
999 612 1101 667 etsi
1129 617 1183 666 te
1223 611 1453 666 Tarsum
1487 610 1755 683 proficisci
1787 609 2003 666 demon-

171 713 407 779 strabas,
466 721 646 769 tamen
697 713 831 768 mihi
878 726 984 767 non
1041 710 1260 767 dubiam
1306 724 1457 783 spem
1502 711 1609 765 mei
1654 706 2005 766 conveniendi

170 813 454 871 afferebas:
476 828 664 884 ¹quum
697 813 926 878 interea,
958 811 1120 867 credo
1149 810 1425 883 equidem,
1458 809 1705 866 malevoli
1734 809 2005 876 homines,

173 914 300 989 (late
325 914 469 969 enim
498 918 644 985 patet
664 911 763 968 hoc
783 912 977 968 vitium
992 913 1029 986 ,)
1058 909 1151 968 sed
1170 917 1352 968 tamen
1372 911 1701 985 probabilem
1720 912 2005 968 materiam

172 1011 600 1072 nacti‘sermonis
613 1057 630 1079 ,
670 1015 846 1086 ignari
866 1029 1017 1070 meae
1035 1014 1392 1079 constantiae,
1419 1013 1754 1070 conabantur
1772 1013 2008 1070 alienare

173 1131 204 1171 a
237 1122 291 1172 te
317 1114 648 1172 voluntatem
681 1131 886 1183 meam:
926 1115 1021 1187 qui
1054 1120 1108 1170 te
1140 1113 1317 1169 forum
1352 1113 1507 1169 Tarsi
1541 1130 1731 1186 agere,
1769 1116 2009 1171 statuere

172 1214 343 1271 multa
362 1257 378 1281 ,
429 1215 746 1286 decernere,
798 1214 1067 1279 iudicare,
1119 1214 1392 1279 dicerent,
1444 1230 1613 1285 quum
1664 1230 1848 1286 posses
1899 1216 2007 1270 iam

172 1315 461 1388 suspicari,
499 1313 598 1369 tibi
630 1329 750 1368 esse
768 1326 1116 1368 successum:
1157 1327 1296 1384 quae
1328 1329 1396 1367 ne
1433 1310 1504 1367 ab
1540 1312 1609 1367 iis
1637 1311 1868 1384 quidem·
1892 1309 2008 1369 fieri

170 1413 431 1484 solerent,
489 1413 584 1484 qui
634 1411 783 1466 brevi
833 1417 1076 1483 tempore
1126 1411 1230 1465 sibi
1279 1410 1498 1466 succedi
1549 1417 1824 1484 putarent.
1917 1416 2007 1468 52.

171 1513 375 1571 Horum
420 1527 522 1585 ego
572 1525 818 1567 sermone
870 1526 976 1566 non
1027 1510 1311 1567 movebar:
1366 1512 1502 1584 quin
1541 1513 1738 1578 etiam,
1798 1511 2011 1588 (credas

171 1613 305 1671 mihi
343 1612 526 1688 velim)
579 1613 627 1668 si
664 1611 796 1685 quid
834 1618 897 1668 tu
942 1626 1132 1683 ageres
1146 1653 1162 1677 ,
1201 1611 1367 1668 levari
1414 1627 1503 1668 me
1551 1611 1808 1685 putabam
1848 1612 2010 1668 mole·

171 1712 302 1777 stim
350 1719 407 1770 et
449 1727 741 1769 ein-annua
772 1712 1080 1786 provincia,
1130 1728 1271 1784 quae
1308 1711 1444 1767 mihi
1486 1712 1645 1785 longa
1697 1712 2011 1779 videretur,

173 1827 342 1888 prope
367 1814 483 1873 inm-
514 1812 767 1870 undecim
806 1812 1079 1869 mensium
1111 1812 1447 1885 provinciam
1488 1811 1686 1868 factam
1718 1829 1837 1869 esse
1880 1828 2009 1885 gau·

63 1913 67 1916 ’
171 1913 386 1981 dabam,
413 1914 472 1971 sl
504 1913 887 1971 absentifmihi
920 1913 1084 1970 unius
1123 1913 1327 1969 mensis
1358 1912 1510 1970 labor
1540 1912 1819 1970 detractus
1849 1921 2007 1970 esset.

172 2013 309 2072 {llud
358 2015 526 2091 (vorm
542 2014 745 2088 dicam)
786 2031 875 2071 me
914 2020 1121 2079 movet,
1174 2015 1230 2069 in
1269 2020 1422 2069 tanta
1459 2014 1698 2071 militum
1737 2015 2012 2088 paucitate

173 2113 358 2171 abesse
389 2119 504 2170 tres
528 2113 784 2173 cohortes
798 2141 814 2179 ,
853 2128 991 2186 quae
1030 2115 1142 2169 sint
1173 2112 1545 2186 plenissimae;
1584 2131 1685 2171 nec
1716 2132 1807 2171 me
1842 2117 2010 2180 scire,

176 2211 278 2270 ubi*
295 2214 438 2270 sint,
523 2213 898 2269 Molestissime
945 2220 1128 2269 autem
1168 2211 1309 2278 sero,
1348 2213 1521 2286 quod,
1569 2220 1624 2269 te
1662 2214 1755 2270 ubi
1794 2216 2015 2272 visurus

175 2314 282 2373 sim
302 2357 317 2382 ,
368 2316 570 2372 nescio:
623 2331 790 2388 eoque
836 2314 904 2370 ad
950 2322 1005 2370 te
1053 2314 1264 2370 tardius
1310 2315 1534 2388 scripsi,
1585 2314 1728 2388 quod
1772 2315 2013 2389 quotidie

175 2424 230 2472 te
274 2417 452 2489 ipsum
494 2415 900 2489 exspectabam;
951 2432 1121 2488 quum
1161 2415 1368 2470 interea
1419 2431 1488 2470 ne
1538 2415 1749 2471 litteras
1791 2417 2011 2488 quidem

175 2516 312 2572 ullas
342 2515 531 2589 accepi
550 2556 569 2581 ,
604 2531 757 2588 ³quae
795 2532 883 2571 me
921 2514 1212 2579 docerent,
1250 2514 1382 2587 quid
1420 2530 1639 2586 agereS,
1692 2523 1788 2571 aut
1827 2516 1918 2572 ubi
1957 2525 2013 2574 te

173 2617 400 2673 visurus·
435 2633 629 2673 essem.
721 2616 909 2689 Itaque
953 2617 1133 2671 virum
1186 2614 1379 2672 sortem
1430 2616 1673 2689 mihique
1718 2617 1774 2672 in
1821 2618 2012 2690 primis

167 2717 484 2789 probatum,
523 2718 816 2774 Antonium
832 2759 847 2783 ‚
888 2716 1219 2791 praefectum
1259 2724 1602 2774 evocatorum
1619 2760 1634 2782 ‚
1673 2717 1799 2773 misi
1833 2718 1900 2774 ad
1928 2727 1981 2774 te
1997 2762 2010 2784 ,

177 2819 322 2883 cui,⁸
342 2819 390 2874 si
426 2818 868 2884 tihivideretur,
907 2819 1154 2875 cohortes
1193 2818 1457 2874 traderes:
1501 2827 1599 2883 ut,
1630 2819 1762 2874 dum
1798 2828 2012 2893 tempus

179 2919 307 2973 anni
356 2924 498 2974 esset
537 2918 829 2985 idoneum,
880 2919 1084 2992 aliquid
1137 2920 1338 2991 negotii
1390 2935 1576 2991 gerere
1622 2936 1848 2991 possem.
1950 2921 2009 2975 ln

177 3034 323 3089 (μω,ἶ
346 3024 440 3073 tuo
472 3018 694 3073 consilio
727 3026 788 3072 ut
821 3035 907 3074 me
936 3036 1207 3092 sperarem
1236 3037 1353 3075 esse
1383 3036 1642 3083 usurum,
1682 3027 1737 3074 et
1769 3021 2010 3075 amicitia

128 3175 137 3190 .
177 3124 360 3174 nostra
391 3125 445 3174 et
483 3119 694 3174 litterae
733 3123 860 3173 tuae
892 3118 1150 3181 fecerant:
1193 3119 1334 3193 quod
1375 3137 1440 3173 ne
1480 3136 1625 3173 nunc
1665 3120 1884 3191 quidem
1922 3122 2010 3177 de-

178 3235 346 3290 spero.
430 3218 533 3274 Sed
566 3219 745 3290 plane,
786 3220 999 3291 quando
1037 3227 1132 3275 aut
1166 3220 1257 3275 uhi
1291 3227 1344 3273 te
1383 3220 1601 3274 visurus
1640 3221 1769 3286 sim,
1802 3223 1909 3276 nisi
1942 3223 2008 3277 ad

180 3334 267 3373 me
294 3319 598 3390 scripseriS,
648 3337 713 3373 ne
753 3321 1016 3392 suspicari
1050 3320 1268 3392 quidem
1310 3337 1544 3392 possum.
1641 3324 1728 3376 53.
1770 3322 1908 3394 Ego,
1949 3332 2009 3377 ut

180 3432 266 3471 me
314 3418 413 3474 tihi
465 3420 855 3475 amicissimum
889 3439 1004 3478 esse
1056 3429 1110 3476 et
1161 3421 1317 3493 aequi
1357 3427 1411 3474 et
1450 3421 1622 3500 iniqui
1676 3422 2007 3495 intelligant,

182 3519 393 3576 curabo.
473 3522 546 3577 De
587 3529 678 3576 tuo
726 3524 779 3576 in
834 3539 919 3578 me
973 3524 1149 3579 animo
1204 3501 1428 3592 iniquis
1456 3500 1610 3578 secus
1629 3500 1641 3537 7
1663 3511 2008 3579 existimandi

1666 3622 1730 3670 20
