2210 3970
221 232 327 283 442
802 246 1012 286 emeno
1060 247 1132 283 DE
1182 246 1323 284 v1TA
1372 246 1483 285 sua

220 379 324 446 Qui
347 384 363 415 ¹
399 379 445 433 si
476 378 699 451 reliquis
722 380 941 450 flagitiis
976 386 1028 434 et
1062 379 1354 435 sceleribus
1387 397 1444 436 se
1475 379 1744 436 abstinere
1769 385 2057 452 potuisset,

216 486 396 534 tamen
438 495 610 534 unum
649 479 715 534 ob
755 480 855 535 hoc
895 479 1098 535 sactum
1119 523 1135 546 ‚
1176 480 1318 553 quod
1355 481 1568 536 Caesari
1602 480 1851 536 diadema
1891 483 2055 556 impo-

210 595 344 634 nens
384 579 797 653 LupercalibuS,
837 599 1055 637 servum
1103 599 1159 637 se
1204 581 1384 648 illius,
1434 598 1597 654 quam
1638 582 1896 654 collegam
1937 601 2052 644 esse

210 680 472 747 malebat,
524 681 751 754 dignum
798 683 951 738 illum
1000 685 1147 738 omni
1206 700 1375 755 poena
1423 691 1689 756 putarem.
1784 683 1951 750 Nam,
2004 688 2050 740 si

210 781 324 854 ipse
362 784 565 838 servire
603 791 850 857 poterat,
905 785 1082 839 nobis*
1111 784 1389 839 dominum
1431 802 1530 840 cur
1571 784 1909 857 imponebat?
1962 793 2049 851 et,

207 885 252 940 si
301 885 422 939 eius
466 885 700 956 pueritia
751 885 1047 957 pertulerat
1094 885 1345 940 libidines
1383 902 1603 951 eorum,
1642 886 1737 958 qui
1788 893 1944 941 erant
1994 888 2050 941 in

208 1001 344 1039 eum
373 986 629 1058 tyranni,
658 1026 661 1029 -
688 986 922 1041 etiamne
974 988 1036 1040 in*
1067 993 1295 1041 nostros
1325 986 1522 1041 liberos
1560 986 1839 1042 dominum
1873 994 1927 1043 et
1965 995 2048 1062 ty-

204 1098 438 1138 rannum
479 1085 855 1157 comparabat?
936 1086 1124 1158 Itaque
1163 1085 1255 1140 illo
1295 1085 1579 1142 interfecto
1599 1129 1615 1152 ‚
1639 1134 1641 1136 .
1667 1087 2046 1159 qualem-eum

203 1187 260 1240 in
294 1201 391 1241 nos
425 1202 542 1241 esse
569 1186 772 1251 voluit,
813 1187 938 1242 talis
978 1188 1094 1260 ipse
1126 1189 1182 1241 in
1215 1193 1426 1243 ceteros
1457 1189 1716 1243 exstitit.·-

209 1426 211 1428 μ
279 1388 490 1445 XXXV.
539 1425 543 1430 -
579 1395 701 1445 101.
735 1390 942 1457 *Quide-
967 1397 1049 1445 est
1084 1390 1430 1445 -in=Antonio
1468 1397 1683 1464 praeter
1734 1392 2045 1456 libidinem,

200 1482 576 1547 crudelitatem
598 1532 612 1555 ,
651 1490 1007 1564 petulantiam
1029 1533 1044 1555 ,
1084 1489 1412 1545 audaciam?
1442 1487 1466 1537 1⁷
1490 1491 1573 1546 Ex
1611 1490 1698 1547 his
1737 1499 1884 1548 totus
1922 1510 2043 1548 con·

200 1590 507 1663 glutinatus·
529 1598 636 1646 estv
707 1591 852 1647 Nihil
877 1597 1105 1663 apparet
1129 1591 1184 1644 in
1225 1606 1288 1645 eo
1311 1590 1626 1661 ingenuum
1646 1633 1662 1656 ,
1703 1591 1840 1646 nihil
1867 1591 2045 1648 mode-

199 1699 413 1758 ratum,
435 1692 584 1748 -nihil
611 1692 854 1766 pudenS,
887 1692 1030 1746 nihil
1069 1691 1348 1764 pudicum.
1430 1691 1614 1760 Quid-'¹
1653 1692 1744 1749 hic
1778 1692 1965 1759 faciet,
1997 1695 2045 1750 si

198 1795 459 1866 potuerit,
499 1794 702 1859 iratuS‚
732 1793 866 1865 qui,
907 1808 1077 1864 quum
1109 1793 1665 1848 succenserenemini
1684 1800 1893 1866 posset,
1933 1811 2043 1850 om-

178 1890 358 1956 'nibus
385 1893 541 1955 bonis
567 1892 732 1948 fuerit
752 1893 1050 1958 inimicus?
1131 1892 1274 1961 Quid
1308 1893 1398 1948 hic
1426 1893 1610 1949 victor
1646 1910 1761 1949 non
1787 1894 2038 1959 audebit,

196 1995 326 2067 qui,
365 1994 570 2050 nullam
604 1994 832 2067 adeptus
863 1994 1177 2059 victoriam,
1220 2000 1373 2050 tanta
1404 1993 1609 2050 scelera
1641 2001 1761 2067 post
1797 1994 2043 2052 Caesaris

196 2097 480 2151 interitum
514 2095 737 2151 fecerit?
780 2095 1037 2151 refertam
1068 2096 1189 2151 eius
1221 2095 1443 2151 domum
1468 2095 1817 2152 exhauserit?
1859 2097 2042 2154 hortos

194 2195 541 2269 compilarit?
583 2196 651 2251 ad
681 2213 740 2251 se
776 2212 843 2257 ex
876 2196 964 2251 his
995 2197 1179 2252 omnia
1215 2202 1537 2252 ornamenta
1563 2197 1882 2257 tratulerit?
1921 2214 2038 2255 cae·

194 2298 278 2353 dis
311 2304 370 2354 et>
405 2298 778 2354 incendiorum
813 2313 1061 2354 caussam
1101 2299 1395 2371 quaesierit
1440 2314 1508 2354 ex
1545 2298 1777 2355 funere?
1831 2299 2040 2355 duobus

192 2404 289 2453 aut
340 2399 516 2454 tribus
562 2399 1045 2454 senatusconsultis
1076 2399 1212 2454 bene
1249 2405 1304 2454 et
1340 2414 1374 2455 e
1412 2398 1690 2472 republica
1723 2398 1930 2466 sactis,·
1957 2417 2037 2456 re·

193 2498 368 2571 liquas
397 2516 484 2554 res
529 2500 597 2554 ad
635 2499 850 2554 lucrum
901 2499 1279 2578 praedamque·
1292 2501 1625 2556 revocaverit
1644 2501 1667 2556 ἓ
1736 2500 2039 2557 vendiderit

193 2598 610 2655 immunitates?
684 2599 932 2654 civitates
983 2599 1335 2655 liberaverit?
1395 2601 1700 2672 provincias
1757 2602 2037 2657 universas

191 2712 257 2756 ex
296 2701 513 2773 imperii
551 2699 734 2772 populi
767 2701 996 2756 Romani
1038 2701 1160 2757 iure
1198 2701 1522 2757 sustulerit?
1564 2702 1777 2758 exsules
1809 2702 2033 2759 reduxe-

191 2799 307 2857 rit?
367 2801 529 2857 falsas
568 2802 743 2874 legeS,
793 2803 846 2857 C.
883 2803 1126 2857 Caesaris
1166 2804 1411 2868 nomine,
1461 2809 1516 2859 et
1549 2801 1682 2858 falsa
1726 2803 1942 2859 decreta
1975 2805 2032 2859 in

191 2920 282 2959 aes
332 2901 620 2957 incidenda
672 2908 726 2957 et
771 2903 827 2956 in
876 2903 1138 2975 Capitolio
1180 2903 1392 2975 figenda
1440 2905 1754 2970 curaverit,
1819 2920 2029 2959 earum-

188 3020 295 3077 que
355 3020 554 3060 rerum-
598 3004 842 3060 omnium
899 3003 1258 3061 domesticum
1313 3011 1615 3060 mercatum
1683 3005 2027 3061 instituerit?

187 3106 382 3179 populo
427 3106 666 3162 Romano
705 3106 850 3178 leges
884 3106 1238 3180 imposuerit?
1299 3107 1468 3162 armis
1506 3114 1561 3162 et
1607 3105 1925 3178 praesidiiS,
1972 3113 2026 3161 et

187 3206 444 3279 populum
490 3214 545 3262 et
586 3207 939 3280 magistratus
973 3207 1085 3263 soro
1125 3207 1450 3264 excluserit?
1507 3214 1756 3263 senatum
1808 3207 2024 3279 stiparit

189 3307 398 3361 armis?
451 3315 686 3364 armatos
721 3311 775 3365 in
840 3310 971 3365 cella
1018 3310 1376 3375 Concordiae,
1438 3325 1606 3382 quum
1645 3315 1894 3378 senatum
1930 3309 2019 3364 ha-

251 3491 287 3548 1)
320 3488 501 3550 Philipp.
538 3491 652 3538 X111.
674 3508 708 3537 e.
732 3496 815 3551 8.§
844 3497 913 3539 17.
949 3521 1005 3528 —
1041 3496 1082 3552 ²)
1115 3492 1295 3554 Philipp.
1329 3496 1409 3539 111.
1429 3511 1462 3539 c.
1484 3493 1705 3549 11.„§28.
1740 3518 1799 3527 —
1832 3493 1873 3551 5)
1907 3489 2017 3536 ibid.

186 3586 221 3615 ε.
251 3572 324 3614 12.
353 3571 376 3626 ς
394 3573 466 3615 30.
