2210 3970
302 276 407 327 702
775 285 1103 323 ANNALES
1161 286 1667 339 mennonium.

292 421 343 463 G.
373 430 445 462 111.
475 433 510 461 c.
532 417 725 460 17—19.
792 414 869 458 Dio
895 427 1051 460 xxxlx.
1080 431 1116 459 c.
1146 419 1216 460 45.
1251 418 1371 460 Oros.
1406 415 1435 460 l.
1464 431 1500 462 c.
1528 413 1581 458 de
1609 417 1651 458 Ρ.
1677 417 1858 459 Crasso
1893 418 2041 460 Caesar
2072 417 2125 459 B.

294 498 344 540 G.
376 507 442 539 111.
477 495 722 540 c.20—27.
771 492 847 537 Dio
864 505 1020 537 xxxix.
1053 509 1087 537 c.
1108 497 1179 538 46.
1207 496 1324 539 Oros.
1349 493 1431 537 l.c.
1465 492 1578 537 Flor.
1610 503 1679 537 111.
1712 508 1748 538 c.
1769 496 1840 539 10.
1875 496 1916 538 6.

1053 699 1356 708 ------

609 857 868 913 ANNUS
925 854 1167 910 VITAE
1228 854 1650 911 CICERONIS
1701 855 1812 910 LII.

619 1007 726 1064 [Kal.
757 1014 921 1054 Ianuar.
952 1012 1079 1053 incid.
1115 1013 1159 1051 in
1187 1011 1228 1052 d.
1262 1013 1322 1052 22
1350 1012 1544 1053 Decemh.
1578 1012 1636 1052 56
1666 1025 1704 1052 a.
1731 1005 1792 1062 C.]

295 1165 332 1192 a.
350 1151 400 1192 U.
417 1151 460 1192 C.
791 1152 903 1192 Coss.
940 1151 1015 1191 CN.
1051 1150 1299 1190 POMPEIUS
1333 1149 1536 1190 MAGNUS
1569 1150 1624 1190 11.
1954 1162 1991 1188 a.
2009 1147 2057 1188 A.
2076 1148 2122 1189 C.

328 1242 437 1284 699.
944 1244 997 1284 Μ.
1031 1243 1251 1283 LICINIUS
1285 1242 1498 1282 CRASSUS
1532 1242 1587 1282 11.
2008 1241 2082 1281 55.

369 1371 432 1446 (¹)
475 1370 631 1426 Iussu
685 1372 924 1443 Pompeii
978 1372 1037 1425 A.
1075 1371 1370 1435 Gabinius,
1432 1371 1526 1443 qui
1571 1366 1854 1443 proconsul
1908 1367 2118 1442 Syriam

295 1471 539 1535 tenebat,
581 1471 945 1525 Ptolemaeum
984 1472 1053 1545 (v.
1089 1471 1155 1525 ad
1188 1490 1236 1527 a.
1267 1476 1392 1527 698.
1427 1471 1499 1544 1.)
1541 1472 1597 1525 in
1637 1487 1865 1542 regnum
1893 1469 2122 1542 Aegypti

295 1571 546 1636 reduxit,
594 1571 840 1642 quamvis
881 1571 1094 1626 decreto
1134 1571 1274 1626 sacto
1316 1589 1474 1627 omne
1511 1572 1559 1627 ei
1600 1570 1862 1626 auxilium
1899 1569 2123 1624 Romani

296 1673 626 1727 abnuissent.
668 1689 736 1726 vi.
769 1689 818 1728 o.
845 1675 934 1726 28.
979 1677 1065 1727 70.

353 1773 500 1818 Livius
522 1773 635 1835 Epit.
654 1776 758 1817 105.
792 1775 841 1819 A.
869 1773 1087 1818 Gabinius
1094 1773 1341 1835 proconsul
1354 1772 1658 1817 Ptolemaeum
1673 1770 1856 1816 reduxit
1871 1772 1918 1816 in
1939 1788 2120 1832 regnum

291 1851 513 1913 Aegypti,
561 1852 695 1894 eiecto
739 1851 981 1908 Archelao,
1025 1869 1154 1913 quem
1189 1852 1279 1896 sibi
1320 1868 1465 1913 regem
1502 1851 1765 1895 asciverant.
1844 1850 1920 1894 Dio
1960 1862 2120 1894 xxxlx·

294 1945 332 1975 c.
352 1934 423 1974 55.
459 1934 503 1975 1.
535 1930 675 1976 Κατὰ
704 1928 757 1976 δὲ
790 1931 849 1988 δή
885 1931 970 1977 τὸν
1005 1931 1155 1977 αὐτὸν
1185 1934 1363 1977 τοῦτον
1394 1931 1574 1992 χρόνον
1602 1931 1752 1987 [ο.50.
1789 1932 1872 1974 τοῦ
1907 1945 1957 1974 τε
1987 1932 2124 1987 Πομ-

295 2011 445 2067 πηίου
479 2013 559 2055 καὶ
602 2013 689 2055 τοῦ
732 2008 971 2071 Κράσσου
1001 2011 1362 2068 ὑπατευόντων]
1406 2011 1486 2054 καὶ
1531 2007 1560 2054 o‘
1589 2008 1916 2067 Πτολεμαῖος,
1957 2012 2119 2053 καίτοι

295 2089 393 2138 τῶν
416 2089 670 2150 Ῥωμαίων
714 2089 800 2148 τήν
835 2109 886 2137 τε
918 2089 1203 2153 ἐπικουρίαν
1231 2087 1642 2150 ἀπεψηφισμένων
1671 2091 1752 2134 καὶ
1780 2087 1898 2149 πρὸς
1921 2091 2006 2140 τάς
2036 2089 2122 2134 δω-

296 2169 523 2232 ροδοκίας
567 2170 653 2222 τάς
692 2168 771 2216 ὑπ’
809 2170 964 2217 αὐτοῦ
1005 2170 1258 2234 γενομένας
1292 2169 1460 2221 δεινῶς
1500 2168 1574 2214 ἔτι
1609 2170 1691 2213 καὶ
1729 2169 1843 2214 τότε
1875 2167 2125 2229 διακειμέ-

294 2267 408 2306 νων,
444 2249 669 2309 κατήχθη
710 2253 794 2296 καὶ
828 2250 913 2309 τήν
946 2250 1202 2311 βασιλείαν
1237 2249 1535 2310 ἐκομίσατο.
1570 2247 1775 2311 ἔπραξαν
1813 2245 1867 2294 δὲ
1910 2252 2057 2294 τοῦτο
2091 2248 2120 2293 ὅ

273 2347 346 2403 ἱτε
389 2329 648 2391 Πομπήιος
692 2335 774 2378 καὶ
823 2331 849 2377 ὁ
892 2332 1165 2393 Γαβίνιος·
1230 2334 1468 2377 τοσοῦτον
1515 2329 1602 2394 γοὶρ
1651 2328 1711 2375 αἶ’
1751 2345 1801 2375 τε
1844 2328 2124 2374 δυναστεῖαι

293 2413 376 2456 καὶ
427 2411 479 2456 αἱ
528 2411 626 2456 τῶν
669 2411 927 2473 χρημάτων
975 2414 1257 2474 περιουσίαι
1310 2413 1392 2457 καὶ
1441 2412 1568 2473 παρὰ
1615 2410 1676 2458 τοὶ
1724 2414 2015 2472 ψηφίσματα
2062 2411 2122 2455 τά

293 2508 346 2538 τε
390 2494 477 2537 τοῦ
524 2489 678 2551 δήμου
714 2494 795 2536 καὶ
830 2493 888 2537 τὰ
923 2494 1007 2548 τῆς
1046 2490 1222 2550 βουλῆς
1268 2491 1503 2548 ἴσχυσαν,
1540 2489 1665 2537 ὥστε
1707 2489 1988 2543 ἐπιστείλας
2035 2487 2123 2550 μὲν

297 2569 327 2615 ὁ
362 2568 621 2630 Πομπήιος
659 2570 724 2631 τῷ
766 2570 991 2630 Γαβινίῳ
1032 2574 1115 2627 τῆς
1156 2573 1340 2631 Συρίας
1386 2571 1495 2615 τότε
1536 2568 1770 2632 ἄρχοντι,
1821 2573 2122 2633 στρατεύσας

293 2647 348 2695 δὲ
394 2648 605 2706 ἐκεῖνος,
664 2647 690 2693 ὁ
725 2647 812 2709 μὲν
859 2655 915 2710 τῇ
962 2652 1133 2710 χάριτι
1184 2650 1212 2697 o‘
1254 2647 1308 2695 δὲ
1358 2651 1415 2708 τῇ
1460 2648 1744 2712 δωροληψίᾳ
1784 2652 1865 2695 καὶ
1918 2649 2119 2702 ἄκοντος

297 2727 450 2775 αὐτὸν
487 2732 576 2776 τοῦ
617 2734 785 2776 κοινοῦ
819 2729 1110 2795 κατήγαγον,
1157 2727 1306 2792 μηδὲν
1347 2727 1467 2788 μήτε
1510 2727 1699 2775 ἐκείνου
1737 2729 1856 2788 μήτε
1898 2729 1990 2775 τῶν
2035 2732 2119 2786 τῆς

293 2808 543 2870 Σιβύλλης
588 2810 816 2870 χρησμῶν
864 2810 938 2869 [cf.
983 2826 1018 2854 c.
1049 2814 1117 2854 15.
1155 2811 1222 2868 2.]
1264 2811 1643 2870 φροντίσαντες.
1694 2811 1775 2854 καὶ
1817 2806 1995 2868 ἐκρίθη
2034 2806 2120 2868 μὲν

293 2887 499 2950 ὕστερον
531 2887 615 2934 ἐπὶ
648 2891 800 2952 τούτῳ
832 2888 1144 2949 όΓαβίνιος,
1179 2888 1276 2946 οὐχ
1301 2888 1427 2935 ἑάλω
1455 2887 1511 2935 δὲ
1552 2889 1637 2935 διά
1669 2904 1719 2933 τε
1748 2886 1830 2933 τὸν
1861 2887 2120 2948 Πομπήιον

293 2972 375 3015 καὶ
405 2967 491 3014 διοὶ
522 2969 580 3015 τὰ
609 2968 848 3030 χρήματα.
915 2967 976 3014 Cf.
999 2968 1217 3014 Plutarch.
1244 2973 1407 3015 Anton.
1433 2984 1470 3015 c.
1490 2973 1531 3014 3.
1565 2967 1717 3013 strabo
1737 2980 1820 3011 xil.
1850 2985 1888 3029 p.
1909 2971 2011 3012 558.
2036 2967 2120 3012 Cic.

291 3049 338 3093 in
363 3048 499 3093 Pison.
530 3063 566 3092 o.
586 3050 658 3092 21.
683 3050 754 3092 48.
782 3047 836 3092 ad
868 3051 962 3092 Att.
997 3059 1058 3092 lv.
1089 3050 1160 3091 10.
1190 3051 1230 3091 1.
1264 3049 1327 3105 [v.
1354 3048 1408 3092 ad
1430 3064 1467 3093 a.
1488 3050 1589 3091 700.
1620 3049 1686 3105 8.]

368 3149 431 3224 (2)
474 3150 794 3204 M.Lioinius
815 3149 1038 3204 Crassus
1058 3149 1228 3221 legem
1254 3149 1356 3205 fert
1375 3150 1441 3206 de
1465 3150 1744 3205 sodalitiis,
1763 3168 1830 3204 v1.
1851 3168 1895 3204 c.
1914 3154 2001 3204 29.
2030 3153 2116 3203 75.

352 3249 492 3295 Schol.
527 3250 626 3295 Bob.
659 3250 713 3294 ad
746 3254 865 3295 Orat.
898 3267 940 3311 p.
963 3249 1136 3294 Plancio
1176 3267 1214 3311 p.
1234 3253 1342 3294 253.
1388 3253 1547 3312 Legem
1578 3251 1798 3294 Liciniam
1830 3251 1888 3294 M.
1916 3249 2118 3293 Licinius

297 3331 485 3374 Crassus
501 3362 515 3385 ‚
548 3330 753 3391 Pompeii
775 3329 929 3390 Magni
943 3327 1140 3389 collega,
1175 3329 1224 3372 in
1251 3328 1486 3373 consulatu
1509 3345 1589 3373 suo
1597 3327 1819 3390 pertulit,
1852 3335 1905 3371 ut
1935 3328 2118 3371 severis-

293 3408 403 3452 sime
426 3416 711 3468 quaereretur
731 3409 779 3452 in
796 3423 869 3452 eos
885 3406 1170 3462 candidatos,
1203 3407 1283 3468 qni
1298 3408 1387 3451 sibi
1402 3405 1738 3464 conciliassent,
1771 3423 1822 3450 ea
1831 3407 2118 3466 potissimum

294 3485 347 3529 cle
376 3501 536 3530 caussa
553 3519 566 3541 ,
587 3493 652 3550 ..²⁶⁸
675 3503 760 3547 per
790 3486 896 3531 illos
926 3485 1162 3547 pecuniam
1190 3485 1432 3529 tribulibus
1459 3484 1746 3546 dispertirent
1772 3500 1824 3528 ac
1850 3484 1939 3527 sibi
1964 3491 2117 3528 mutuo

297 3563 444 3609 cadem
489 3564 833 3626 suffragationis
872 3572 1041 3626 emptae
1065 3564 1300 3624 praesidia
1334 3564 1712 3610 communicarent.
1779 3562 1894 3607 Huic
1918 3560 2118 3622 factioni
