2210 3970
203 212 308 263 554
659 223 986 262 ANNALES
1042 225 1554 264 αιοΕΒοΝιΑΝι.

207 360 295 398 tem
324 352 454 399 rebus
482 354 719 408 Romanis,
752 354 1018 414 remigravit.
1039 355 1246 409 Romam,
1276 361 1331 399 ut
1351 355 1528 415 opinor,
1559 357 1611 399 L.
1631 356 1759 399 Cotta
1783 363 1828 400 et
1853 358 1903 402 L.
1925 359 2028 400 Tor-

207 439 344 492 quato
372 447 481 476 coss.
509 433 570 489 [v.
589 430 642 475 ad
660 447 697 475 a.
717 433 820 476 689.
840 433 907 489 5.]
936 457 995 465 —·
1023 447 1059 476 c.
1077 435 1117 475 5.
1138 436 1179 476 3.
1210 433 1330 476 Erat
1344 440 1486 493 nupta
1501 448 1626 478 soror
1640 434 1781 478 Attici
1810 434 1861 492 Q.
1885 434 2029 478 Tullio

211 510 431 564 Ciceroni,
464 524 625 569 easque
654 509 839 569 nuptias
868 510 928 552 M.
951 509 1096 553 Cicero
1126 509 1418 564 conciliarat,
1449 527 1548 554 cum
1579 526 1666 571 quo
1695 527 1726 554 a
1753 510 2028 571 condiscipu-

209 587 306 631 latu
329 586 500 631 vivebat
515 587 873 632 coniunctissime
885 619 898 642 ‚
925 586 1065 630 multo
1081 587 1216 630 etiam
1222 585 1540 643 familiarius,
1567 603 1699 647 quam
1718 603 1816 630 cum
1836 587 2001 644 Quinto
2013 619 2028 641 ,

204 671 258 708 ut
288 663 483 709 iudicari
498 665 680 724 possit,
703 664 817 725 plus
841 665 890 708 in
913 664 1115 708 amicitia
1136 663 1280 708 valere
1305 664 1646 709 similitudinem
1670 680 1864 717 morum,
1897 679 2031 723 quam

205 743 491 803 affinitatem.
572 742 634 787 Cf.
667 746 707 787 J.
733 746 782 786 G.
806 741 1072 798 Hulleman‚
1106 741 1300 787 Diatribe
1332 742 1381 786 in
1417 744 1461 785 T.
1487 742 1778 802 Pomponium
1818 740 2031 785 Atticum.

206 819 390 864 Traiecti
409 819 462 864 ud
480 819 566 866 Rh.
584 806 716 864 1838.
751 823 811 863 80.
845 836 886 879 p.
905 822 963 862 22
992 834 1082 880 sqq.

482 1131 756 1189 ANNUS
793 1131 1053 1188 VITAE
1089 1105 1541 1217 cluunoms
1600 1135 1740 1189 xxl.

198 1314 237 1340 α’.
256 1299 303 1340 U.
323 1300 366 1340 C.
543 1316 545 1318 ·
733 1301 846 1341 Coss.
880 1302 924 1340 L.
960 1299 1235 1339 CORNELIUS
1269 1299 1418 1340 CINNA
1451 1300 1505 1340 ΙΙ.
1863 1314 1898 1340 a.
1917 1300 1966 1341 A.
1983 1301 2030 1341 C.

235 1391 343 1432 668.
886 1393 929 1431 C.
965 1391 1153 1431 MARIUS
1187 1392 1277 1432 VII.
1910 1391 1985 1432 86.

277 1518 338 1592 (Ἰ)
381 1518 579 1573 Marius
628 1537 736 1578 cos,
788 1519 970 1574 Idibus
1010 1519 1221 1574 Ianuar.
1271 1518 1366 1592 [=
1407 1519 1744 1594 151anuar.]
1799 1521 2028 1575 moritur

198 1625 372 1673 aetate
412 1619 642 1691 amplius
676 1621 1113 1692 septuagenaria3
1152 1620 1209 1673 in
1246 1620 1402 1674 cuius
1434 1619 1609 1675 locum
1652 1619 1908 1675 suffectus
1947 1627 2029 1675 est

196 1720 253 1773 L.
275 1707 530 1774 ‘Valerius
562 1719 804 1776 Flaccus.
846 1740 913 1776 1v.
947 1740 992 1776 c.
1019 1726 1106 1777 50.
1147 1726 1234 1776 76.

263 1819 408 1863 Livius
439 1820 555 1880 Epit.
595 1823 666 1865 80.
704 1822 844 1865 Cinna
875 1829 919 1866 et
949 1822 1123 1865 Marius
1155 1847 1213 1854 -—
1245 1821 1362 1865 citra
1391 1820 1490 1866 ulla
1525 1823 1707 1867 comitia
1736 1823 1939 1868 consules
1979 1825 2030 1868 in

196 1905 452 1958 ‘sequentem
489 1913 654 1942 annum
694 1913 743 1941 se
773 1899 896 1958 ipsos
932 1898 1322 1943 renuntiaverunt:
1358 1898 1590 1960 eodemque
1621 1898 1720 1957 die,
1764 1918 1850 1962 quo
1887 1902 2027 1963 maqi-

200 1983 395 2020 stratum
421 1975 616 2018 inierant
647 1974 768 2032 [Kal.
795 1978 938 2034 lan.],
969 1976 1145 2019 Marius
1175 1978 1278 2022 Sex.
1311 1977 1534 2021 Licinium
1563 1986 1807 2023 senatorem
1837 1978 1890 2023 de
1920 1995 2031 2024 saxo

201 2053 335 2097 deiici
367 2052 506 2095 iussit
517 2071 535 2105 ,·
582 2051 803 2113 editisque
839 2053 998 2098 multis
1042 2053 1309 2110 sceleribus,
1349 2053 1508 2100 Idibus
1547 2056 1779 2099 Ianuariis
1813 2055 2000 2102 decessit
2016 2077 2043 2114 .-¹

203 2131 293 2186 vir,
327 2130 456 2174 euius
486 2131 530 2173 si
560 2132 869 2175 examinentur
897 2148 997 2176 cum
1021 2124 1273 2176 virtutibus
1292 2132 1437 2188 vitia,
1470 2132 1593 2177 haud
1619 2133 1762 2191 facile
1791 2134 1856 2179 sit
1885 2134 2034 2194 dictu,

201 2217 355 2254 utrum
387 2207 498 2251 bello
532 2207 713 2264 melior,
745 2225 804 2253 an
830 2225 942 2269 pace
961 2210 1262 2270 perniciosior
1281 2209 1449 2269 fuerit.
1525 2210 1714 2257 Velleius
1745 2225 1798 2257 11.
1827 2228 1867 2258 οε
1891 2216 1964 2265 23.
1992 2218 2034 2260 1.

205 2281 454 2330 Secundum
497 2283 652 2329 deinde
680 2287 960 2331 consulatum
997 2288 1166 2344 Cinna,
1206 2294 1251 2331 et
1280 2289 1517 2348 septimum
1548 2279 1723 2333 Marius
1758 2289 1806 2334 in
1834 2291 2038 2350 priorum

206 2363 392 2408 dedecus
424 2363 543 2407 iniit.
611 2364 750 2408 Cuius
782 2365 916 2410 initio
945 2365 1092 2410 morbo
1128 2380 1368 2427 oppressus
1392 2365 1601 2422 decessit,
1634 2366 1704 2409 vir
1733 2367 1782 2410 in
1819 2366 1930 2412 bello
1963 2369 2038 2413 ho-

208 2442 378 2496 stibus,
425 2441 472 2484 in
503 2441 597 2486 otio
629 2442 799 2486 civibus
834 2442 1166 2510 infestissimus
1199 2443 1451 2504 quietisque
1486 2443 1919 2505 impatientissimus.
1981 2447 2039 2490 In

210 2519 344 2563 huius
377 2518 519 2562 locum
543 2518 763 2578 suffectus
797 2520 1001 2565 Valerius
1028 2522 1240 2577 Flaccus,
1271 2522 1561 2582 turpissimae
1589 2520 1700 2581 legis
1730 2530 1916 2579 auctor,
1949 2540 2039 2584 qua

208 2595 500 2641 creditoribus
531 2595 819 2655 quadrantem
849 2597 966 2642 solvi
994 2599 1201 2645 iusserat.
1244 2598 1328 2658 [Cf.
1363 2601 1447 2644 Cic.
1479 2615 1554 2659 pro
1585 2602 1710 2643 Font.
1735 2615 1771 2643 c.
1789 2603 1831 2643 1.
1859 2604 1899 2644 1.
1931 2601 2036 2648 Sall.

209 2679 300 2720 Cat.
332 2691 366 2719 c.
386 2676 482 2732 33.]
546 2672 767 2719 Plutarch.
793 2677 895 2718 Mar.
927 2690 963 2720 c.
998 2679 1070 2721 45.
1103 2681 1143 2722 3.
1194 2683 1409 2730 Ὕπατος
1438 2675 1526 2739 μὲν
1559 2671 1646 2722 οὖν
1679 2676 1952 2738 ἀπεδείχθη
1984 2680 2039 2725 τὸ

211 2753 420 2814 ἕβδομον
459 2754 654 2813 Μάριος
701 2755 782 2798 καὶ
825 2754 1082 2814 προελθὼν
1130 2756 1306 2810 αὐταῖς
1353 2756 1634 2808 Καλάνδαις
1677 2760 2037 2821 Ἰανουαρίαις,

213 2834 348 2885 ἔτους
382 2831 536 2894 ἀρχῇ,
577 2830 761 2881 Σέξτον
796 2835 907 2877 τινὰ
948 2837 1177 2881 Λικίνιον
1209 2837 1594 2899 κατεκρήμνισεν.
1627 2862 1684 2870 -
1720 2840 1790 2880 11.
1825 2840 1924 2885 Διὸ
1957 2838 2040 2898 ἔτι]

200 2911 299 2973 ,μὲν
333 2909 662 2971 ἑβδομήκοντα
693 2910 964 2987 βεβιωκὼς,
1007 2913 1188 2969 ὕπατος
1226 2916 1281 2964 δὲ
1308 2917 1495 2980 πρῶτος
1528 2915 1799 2977 ἀνθρώπων
1835 2916 2036 2972 ἑπτάκις

212 2990 584 3056 ἀνηγορευμένος
619 3017 679 3024 -
712 2987 924 3053 ὠδύρετο
955 2993 1040 3051 τήν
1070 2994 1247 3043 ἑαυτοῦ
1281 3000 1436 3056 τύχην
1461 2995 1524 3049 ὥς
1558 2994 1720 3053 ἐνδεής
1751 3000 1833 3050 καὶ
1866 2997 2037 3057 ἀτελής

213 3058 278 3116 ὧν
309 3070 490 3117 ἐπόθει
525 3070 953 3132 προαποθνήσκων.
1018 3072 1127 3119 lbid.
1154 3091 1189 3120 c.
1215 3079 1286 3122 46.
1321 3081 1363 3120 6.
1396 3075 1732 3133 Ἀποθνήσκει
1757 3075 1801 3120 δ’
1823 3071 1909 3122 οὖν
1932 3070 2051 3123 Μάέ

211 3168 316 3214 ριος
343 3150 518 3213 ἡμέρας
549 3149 873 3197 ἑπτακαίδεκα
902 3154 985 3209 τῆς
1009 3151 1220 3213 ἑβδόμης
1250 3155 1484 3209 ὑπατείας
1513 3154 1761 3215 ἐπιλαβών
1792 3156 1857 3213 [d.
1879 3161 1949 3201 17.
1968 3162 2023 3203 Ia·

209 3232 373 3287 nuar.].
438 3229 590 3275 Verius
621 3229 795 3274 videtur
823 3231 937 3292 quod
965 3231 1224 3277 Plutarchus
1247 3236 1417 3295 scripsit
1447 3251 1484 3283 c.
1503 3239 1574 3280 41.
1605 3239 1646 3280 4.
1682 3232 1801 3296 ὑπὲρ
1828 3234 2037 3295 ἑβδομή-

211 3326 357 3354 κοντα
382 3307 582 3371 γεγονὼς
610 3308 719 3369 ἔτη,
756 3311 790 3355 si
821 3309 998 3373 quidem
1033 3309 1163 3355 huius
1196 3329 1336 3357 annus
1362 3314 1522 3358 natalis
1555 3313 1685 3358 fuerit
1710 3316 1812 3358 596.
1848 3322 1899 3358 ut
1924 3313 2034 3358 dixi-

207 3402 306 3430 mus
335 3386 389 3431 ad
411 3404 447 3430 a.
468 3390 569 3432 666.
600 3390 640 3433 4.
698 3388 815 3434 Conf.
845 3388 995 3433 Florus
1019 3400 1089 3432 111.
1112 3404 1135 3432 c
1165 3392 1239 3435 21.
1264 3393 1335 3435 17.
1400 3393 1573 3438 Orosius
1599 3405 1641 3438 v.
1670 3407 1704 3436 c.
1725 3394 1798 3437 19.
1848 3392 2029 3452 Appian.

199 3468 249 3510 ¹13.
269 3467 311 3510 C.
341 3478 370 3510 Ι.
404 3480 440 3509 ο.
458 3467 531 3508 75.
