2210 3970
0 252 36 294 b

411 220 553 283 nx.
598 244 641 281 ο.
668 226 852 284 xxlx.
896 226 1029 301 §84
1070 257 1145 266 -
1185 241 1229 279 c,
1256 223 1418 279 xxx.
1463 222 1501 297 g
1527 229 1614 279 87.
1832 228 1938 280 497

101 377 206 433 nisi
245 376 386 451 quod
427 377 503 433 illi
545 394 649 434 non
695 378 981 442 dubitant,
1020 377 1151 449 quin
1185 391 1247 431 ea
1298 391 1424 431 vera
1464 375 1575 430 sint
1596 415 1612 437 ‚
1674 388 1812 447 quae
1842 372 1933 429 de·

98 475 353 534 rendunt:
395 494 492 534 nos
523 478 818 552 probabilia
845 477 1016 534 multa
1058 467 1316 532 habemus
1336 518 1350 541 ‚
1392 491 1529 548 quae
1561 474 1713 547 sequi
1754 472 1932 535 facile,

99 576 371 635 affirmare
403 579 493 634 vix
527 596 828 652 possumus,
889 579 1000 658 Hoc
1037 583 1218 634 autem
1256 576 1532 632 liberiores
1562 582 1616 631 et
1651 574 1936 631 solutiores

103 693 329 744 sumus,
368 676 511 750 quod
537 678 749 750 integra
788 678 940 734 nobis
978 684 1062 734 est
1094 675 1369 733 iudicandi
1407 682 1671 749 potestasz
1711 691 1839 740 nec,
1876 680 1939 729 ut

97 776 279 833 omnia
298 817 314 843 ,
369 792 508 849 quae
553 779 886 850 praescripta
924 784 979 833 et
1016 778 1171 850 quasi
1210 778 1473 850 imperata
1511 777 1656 841 sint,
1689 774 1937 831 ‹lesenda-

99 891 222 933 mus
242 916 259 942 ‚
299 877 621 933 necessitate
678 877 787 933 ulla
826 879 1087 951 cogimur.
1166 877 1301 934 Nam
1333 877 1501 933 ceteri
1541 876 1779 950 primum
1813 882 1939 930 ante

102 983 358 1037 tenentur
411 977 659 1043 astricti,
712 995 875 1050 quam
896 1022 911 1044 ‚
960 978 1091 1051 quid
1143 985 1286 1035 esset
1341 978 1607 1051 optimum
1630 1018 1645 1042 ,
1699 974 1941 1031 iudicare

103 1082 423 1151 potuerunt:
465 1077 658 1134 deinde
691 1079 1063 1137 infirmissimo
1095 1086 1334 1152 tempore
1367 1079 1560 1135 aetatis
1582 1083 1678 1133 aut
1697 1076 1938 1134 obsecuti

101 1177 278 1234 amico
297 1179 564 1252 cuipiam,
597 1187 692 1236 aut
724 1196 834 1236 una
870 1180 1130 1250 alicuiuS,
1152 1196 1314 1252 quem
1348 1180 1587 1251 primum
1613 1177 1941 1243 audierunt,

105 1279 344 1334 oratione
376 1279 521 1351 capti
541 1320 556 1343 ,
593 1279 660 1334 de
698 1279 860 1335 rebus
892 1280 1182 1352 incognitis
1215 1279 1486 1344 iudicant,
1527 1285 1617 1341 et,
1656 1277 1723 1333 ad
1754 1294 1941 1350 quam·

104 1394 337 1451 cumque
376 1385 504 1434 sunt
534 1378 873 1452 disciplinam
907 1380 1061 1452 quasi
1096 1385 1413 1452 tempestate
1446 1377 1639 1442 delati,
1680 1377 1748 1432 ad
1793 1394 1941 1442 eam,

104 1476 381 1553 tamquam
413 1478 481 1536 ad
520 1495 742 1546 saxum,
782 1480 1190 1536 adhaerescunt.
1271 1478 1375 1534 Sed
1398 1485 1415 1518 ¹
1478 1478 1608 1534 haec
1660 1477 1943 1551 explanata

108 1586 238 1638 sunt
269 1581 327 1638 in
358 1579 682 1637 Academicis
715 1579 915 1636 nostris
936 1580 1098 1646 satiS,
1141 1586 1200 1635 ut
1234 1580 1424 1653 opinor
1443 1621 1458 1644 ,
1478 1578 1784 1651 diligenter.

181 1781 344 1840 XXX.
423 1786 513 1841 86.
556 1782 699 1841 Nec²
724 1796 850 1841 vero
870 1784 1207 1841 desertarum
1242 1782 1733 1857 derelictarumque
1760 1797 1945 1840 rerum

106 1882 466 1955 patrocinium
538 1885 893 1958 suscepimus
1004 1885 1119 1941 Non
1171 1886 1316 1941 enim
1380 1884 1661 1940 hominum
1721 1885 1949 1941 interitu

108 1984 406 2045 sententiae
464 2002 676 2058 quoque
728 1985 1017 2050 occidunt,
1061 1986 1153 2042 sed
1202 1986 1378 2042 lucem
1425 1987 1664 2042 auctoris
1723 1985 1949 2041 sortasse

106 2078 446 2144 desiderant:
482 2090 544 2140 ut
573 2084 705 2140 haec
747 2086 804 2140 in
836 2084 1172 2159 philosophia
1216 2087 1355 2141 ratio
1393 2093 1582 2141 contra
1621 2087 1804 2141 omnia
1842 2085 1946 2141 dis·

108 2181 320 2249 serendi
381 2183 690 2258 nullamque
750 2202 864 2241 rem
923 2192 1106 2259 aperte
1146 2185 1458 2252 iudicandi,
1506 2185 1745 2259 prosecta
1784 2203 1816 2242 a
1856 2186 1948 2242 So·

110 2279 290 2362 cr'at'e,
337 2285 565 2358 repetita
605 2285 672 2341 ab
691 2286 928 2342 Arcesila
949 2328 964 2352 ‚
1016 2286 1334 2343 confirmata
1372 2304 1402 2342 a
1441 2286 1742 2353 Carneade,
1775 2302 1949 2360 usque

110 2381 179 2439 ad
211 2389 452 2442 nostram
483 2386 659 2458 viguit
677 2393 937 2451 aetatem;
967 2404 1129 2460 quam
1165 2404 1309 2443 nunc
1350 2387 1738 2461 propemodum
1759 2387 1944 2443 orbam

114 2499 230 2541 esse
268 2484 326 2542 in
353 2485 474 2558 -ipsa
511 2485 734 2543 Graecia
767 2486 1026 2559 intelligo.
1108 2487 1259 2556 Quod
1289 2505 1394 2543 non
1422 2487 1742 2543 Academiae
1779 2488 1913 2542 vitio
1934 2530 1949 2552 ,

108 2584 207 2643 sed
244 2585 498 2644 tarditate
536 2587 817 2644 hominum
847 2587 1082 2643 arbitror
1121 2589 1428 2661 contigisse.
1509 2588 1644 2644 Nam
1676 2589 1723 2643 si
1763 2588 1947 2660 singu·

0 2718 21 2757 ι,
108 2685 192 2743 las
226 2686 539 2761 disciplinas
574 2689 851 2762 percipere
870 2706 1130 2761 magnum
1151 2696 1268 2756 est,
1290 2697 1491 2762 quanto
1512 2690 1689 2745 maius
1720 2688 1944 2745 omnes?

19 2858 25 2923 ¹,

19 2792 26 2816 ’
109 2786 257 2862 >quod
287 2787 463 2845 iacere
496 2789 564 2844 iis
595 2806 812 2847 necesse
843 2795 957 2855 est,
991 2789 1187 2862 quibus
1220 2790 1554 2862 propositum
1595 2797 1679 2845 est
1715 2790 1830 2845 veri
1865 2805 1946 2845 re·

115 2885 358 2959 periendi
396 2905 588 2946 caussa
607 2894 662 2944 et
681 2895 869 2944 contra
900 2905 1086 2944 omnes
1105 2888 1444 2962 philosophos
1476 2895 1531 2943 et
1564 2905 1662 2961 pro
1694 2889 1947 2944 omnibus

26 2992 27 2998 ’
111 2983 309 3042 dicere.
385 2987 490 3041 87.
518 2983 710 3053 Quod⁸
743 2988 791 3043 si
813 3004 910 3054 ea,
950 3006 1088 3061 quae
1127 2989 1277 3055 dixi,
1318 3006 1423 3043 non
1465 2990 1541 3043 ita
1574 2995 1788 3054 essent,
1821 2989 1945 3061 quis

111 3090 294 3143 tamen
314 3101 372 3141 se
410 3090 522 3143 tam
554 3085 752 3143 durum
775 3095 1147 3162 agrestemque
1187 3090 1495 3163 praeheret,
1534 3090 1628 3162 qui
1647 3089 1787 3144 hanc
1809 3089 1943 3144 mihi

0 3173 36 3242 'i'

0 3345 20 3388 ς
68 3365 84 3377 .

6 3396 23 3489 fl

108 3198 216 3241 non
241 3183 395 3246 daret
414 3186 626 3243 veniam
647 3229 662 3252 ,
692 3194 790 3253 ut,
811 3205 980 3261 quum
1013 3206 1163 3246 meae
1192 3190 1427 3246 forenses
1449 3196 1593 3245 artes
1620 3196 1673 3244 et
1708 3190 1946 3246 actiones

173 3453 215 3511 ι)
243 3449 298 3497 de
326 3450 450 3499 Offic.
494 3454 548 3497 11.
591 3468 628 3498 c.
666 3457 708 3499 2.
753 3457 777 3513 §
813 3460 854 3502 8.
904 3481 962 3491 -
1011 3461 1048 3517 ²)
1080 3458 1133 3503 de
1182 3460 1275 3502 Nat.
1314 3457 1432 3500 Deor.
1468 3457 1501 3497 Ι.
1547 3469 1583 3498 c.
1613 3458 1653 3501 5.
1689 3457 1729 3514 §-
1763 3458 1835 3500 11.
1883 3478 1942 3488 —-

5 3579 7 3582 .
115 3527 156 3587 ³)
187 3530 342 3575 Orator
373 3533 495 3578 e.43.
530 3531 674 3589 §ua

1509 3608 1571 3655 32
