2210 3970
292 260 397 310 776
760 271 1089 308 ANNALES
1147 271 1660 310 01cEnoN1AN1.

583 616 840 671 ANNUS
900 617 1139 672 VITAE
1201 605 1623 674 CICERONIS
1675 618 1857 673 anl.

287 778 452 821 a..U.G.
781 778 894 818 Coss.
929 778 974 819 C.
1007 778 1176 819 IULIUS
1211 777 1406 819 CAESAR
1445 778 1496 819 V.
1951 776 2119 819 a.A.,G;

321 867 430 911 ’7,10.
926 869 977 909 Μ.
1012 868 1274 910 ANTONIUS,
1998 870 2075 910 44,

366 998 439 1072 (¹)
470 997 669 1051 Primis
708 997 844 1050 anni³
869 996 1144 1051 mensibus
1182 996 1366 1050 Cicero
1400 995 1625 1050 absolvit
1667 995 1985 1050 Tusculanas
2016 997 2118 1050 dis·
2203 1013 2207 1058 i

278 1088 606 1161 putationes,
647 1089 821 1160 iisque
855 1105 942 1144 res
980 1087 1056 1142 ad³
1089 1088 1241 1142 beate
1280 1087 1568 1142 vivendum
1606 1088 1852 1142 maxime
1878 1105 2121 1143 necessa·

282 1191 391 1244 rias
431 1188 657 1262 aperuit.
690 1206 740 1243 x.
784 1206 830 1242 e.
871 1193 958 1243 15.
999 1192 1086 1242 55.

2205 1184 2210 1216 Ι

2198 1226 2210 1247 Ἰ

345 1289 429 1335 eie.
453 1289 509 1334 ad
535 1293 629 1333 Att.
655 1301 732 1334 xv.
762 1292 806 1333 2.
835 1292 876 1333 1.
931 1288 1095 1347 Quinto
1128 1287 1292 1332 decimo
1324 1286 1510 1332 Kalend.
1540 1288 1742 1345 [lum-:-
1765 1289 1824 1330 18
1841 1286 1964 1345 Maii]
1994 1304 2017 1332 e
2044 1289 2116 1332 Si·
2199 1268 2210 1294 ’ἆ

282 1382 500 1412 nuessano
518 1366 815 1427 proficiscens
847 1393 907 1401 —
939 1366 1088 1427 accepi
1114 1382 1142 1408 a
1160 1365 1393 1409 tabellario
1420 1373 1525 1410 tuas
1550 1363 1741 1409 litteras.
1773 1391 1834 1398 —
1869 1364 1999 1422 Quod
2016 1367 2118 1427 pri·
2199 1290 2210 1447 ι

283 1462 356 1489 ma
388 1444 636 1505 disputatio
674 1444 923 1489 Tusculana
967 1452 1010 1488 te
1041 1443 1308 1504 confirmat,
1338 1459 1444 1487 sane
1473 1442 1657 1507 gaudeo.
1722 1443 1834 1488 Ibid'.
1864 1447 1905 1489 4.
1939 1448 1981 1489 1.
2029 1447 2116 1490 De·
2203 1448 2210 1485 ,1

282 1523 393 1566 cimo
420 1521 604 1566 Kalend.
639 1525 760 1581 [Iun.
788 1539 851 1567 Ξ
878 1526 937 1566 23
965 1521 1087 1581 Maii]
1118 1521 1238 1565 venit
1271 1519 1549 1565 tabellarius.
1582 1547 1640 1554 --
1676 1521 1920 1566 Redeamus
1946 1523 2116 1584 igitur,
2198 1489 2210 1630 ἰ

280 1602 488 1662 quoniam
519 1616 652 1660 saepe
669 1615 887 1660 usurpas,
921 1598 983 1643 ad
1002 1598 1274 1642 Tusculanas
1301 1597 1643 1658 disputationes.
1675 1626 1734 1632 —-
1766 1600 2116 1665 Relinquamque

286 1679 560 1724 Tusculanas
586 1678 941 1739 disputationes,
973 1675 1036 1721 ad
1063 1692 1176 1738 quas
1203 1684 1255 1721 tu
1286 1677 1422 1719 etiam
1454 1676 1700 1720 Vestorium
1733 1676 1942 1723 hortaris.
2199 1670 2202 1674 ⁵

361 1792 422 1867 (2)
464 1791 875 1862 Lupercal-imm,
915 1789 1074 1844 idest
1103 1806 1151 1844 a.
1177 1788 1327 1848 d.xv.
1350 1788 1467 1843 Kal.
1483 1789 1641 1847 Mart.
1692 1790 1789 1862 [:=
1812 1795 1878 1844 15
1897 1790 2117 1865 Febr.]÷,
2203 1823 2210 1866 ‚¹

281 1910 448 1966 quum
479 1893 669 1946 Caesar
690 1892 745 1944 in
782 1891 990 1945 Rostris
1021 1890 1211 1945 sedens
1242 1891 1297 1943 in
1333 1889 1461 1944 sella
1493 1906 1683 1954 aurea,
1725 1892 1956 1945 amictus
1989 1899 2114 1963 toga

280 2009 550 2067 purpurea
573 2035 587 2054 ,
644 1998 910 2063 spectaret
949 1991 1252 2062 LupereOS,
1305 1990 1569 2046 Antonius
1611 2006 1750 2044 unus
1790 2007 1819 2045 e
1856 1991 2114 2063 Lupercis
2206 1971 2210 2036 ἶ

279 2095 346 2150 ad
398 2093 581 2148 sellam
624 2093 852 2147 accessit
898 2099 952 2147 et
986 2092 1149 2163 capiti
1189 2092 1305 2147 eius
1339 2090 1608 2148 diadema.
1635 2091 1927 2162 imposuit3
1971 2093 2114 2164 quod

277 2196 471 2251 Caesar
511 2211 634 2248 eum
668 2193 858 2264 plausu
898 2192 1086 2264 populi·
1112 2192 1317 2246 reiecit.
1355 2208 1423 2244 lx.
1467 2208 1511 2245 e.
1539 2194 1630 2246 54.
1670 2196 1796 2247 100.

337 2300 514 2341 Sueten.
549 2298 661 2338 Caes.
696 2309 731 2336 c.
752 2295 822 2336 ¹79.
871 2295 1018 2353 Neque
1045 2309 1100 2336 ex
1131 2308 1178 2336 eo
1213 2291 1454 2350 infamiam
1492 2290 1699 2351 affectati
1730 2293 1864 2337 etiam
1891 2296 2006 2356 regii
2035 2312 2111 2339 no·

274 2375 410 2419 minis
451 2372 671 2416 discutere
707 2370 878 2414 valuit:
911 2387 1178 2431 quamquam
1211 2396 1271 2403 —--
1305 2377 1348 2414 et
1379 2369 1729 2430 Lupercalibus,
1753 2387 1843 2431 pro
1874 2374 2051 2417 Rostris
2080 2391 2108 2417 a
2192 2369 2196 2375 ’

276 2451 454 2497 consule
484 2449 671 2495 Antonio
703 2447 928 2492 admotum
959 2450 1142 2508 saepius
1179 2449 1322 2508 capiti
1349 2463 1430 2498 suo
1459 2447 1662 2492 diadema
1693 2447 1939 2508 repulerit,
1973 2457 2109 2510 atque

274 2532 323 2574 in
354 2525 622 2589 Capitolium
646 2527 742 2568 Iovi
781 2526 957 2585 Optimo
984 2527 1179 2569 Maximo
1207 2526 1393 2569 miserit.
1440 2525 1584 2569 Livius
1613 2525 1727 2585 Epit.
1747 2529 1850 2570 116.
1883 2527 1920 2570 A
1945 2528 2002 2571 M.
2020 2529 2108 2571 An·

276 2607 396 2652 tonio
423 2605 600 2650 consule
639 2603 807 2663 collega
845 2618 950 2655 sua,
984 2603 1102 2646 inter
1136 2606 1355 2663 Lupercos
1395 2611 1596 2647 currente
1629 2602 1831 2646 diadema
1858 2607 1999 2664 copiti
2024 2621 2105 2649 suo
2184 2623 2187 2626 ’

275 2686 534 2748 impositum
566 2683 613 2726 in
641 2680 754 2724 sella
780 2681 992 2740 reposuit.
1041 2679 1124 2724 Cic.
1161 2680 1268 2725 Phil.
1290 2694 1340 2725 11.
1374 2697 1410 2725 c.
1429 2684 1501 2725 34.
1533 2684 1604 2724 85.
1639 2679 1826 2724 Sedebat
1854 2682 1901 2724 in
1927 2684 2104 2726 Rostris

275 2763 444 2824 collega
475 2770 605 2816 tuus,
638 2759 830 2802 amictus
858 2765 960 2817 toga
973 2774 1230 2818 purpurea,
1259 2760 1307 2802 in
1331 2758 1446 2803 sella
1470 2775 1628 2824 aurea,
1660 2766 1906 2803 coronatus.
1939 2760 2104 2805 Escen-

276 2842 373 2897 dis,
407 2838 579 2883 accedis
601 2835 662 2880 ad
687 2835 843 2878 sellam
861 2868 874 2890 7
909 2834 998 2891 (ita
1025 2851 1123 2877 eras
1150 2837 1401 2898 Lupercus,
1434 2846 1487 2882 ut
1514 2845 1556 2882 te
1578 2835 1798 2881 consulem
1830 2853 1923 2881 esse
1955 2841 2104 2882 memi-
2187 2855 2189 2858 ·

273 2921 394 2964 nisse
428 2917 633 2974 deberes)
667 2913 873 2957 diadema
907 2911 1115 2956 ostendis.
1170 2915 1370 2960 Gemitus
1418 2923 1510 2960 toto
1538 2915 1662 2974 foro.
1711 2913 1829 2958 Unde
1861 2914 2105 2960 diadema?
2173 2962 2183 2971 ,

223 3033 228 3038 .
272 2999 366 3042 Non
393 2996 508 3040 enim
534 2993 750 3037 abiectum
782 2988 1033 3033 sustuleras
1050 3023 1062 3044 ,
1097 2990 1176 3034 sed
1209 2992 1430 3036 attuleras
1467 2991 1592 3036 domo
1623 2991 1886 3037 meditatum
1916 3002 1961 3038 et
1987 2995 2104 3055 cogi·
2170 3053 2175 3056 ἢ

271 3083 416 3120 tatum
448 3072 606 3116 scelus.
674 3072 738 3113 Tu
767 3066 970 3112 diadema
1005 3067 1257 3128 imponebas
1292 3087 1390 3114 cum
1414 3070 1632 3131 plangore
1659 3071 1852 3132 populi:
1885 3071 1964 3116 ille
2002 3089 2102 3116 cum
2173 3058 2185 3105 s?

263 3153 437 3215 plausu
453 3149 692 3195 reiiciebat.
731 3151 767 3191 T
762 3166 793 3219 u
811 3162 911 3207 ergo
927 3162 1065 3201 uuus⁷
1085 3146 1317 3202 scelerate,
1346 3149 1550 3192 inventus
1567 3165 1634 3205 es,
1652 3151 1732 3210 qui
1738 3185 1750 3199 .
1783 3168 1919 3211 quum
1945 3158 2101 3195 auctor
2164 3166 2167 3173 ·

272 3231 398 3291 regni
426 3243 542 3273 esses
561 3260 573 3282 ‚
603 3243 700 3270 eum
712 3259 729 3286 ‚v
765 3242 892 3286 quem
920 3224 1130 3285 collegam
1172 3225 1379 3280 habebas,
1418 3225 1640 3269 dominum
1670 3227 1825 3272 habere
1856 3228 2019 3284 velles,
2056 3237 2100 3273 et
2174 3218 2205 3279 ,J

271 3309 388 3352 idem
409 3314 626 3359 tentares,
663 3304 775 3364 quid
792 3303 992 3364 populus
1013 3305 1236 3346 Romanus
1252 3302 1382 3361 ferre
1410 3310 1454 3347 et
1472 3305 1580 3364 pati
1597 3313 1767 3365 posset.
1800 3306 1864 3350 ld.
1897 3320 1966 3350 ιιι.
2000 3322 2035 3350 c.
2054 3312 2095 3350 5.
2159 3299 2198 3370 1³J„·3

270 3389 344 3430 1-2.
374 3397 478 3429 xm.
511 3399 548 3426 c.
568 3386 641 3426 15.
666 3385 740 3425 31.
785 3381 963 3442 Appian.
996 3385 1042 3425 B.
1061 3384 1104 3425 C.
1136 3394 1185 3425 ιι.
1218 3397 1253 3425 c.
1273 3385 1374 3426 109.
1419 3381 1668 3443 Θεώμενον
1693 3383 1843 3429 αὐτὸν
1869 3383 1920 3429 ἐν
1948 3383 2109 3450 ἀγορᾷ.
2160 3367 2197 3439 :32²

274 3467 331 3510 τά
366 3463 707 3521 Λουπερκάλια
749 3459 832 3506 ἐπὶ
864 3462 1047 3521 θρόνου
1081 3457 1315 3519 χρυσέου,
1365 3460 1458 3522 πρὸ
1498 3463 1590 3507 τῶν
1622 3462 1874 3523 ἒμβόλων,
1913 3462 2096 3510 ’Λντώ-

270 3559 403 3600 νιος,
438 3531 690 3586 {newsum
718 3541 811 3586 σύν
847 3539 979 3601 αὐτῷ
997 3542 1235 3600 Καίσαρι,
1276 3542 1355 3584 καὶ
1391 3540 1610 3588 διαθέων
1639 3544 1753 3588 τότε
1780 3544 1953 3605 γυμνὸς
1985 3543 2093 3602 ἄλη·
