2150 3990
249 241 350 289 156
475 263 477 266 <
801 253 1046 305 ,menno
1093 253 1161 289 or.
1213 252 1344 289 v1TA
1393 253 1495 290 suA

242 385 379 457 quod
414 387 714 440 faciendum
750 371 878 450 suit,
918 387 1150 458 primum
1180 386 1378 443 factum
1412 394 1570 457 atque
1591 392 1920 439 transactum
1949 394 2046 440 est.

245 486 377 540 Nam
417 486 472 539 P.
509 486 799 550 LentUIUS,
839 503 1196 558 quamquam,
1246 485 1525 557 patefactis
1560 483 1777 538 indiciis
1828 491 1880 538 et
1931 502 2050 539 con-

247 585 563 645 fessionibus
614 587 762 651 suiS,
801 587 1000 643 iudicio
1039 594 1254 642 senatus
1298 603 1402 640 non
1443 585 1596 639 modo
1634 586 1893 657 praetoris
1932 586 2052 649 iuS‚

244 702 430 741 verum
463 686 627 740 etiam
665 687 800 742 civis
839 687 1119 750 amiserat,
1167 694 1345 741 tamen
1380 686 1700 756 magistratu
1738 701 1794 738 se
1845 684 2052 740 abdica-

244 787 348 840 vit:
390 792 479 850 ut,
519 804 655 858 quae
686 787 873 857 religio
911 787 965 840 C.
986 787 1179 850 Mario,
1219 786 1515 840 clarissimo
1546 787 1690 851 viro,
1729 803 1833 839 non
1855 783 2054 849 fuerat,

246 902 350 956 quo
381 887 561 942 minus
599 887 652 940 C.
688 886 961 940 Glauciam
984 927 997 948 ‚
1038 885 1102 962 de
1145 902 1248 956 quo
1287 885 1422 940 nihil
1459 887 1774 941 nominatim
1815 893 1931 940 erat
1967 880 2053 939 de-

245 993 452 1040 cretum
474 1027 488 1049 ,
539 992 839 1057 praetorem
883 984 1183 1049 occideret,
1236 1001 1297 1039 ea
1334 1001 1432 1040 nos
1468 985 1723 1056 religione
1761 987 1816 1040 in·
1848 986 2056 1056 privato

244 1085 299 1138 P.
334 1084 559 1140 Lentulo
596 1084 864 1156 puniendo
901 1084 1267 1141 liberaremur.

323 1285 507 1341 XXVI.
587 1289 674 1340 82.
719 1286 855 1342 Tum
878 1292 893 1323 ¹
948 1303 1045 1357 ego
1084 1287 1294 1342 institui
1335 1286 1534 1341 referre
1579 1286 1646 1342 ad
1695 1287 1878 1341 Patres
1928 1286 2056 1340 Con*

247 1386 502 1458 scriptoS‚
541 1391 816 1457 tamquam
850 1387 1149 1457 integrum,
1189 1393 1243 1441 et
1274 1386 1338 1442 de
1365 1386 1534 1452 facto,
1572 1386 1702 1458 quid
1728 1385 2059 1449 iudicarent,

249 1492 301 1540 et
339 1485 403 1541 de
442 1502 645 1558 poena,
699 1486 828 1557 quid
866 1492 1160 1541 censerent.
1239 1487 1427 1542 Duae²
1475 1485 1650 1540 dictae
1687 1492 1815 1540 sunt
1853 1491 2060 1540 senten-

248 1586 388 1640 tiae:
441 1603 549 1641 una
587 1587 664 1641 D.
685 1586 887 1651 Silani,
938 1587 1031 1657 qui
1072 1586 1354 1651 censebat,
1408 1603 1530 1650 eoS,
1581 1586 1676 1657 qui
1714 1585 1844 1640 haec
1889 1584 2063 1640 delere

250 1687 426 1740 conati
466 1692 619 1740 erant
637 1728 653 1750 ‚
704 1691 877 1740 morte
915 1702 1030 1739 esse
1068 1685 1437 1740 mulctandos:
1490 1685 1656 1740 altera
1694 1685 1748 1740 C.
1789 1686 2027 1742 Caesaris
2047 1728 2062 1750 ,

247 1786 340 1856 qui
392 1785 581 1841 mortis
634 1801 862 1856 poenam
921 1785 1226 1840 removebat
1245 1829 1260 1851 ,
1320 1793 1621 1842 ceterorum
1679 1786 2063 1859 suppliciorum

248 1902 431 1940 omnes
481 1885 798 1940 acerbitates
843 1885 1280 1957 amplectebatur.
1361 1887 1594 1958 Uterque
1633 1893 1687 1941 et
1723 1903 1819 1958 pro
1852 1904 1949 1942 sua
1987 1886 2063 1941 di·-

247 1987 453 2056 gnitate
502 1993 556 2040 et
606 2004 702 2058 pro
753 2003 935 2040 rerum
986 1987 1358 2057 magnitudine
1411 1988 1467 2042 in
1519 2003 1732 2041 summa
1780 1988 2062 2042 severitate

249 2085 577 2140 versabatur.
658 2086 814 2142 Alter
844 2103 932 2140 eos
953 2128 968 2150 ,
1020 2087 1113 2157 qui
1154 2104 1248 2141 nos
1280 2103 1464 2142 omnes
1485 2127 1499 2151 ‚
1538 2087 1631 2158 qui
1669 2085 1924 2158 populum
1963 2087 2062 2141 Ro-

249 2201 470 2251 manum
519 2185 632 2239 vita
682 2185 894 2256 privare
945 2187 1122 2241 conati
1161 2193 1324 2251 sunt,
1376 2187 1468 2259 qui
1515 2186 1691 2241 delere
1741 2181 2031 2259 imperium
2049 2230 2064 2252 ‚

252 2286 344 2357 qui
382 2285 562 2357 populi
601 2286 825 2340 Romani
864 2302 1056 2340 nomen
1094 2287 1438 2357 exstinguere
1456 2329 1471 2351 ,
1511 2293 1772 2358 punctum
1810 2288 2068 2358 temporis

252 2386 362 2440 frui·
391 2386 503 2439 vita
534 2392 588 2440 et
620 2385 718 2440 hoc
752 2388 1024 2445 communi
1054 2387 1251 2457 spiritu
1276 2403 1380 2444 non
1414 2392 1580 2458 putat
1599 2391 1868 2458 oportere,
1908 2393 2070 2458 atque

254 2486 353 2542 hoc
386 2502 556 2556 genus
582 2502 782 2557 poenae
819 2503 975 2557 saepe
1008 2488 1064 2546 in
1099 2486 1368 2558 improbos
1400 2487 1543 2540 cives
1576 2487 1631 2540 in
1665 2487 2070 2559 hacrepublica

255 2604 370 2646 esse
429 2593 748 2658 usurpatum
780 2580 1136 2641 recordatur.
1215 2587 1365 2642 Alter
1415 2586 1701 2658 intelligit,
1759 2594 1988 2643 mortem
2038 2606 2071 2644 a

257 2688 360 2742 diis
411 2686 804 2748 immortalibus
843 2704 948 2741 non
999 2704 1116 2742 esse
1155 2687 1405 2760 supplicii
1445 2699 1636 2743 caussa
1685 2689 2033 2745 constitutam
2055 2734 2069 2756 ‚

256 2788 347 2857 sed
380 2782 476 2849 aut
524 2788 898 2851 necessitatem
951 2795 1176 2847 naturae
1214 2795 1309 2847 aut
1347 2789 1588 2844 laborum
1627 2807 1689 2844 ac
1728 2791 2069 2846 miseriarum

255 2888 491 2960 quietem
529 2906 660 2943 esse.
739 2889 1044 2961 Municipiis
1077 2889 1349 2961 dispertiri
1390 2890 1552 2945 iubet.
1613 2891 1912 2963 Adiungit³
1950 2904 2068 2963 gra-

257 3005 375 3043 vem
414 3005 637 3060 poenam
683 2988 1045 3060 municipibus
1066 3032 1079 3053 ,
1119 2991 1165 3042 si
1206 2990 1327 3061 quis
1363 3007 1548 3044 eorum
1581 2991 1795 3046 vinc'ula
1826 2994 2067 3064 ruperit:

257 3088 538 3151 horribiles
575 3088 844 3143 custodias
893 3089 1194 3144 circumdat
1245 3097 1298 3144 et
1342 3090 1504 3162 digna
1553 3091 1752 3146 scelere
1790 3092 2065 3147 hominum

255 3190 589 3261 ‘perditorum
630 3190 836 3254 sancit,
897 3206 962 3244 ne
999 3191 1120 3261 quis
1165 3208 1350 3245 eorum
1389 3207 1647 3263 poenam,
1705 3209 1837 3264 quos
1883 3193 2068 3247 conde-

259 3296 436 3352 mnat,
477 3296 568 3343 aut
588 3307 683 3359 per
708 3297 959 3344 >senatum
981 3297 1074 3345 aut
1108 3308 1201 3362 per
1234 3291 1487 3363 populum
1509 3291 1683 3346 levare
1703 3294 1894 3364 possit:
1937 3293 2073 3348 bona

267 3433 472 3448 ,φ-

322 3526 363 3583 ¹.J
394 3523 436 3567 in
472 3524 596 3575 Catil.
613 3527 688 3569 w.
715 3542 752 3570 o.
772 3531 812 3572 3.
849 3530 884 3584 ᾖ.
907 3533 947 3573 6.
981 3553 1037 3562 —-
1072 3531 1110 3587 2)
1144 3526 1252 3573 ibid.
1287 3546 1321 3574 c.
1342 3531 1379 3572 4.
1413 3532 1496 3586 §7-
1531 3555 1586 3562 —-
1622 3529 1662 3588 5)
1695 3527 1802 3574 lbid.
1838 3531 1873 3586 ᾗ.
1895 3533 1933 3573 8.
