2210 3970
439 233 492 286 L.
519 234 626 288 vn.
671 229 924 288 0.xxlx.
966 232 1004 303 g
1032 234 1098 284 78
1138 262 1212 270 -
1251 248 1295 283 ω.
1322 231 1503 285 xxxi.
1549 231 1698 303 382.
1871 235 1975 284 527

255 482 414 538 XXX.
493 487 582 540 80.
625 483 728 537 Sed
779 483 942 537 nimis
988 482 1121 536 haec
1169 480 1339 535 multa
1389 480 1456 536 (le
1501 492 1623 547 me,
1674 481 1989 551 praesertim

182 598 350 654 quum
388 582 454 638 de
474 589 491 621 ¹
533 584 808 655 triumpho
847 582 998 638 nulla
1032 598 1118 637 me
1156 580 1426 654 cupiditas
1463 597 1719 653 umquam
1761 581 1997 636 tenuerit

181 687 305 736 ante
342 681 515 742 Bibuli
549 682 1043 754 impudentissimas
1074 681 1310 748 litteras,
1349 698 1485 754 quas
1509 681 1839 754 amplissime
1874 697 2000 753 sup-

180 780 395 854 plicatio
432 789 732 838 -consecuta
776 789 874 839 est.
972 784 1016 839 A
1062 798 1172 856 quo
1202 783 1249 838 si
1300 798 1364 838 ea
1408 790 1558 856 gesta
1595 789 1775 839 essent
1794 825 1808 848 ,
1859 797 1998 855 quae

180 881 432 954 scripsit,
489 883 779 955 gauderem
800 926 815 950 ,
863 891 917 940 et
956 884 1143 941 honori
1183 884 1450 941 faverem:
1484 900 1638 940 *nune
1677 884 1828 939 illum
1850 926 1866 950 ,
1900 884 2002 954 qui

178 981 367 1055 pedem
406 989 588 1056 porta,
627 984 802 1057 quoad
840 984 1009 1041 hostis
1046 986 1127 1041 cis
1163 985 1493 1058 Euphratem
1527 984 1665 1050 suit,
1704 999 1810 1039 non
1849 988 1999 1038 extu-

178 1082 303 1139 lerit
322 1126 338 1150 ,
390 1083 589 1140 honore
634 1085 856 1157 augeri,
908 1103 1024 1152 me,
1069 1076 1131 1142 -in
1171 1087 1329 1142 cuius
1373 1087 1616 1142 exercitu
1654 1100 1805 1158 spem
1858 1083 2003 1138 illius

178 1184 448 1239 exa-citus
480 1181 693 1251 habuit,
733 1171 875 1240 idem
907 1203 1015 1240 non
1048 1186 1285 1259 assequi,
1325 1186 1556 1243 dedecus
1586 1192 1713 1243 erat·
1735 1191 2000 1241 nostrum.

179 1282 480 1348 Permulti²
522 1285 677 1338 enim,
721 1283 790 1338 ad
827 1300 915 1338 me
964 1283 1303 1349 detulerunt,
1343 1299 1512 1357 quum
1552 1300 1783 1356 magnus
1820 1283 2001 1339 Antio-

177 1380 330 1438 chiae
374 1389 725 1438 metusesset
764 1390 818 1438 et
855 1398 1052 1455 magna
1091 1399 1212 1455 spes
1251 1385 1307 1438 in
1345 1400 1433 1438 me
1466 1391 1633 1456 atque
1665 1385 1721 1439 in
1760 1384 2001 1439 exercitu

176 1493 320 1548 neo,
351 1480 811 1545 wittenowa&
830 1480 1065 1554 ›quidvis
1090 1499 1148 1538 se
1174 1483 1382 1555 perpeti
1413 1482 1598 1548 malle,
1635 1488 1798 1555 quam
1833 1482 2002 1538 videri

114 1645 119 1653 ,
176 1580 624 1654 eguisse-auxilio
647 1596 800 1637 meo·
878 1584 967 1636 81.
1007 1580 1105 1638 1110
1141 1589 1350 1648 autem,
1390 1599 1559 1656 quum
1595 1582 1666 1639 ad
1705 1581 1999 1639 Thermum

174 1682 241 1738 ‹le
267 1681 517 1738 Parthico
542 1681 679 1749 hello
705 1681 995 1747 scriberet,
1020 1681 1089 1737 ad
1115 1698 1202 1738 me
1230 1682 1468 1738 litteram
1498 1700 1795 1756 numquam
1826 1685 2001 1745 misit:

175 1781 244 1839 ad
281 1772 442 1855 quem
482 1779 815 1854 intelligebat
854 1781 972 1837 eius
1010 1780 1134 1838 belli
1173 1775 1477 1855 perieulum
1517 1784 1803 1856 pertinere.
1893 1785 1962 1840 Et
1981 1791 2002 1823 ³

175 1882 530 1945 animantum
560 1898 699 1955 quas
736 1881 962 1960 Bibulus
992 1883 1202 1940 litteras
1238 1885 1420 1950 misit,
1459 1885 1517 1940 in
1555 1886 1653 1950 iis,
1692 1884 1834 1958 quod
1866 1884 1999 1940 mihi

169 1982 305 2041 ‘nn'
327 1983 418 2040 illo
449 1989 569 2041 erat
603 1996 888 2042 commune
909 2026 925 2050 ,
960 1984 1067 2039 sibi
1105 1984 1204 2040 soli
1244 1984 1520 2040 attribuit:
1561 2002 1619 2041 se
1649 1986 1728 2040 ait
1758 2002 2002 2050 curasse,

178 2083 412 2141 u'tm
428 2085 872 2157 quaestus-populi
897 2085 1139 2157 pecunia
1171 2092 1600 2158 permutaretnn
1634 2086 1779 2159 quod
1816 2093 1999 2143 autem

178 2197 360 2249 mem
387 2189 504 2240 erat
535 2185 843 2258 proprium,
879 2191 940 2240 ut
966 2185 1151 2241 alariis
1182 2186 1580 2259 Transpadanis
1609 2187 1692 2242 uti
1723 2204 2001 2259 negarem,

99 2323 102 2326 -
176 2285 232 2342 id
263 2286 427 2342 etiam
456 2286 656 2359 >populo
686 2303 746 2342 se
779 2287 1054 2342 remisisse
1085 2287 1331 2360 scripsit:
1371 2288 1513 2360 qued
1544 2305 1672 2344 vero
1699 2288 1845 2344 illius
1880 2297 1999 2344 erat

175 2384 368 2451 solitis,
419 2383 733 2442 iafmecum
784 2388 1230 2445 communicavit:
1284 2387 1567 2460 Equitibus
1613 2389 2002 2453 attritior-ibus,

173 2485 350 2559 inquit
368 2525 384 2551 ,
432 2501 596 2558 quum
627 2485 881 2557 *amplius
916 2477 1171 2560 frumenti
1200 2488 1601 2559 postularemus.
1677 2488 1830 2545 -lllud
1869 2506 1996 2545 vero

170 2585 365 2659 pusilli·
382 2586 551 2641 animi
581 2592 639 2643 et
664 2586 780 2659 ipsa
812 2586 1189 2644 malevolentia
1213 2589 1380 2645 ieiuni
1411 2597 1575 2663 atque
1606 2591 1814 2656 inaniS,
1849 2592 2014 2663 quod.

170 2684 604 2751 Ariobarzanem,
663 2686 797 2759 quia
854 2694 1074 2743 senatus
1142 2705 1239 2762 per
1303 2706 1391 2746 me
1459 2707 1641 2763 regem
1706 2691 1991 2764 appellavit

171 2784 414 2857 mihique
432 2786 850 2851 commendavit,
890 2788 992 2843 iste
1019 2789 1075 2844 in
1107 2788 1304 2845 litteris
1337 2806 1440 2845 non
1475 2807 1686 2862 regem,
1725 2790 1817 2846 sed
1845 2793 1990 2862 regis

173 2884 562 2943 Ariobarzanis
581 2886 752 2943 fliium
791 2888 1041 2961 appellat.

176 3118 182 3122 ·
249 3086 435 3143 XXXI.
479 3103 483 3107 ·
514 3090 602 3142 82.
636 3087 747 3166 *Sed
767 3094 789 3127 ⁴
826 3090 1122 3147 amicorum
1162 3091 1373 3148 litterae
1413 3107 1501 3146 me
1543 3091 1610 3146 ad
1650 3092 1985 3165 triumphum

173 3186 431 3242 vocabant
450 3228 465 3252 ,
503 3219 578 3230 --
615 3205 730 3244 rem
768 3206 799 3244 a
839 3189 991 3245 nohis
1009 3232 1024 3256 ,
1063 3198 1125 3246 ut
1156 3209 1253 3262 ego
1292 3191 1524 3245 arbitror
1542 3230 1559 3257 ,
1598 3198 1815 3263 propter
1847 3192 1983 3248 hanc

230 3453 267 3511 ¹)
299 3451 352 3496 ad
378 3457 470 3498 Att.
498 3455 592 3500 vu.
613 3455 655 3497 2.
691 3456 774 3512 56.
810 3480 866 3489 —
895 3458 940 3516 2)
970 3456 1104 3516 Epist.
1135 3457 1189 3503 ad
1214 3457 1360 3502 Cauin.
1387 3456 1631 3503 Salustium
1667 3457 1739 3514 (ad
1774 3462 1891 3506 Fam.
1926 3465 1978 3506 ll.

178 3528 248 3573 17.
282 3530 388 3590 §o.)
418 3555 482 3570 -.
513 3532 553 3589 ⁵)
585 3530 693 3576 lbid.
722 3533 806 3588 §7-
842 3560 898 3567 —
930 3535 972 3592 4)
1003 3533 1056 3580 ad
1088 3538 1181 3580 Att.
1214 3537 1282 3578 vl.
1318 3539 1359 3580 6.
1391 3538 1475 3596 §4-
