2210 3970
277 217 382 266 504
861 226 1070 266 CICERO
1118 229 1185 264 DE
1241 225 1377 266 νιΤΑ
1431 228 1535 266 SUA

266 363 400 416 mihi
454 362 600 416 faveo
640 363 694 414 in
738 368 919 417 nostra
958 362 1198 417 amicitia
1237 360 1472 425 tuenda,
1530 376 1691 431 quam
1732 360 1857 421 tihi;
1910 367 2088 417 tamen

264 463 433 518 multo
485 463 657 533 magis
703 479 821 517 meo
861 461 1001 516 facto
1052 461 1314 525 delector,
1364 477 1527 532 quam
1579 467 1690 516 tuo.
1781 460 1893 531 Ego
1945 462 2087 516 enim

263 563 534 618 Brundisii
586 564 826 635 quaesivi
877 580 942 619 ex
994 563 1231 627 Phania,
1285 562 1441 617 cuius
1491 561 1628 616 mihi
1671 559 1889 616 videbar
1928 567 1982 614 et
2034 559 2088 614 fi-

261 662 535 718 delitatem
580 680 708 734 erga
751 669 807 718 te
839 664 1172 736 perspexisse
1209 668 1263 718 et
1302 678 1456 716 nosse
1494 661 1700 725 locum,
1752 677 1914 731 quem
1948 661 2090 732 apud

260 770 313 818 te
347 763 393 818 is
436 770 672 827 teneret,
725 779 888 835 quam
921 763 976 817 in
1015 769 1226 834 partem
1263 762 1569 834 provinciae
1605 760 1839 816 maxime
1877 766 2094 830 putaret

260 872 312 918 te
357 862 490 917 velle
536 869 596 916 ut
649 863 704 914 in
751 860 1086 916 succedendo
1137 863 1375 932 primum
1426 863 1684 917 venirem.
1783 861 1961 928 Quum
2000 859 2091 914 ille

259 963 390 1018 mihi
425 961 810 1034 respondisset,
852 960 987 1014 nihil
1015 976 1103 1014 me
1136 961 1233 1014 tibi
1267 961 1475 1031 gratius
1503 961 1678 1016 facere
1710 978 1887 1032 posse,
1926 976 2091 1033 quam

256 1064 301 1117 si
341 1063 407 1117 ad
448 1061 632 1117 Sidam
673 1062 1039 1132 navigassem,
1079 1062 1181 1115 etsi
1214 1063 1396 1116 minus
1428 1061 1710 1132 dignitatis
1743 1061 1969 1116 habebat
2003 1060 2091 1116 ille

255 1162 546 1227 adventus,
585 1169 640 1218 et
679 1161 746 1217 ad
785 1160 985 1217 multas
1019 1178 1105 1215 res
1138 1160 1274 1215 mihi
1307 1162 1490 1216 minus
1529 1168 1646 1216 erat
1684 1166 1874 1232 aptuS,
1907 1168 2087 1215 tamen

257 1265 332 1318 ita
383 1280 469 1318 me
515 1262 628 1318 dixi
681 1261 972 1318 facturum.
1067 1264 1155 1316 29.
1197 1259 1346 1321 Idem
1397 1278 1495 1332 ego
1539 1277 1708 1334 quum
1754 1260 1812 1316 L.
1846 1259 2089 1316 Clodium

251 1365 516 1439 Corcyrae
554 1364 955 1428 convenissem,
1008 1360 1282 1418 hominem
1327 1363 1403 1418 ita
1447 1361 1547 1416 tihi
1591 1362 1973 1426 coniunctum,
2026 1369 2089 1415 ut

251 1463 417 1530 mihi,
455 1480 582 1520 cum
620 1463 711 1519 illo
749 1480 919 1536 quum
957 1462 1206 1535 loquerer
1224 1504 1239 1527 ,
1291 1469 1473 1518 tecum
1511 1462 1658 1534 loqui
1690 1461 1935 1524 viderer;
1972 1460 2089 1516 dixi

250 1565 349 1629 ei,
368 1582 457 1620 me
490 1565 568 1620 ita
598 1562 871 1619 facturum
903 1580 1046 1628 esse,
1085 1569 1148 1618 ut
1181 1564 1238 1618 in
1264 1580 1384 1619 eam
1415 1569 1650 1635 partem,
1690 1570 1851 1633 quam
1881 1562 2084 1618 Phania

247 1672 518 1737 rogasset,
557 1665 798 1737 primum
835 1665 1094 1719 venirem.
1176 1664 1328 1718 Tunc
1361 1661 1478 1727 ille,
1517 1661 1653 1718 mihi
1677 1679 1846 1735 quum
1879 1663 2091 1734 gratias

247 1765 473 1838 egisset,
514 1781 709 1838 niagno
742 1781 900 1838 opere
933 1781 965 1820 a
1002 1781 1090 1819 me
1121 1764 1343 1836 petivit,
1383 1769 1447 1818 ut
1482 1761 1798 1818 Laodiceam
1835 1763 2087 1835 protinus

246 1868 410 1922 irem:
450 1873 505 1922 te
550 1867 607 1922 in
645 1867 823 1940 prima
860 1866 1138 1939 provincia
1177 1864 1310 1920 velle
1349 1881 1501 1930 esse,
1540 1870 1603 1920 ut
1639 1881 1804 1937 quam
1842 1865 2080 1937 primum

245 1967 562 2028 decederes:
611 1968 744 2041 quin
763 2010 782 2033 ,
839 1967 945 2022 nisi
985 1983 1083 2039 ego
1122 1983 1403 2022 successor
1439 1982 1643 2031 essem,
1689 1981 1850 2039 quem
1891 1972 1955 2021 tu
1991 1981 2082 2020 cu·

245 2085 403 2141 peres
420 2068 646 2133 videre,
695 2075 750 2124 te
781 2073 965 2133 antea,
1004 2083 1169 2139 quam
1202 2067 1303 2122 tihi
1334 2081 1648 2122 successum
1684 2072 1828 2122 esset
1846 2106 1864 2130 ,
1901 2065 2081 2120 deces-

242 2185 434 2224 surum
486 2168 686 2224 fuisse:
739 2167 883 2241 quod
935 2167 1154 2240 quidem
1200 2175 1318 2223 erat
1369 2173 1790 2223 consentaneum
1835 2183 1961 2221 cum
2013 2167 2086 2220 iis-

240 2267 463 2335 litteriS,
503 2286 639 2341 quas
676 2285 774 2340 ego
814 2269 1014 2324 Romae
1046 2284 1382 2341 acceperam;
1420 2283 1487 2323 ex
1518 2265 1715 2340 quibus
1743 2267 2076 2339 perspexisse

242 2368 376 2424 mihi
415 2369 663 2436 videbar,
703 2386 868 2442 quam
901 2368 1186 2426 festinares
1217 2368 1492 2442 decedere.
1571 2366 1840 2441 Respondi
1872 2367 2077 2432 Clodio,

240 2485 328 2524 me
367 2470 443 2524 ita
481 2487 598 2525 esse
636 2470 910 2526 facturum
931 2512 948 2535 ,
999 2488 1062 2526 ac
1100 2470 1273 2526 multo
1311 2469 1530 2542 quidem
1570 2468 1827 2524 libentius
1846 2511 1861 2534 ,
1913 2486 2075 2540 quam

175 2626 178 2633 ,
240 2571 286 2625 si
325 2569 460 2625 illud
499 2577 641 2626 esset
678 2569 1016 2653 faciendum,
1067 2570 1210 2642 quod
1248 2571 1601 2642 promiseram
1641 2569 1891 2624 Phaniae.
1971 2570 2073 2624 Ita·

240 2676 351 2742 que'
377 2677 430 2727 et
469 2670 757 2725 consilium
789 2670 1034 2734 mutavi,
1073 2676 1128 2725 et
1166 2670 1236 2725 ad
1267 2677 1322 2725 te
1360 2670 1548 2726 statim
1585 2685 1705 2725 mea
1743 2687 1909 2724 manu
1941 2671 2071 2725 scri·

239 2777 358 2842 ptas
383 2770 606 2826 'litteras
638 2771 782 2826 misi.
874 2775 963 2826 50.
1006 2770 1117 2826 Hoc
1155 2788 1255 2843 ego
1292 2788 1412 2827 meo
1450 2770 1591 2827 facto
1629 2770 1782 2826 valde
1820 2771 2073 2826 delector.

239 2870 384 2924 Nihil
423 2871 568 2925 enim
600 2870 778 2943 potuit
810 2869 927 2926 fieri
957 2873 1244 2926 amantius,
1324 2871 1613 2927 Considera
1645 2888 1790 2926 nunc
1828 2872 2071 2927 vicissim

238 2978 419 3030 tuum.
494 2970 609 3026 Non
655 2970 813 3025 modo
858 2970 933 3025 ibi
979 2988 1085 3026 non
1130 2970 1311 3038 fuisti,
1364 2972 1456 3027 uhi
1501 2988 1588 3027 me
1623 2988 1790 3044 ,quam
1834 2972 2072 3044 primum

238 3071 420 3127 videre
458 3088 668 3145 posseS,
722 3071 814 3126 sed
854 3089 915 3126 eo
953 3070 1286 3137 discessisti,
1339 3090 1445 3144 quo
1477 3090 1575 3144 ego
1621 3079 1675 3127 te
1715 3090 1782 3126 ne
1820 3073 2068 3144 persequi

238 3172 456 3243 quidem
502 3187 713 3242 possem
761 3172 988 3243 triginta
1034 3172 1222 3227 diebus
1242 3215 1257 3237 ,
1309 3174 1404 3245 qui
1443 3173 1541 3227 tihi
1590 3172 1657 3227 ad
1704 3172 2070 3227 decedendum

235 3273 350 3343 lege
387 3273 471 3347 (ut
503 3272 711 3346 opinor)
753 3273 996 3328 Cornelia
1028 3275 1310 3328 constituti
1339 3281 1537 3330 essent:
1581 3281 1642 3329 ut
1672 3281 1829 3329 tuum
1864 3273 2069 3329 factum

236 3373 335 3437 iis,
374 3373 498 3445 qui,
538 3390 644 3444 quo
683 3375 864 3429 animo
902 3376 1046 3430 inter
1085 3392 1180 3429 nos
1219 3376 1419 3440 simus=‚
1459 3376 1736 3447 ignorent,
1777 3375 1939 3430 alieni
1978 3375 2066 3429 ho-

236 3473 398 3528 minis
440 3471 523 3546 (ut
550 3471 823 3530 lenissime
853 3474 1049 3547 dicam)
1086 3481 1140 3530 et
1175 3474 1430 3544 fugientis
1468 3491 1845 3545 congressum,
1886 3491 2065 3531 meum
