2150 3990
283 225 385 274 150
876 232 1082 271 clei-:no
1130 233 1197 270 nn
1246 233 1380 272 v1rA
1428 234 1528 273 sua
1576 266 1579 271 .

277 373 488 443 pontem
543 366 797 423 Mulvium
837 375 1194 439 pervenerunt
1232 374 1391 440 atque
1437 368 1509 421 ibi
1557 369 1610 420 in
1652 368 1908 438 proximis
1946 369 2084 423 villis

277 471 354 524 ita
385 469 638 542 bipartito
671 468 913 533 fuerunt,
953 475 1013 523 ut
1047 468 1252 523 Tiberis
1280 470 1423 523 inter
1447 485 1534 522 eos
1561 473 1618 522 et
1634 484 1767 538 pons
1786 468 2082 524 interesset.

173 558 176 561 ’
277 570 475 625 Eodem
528 575 706 624 autem
759 577 814 624 et
863 570 965 642 ipsi
1011 570 1125 625 sine
1178 570 1496 639 cuiusquam
1543 569 1845 639 suspicione
1889 569 2087 623 multos

276 669 438 723 fortes
470 670 613 724 viros
651 669 976 734 eduxerunt,
1015 675 1069 724 et
1100 685 1197 740 ego
1228 686 1293 723 ex
1324 667 1659 741 praefectura
1691 658 1922 723 Reatina*
1947 687 2086 724 com·

274 771 454 843 plures
485 770 714 826 delectos
743 770 1128 835 adolescentes,
1168 785 1397 841 quorum
1430 784 1588 841 opera
1613 770 1668 823 in
1701 770 1974 841 republica
2006 786 2086 824 as·

273 871 427 925 sidue
460 870 679 934 utebar,
716 869 980 940 praesidio
1012 885 1136 922 cum
1165 868 1356 939 gladiis
1387 869 1656 924 miseram.
1736 873 1825 924 67.
1867 869 2087 923 Interim

275 971 436 1025 tertia
458 969 567 1024 fere
587 969 772 1040 vigilia
791 975 1004 1033 exacta,
1034 985 1201 1039 quum
1231 969 1337 1022 iam
1365 975 1581 1040 pontem
1605 969 1862 1024 Mulvium
1895 985 2089 1039 magno

275 1071 534 1124 comitatu
566 1069 727 1140 legati
761 1067 1103 1139 Allobrogum
1143 1068 1351 1139 ingredi
1386 1069 1684 1140 inciperent
1715 1084 1930 1140 unaque
1966 1068 2090 1124 Vul-

273 1171 516 1235 turciuS,
556 1169 615 1224 fit
647 1171 703 1224 in
737 1185 825 1225 eos
864 1169 1129 1241 impetus:
1171 1168 1480 1223 educuntur
1516 1176 1570 1224 et
1602 1169 1667 1224 ab
1699 1170 1805 1224 illis
1839 1169 2000 1241 gladii
2029 1175 2092 1223 et

274 1271 554 1325 anostriS.
633 1270 738 1324 Res
776 1276 892 1324 erat
929 1268 1266 1341 praetoribus
1306 1275 1430 1323 nota
1475 1269 1601 1324 solis
1621 1311 1636 1335 ,
1676 1270 2033 1341 ignorabatur.
2062 1286 2092 1323 a

274 1356 486 1426 ceteris,
565 1372 732 1436 Tum,
773 1372 1079 1425 interventu
1125 1370 1395 1442 Pomptini
1434 1377 1595 1442 atque
1639 1370 1847 1436 Flacci,
1885 1387 2094 1443 pugna,

275 1486 412 1543 quae
438 1477 553 1526 erat
584 1471 899 1535 commissa,
938 1469 1174 1525 sedatur.
1241 1471 1498 1535 Litterae,
1523 1487 1908 1542 ..quaecumque
1940 1474 2094 1524 erant

277 1573 333 1626 in
365 1588 429 1627 eo
453 1572 743 1637 comitatu,
782 1571 1008 1641 integris
1035 1572 1235 1641 signis,
1273 1571 1611 1642 praetoribus
1635 1570 1951 1625 traduntur:
1993 1571 2094 1641 ipsi

277 1671 646 1744 coinprehensi
687 1670 753 1726 ad
794 1687 910 1735 me,
949 1686 1116 1742 quum
1156 1671 1264 1724 iam
1304 1669 1685 1735 dilucesceret,
1737 1669 2093 1724 deducuntur.

277 1770 319 1826 Ο
352 1786 454 1826 nox
478 1778 494 1809 ¹
538 1770 656 1837 illa,
696 1786 833 1843 quae
870 1787 1037 1843 paene
1076 1777 1320 1825 aeternas
1354 1751 1490 1825 hnic
1514 1769 1646 1824 urbi,
1675 1769 1923 1824 tenebras
1955 1775 2094 1824 attu-

277 1871 417 1937 listi,
457 1886 625 1944 quum
658 1872 792 1927 Galli
832 1871 899 1926 ad
931 1871 1158 1935 bellum,
1198 1870 1428 1925 Catilina
1459 1869 1526 1925 ad
1565 1869 1791 1936 Urbem,
1829 1870 2094 1925 coniurati

278 1972 344 2027 ad
382 1972 587 2027 ferrum
621 1979 675 2028 et
708 1972 979 2028 flammam
1023 1971 1378 2028 vocabantur:
1420 1975 1589 2043 quum
1621 1988 1718 2042 ego
1756 1977 1838 2036 te,
1878 1970 2097 2033 Flacce,

280 2073 487 2128 caelum
544 2079 863 2144 noctemque
914 2078 1250 2138 contestanS,
1308 2071 1441 2127 flens
1499 2071 1715 2126 flentem
1767 2070 2097 2126 obtestabar:

278 2188 447 2245 quum
481 2179 606 2228 tuae
639 2172 761 2228 fidei
787 2173 1021 2245 optimae
1059 2178 1115 2228 et
1145 2172 1570 2245 spectatissimae
1603 2171 1831 2226 salutem
1864 2170 2020 2226 Urbis
2046 2176 2099 2224 et

278 2274 480 2329 civium
519 2271 980 2329 commendabam!
1061 2274 1168 2340 Tu,
1206 2280 1297 2339 tu,
1330 2256 1824 2346 Flacce,praetor,
1864 2289 2098 2326 commu-

281 2374 367 2427 nis
402 2375 554 2428 exitii
588 2375 806 2428 nuntios
839 2375 1057 2446 cepisti:
1097 2381 1159 2428 tu
1191 2374 1455 2429 inclusam
1477 2375 1534 2428 in
1560 2372 1758 2427 litteris
1778 2371 2102 2444 reipublicae

280 2480 482 2544 pestem
535 2470 957 2544 deprehendisti:
1011 2479 1072 2527 tu
1116 2474 1478 2545 periculorum
1518 2472 1716 2527 indicia
1737 2515 1755 2538 ,
1806 2479 1867 2527 tu
1912 2472 2100 2526 salutis

281 2573 479 2627 auxilia
512 2573 580 2627 ad
613 2590 698 2627 me
731 2580 784 2628 et
817 2572 883 2628 ad
916 2580 1162 2638 senatum
1190 2574 1441 2629 attulisti.
1520 2574 1667 2642 Quae
1700 2573 1798 2629 tibi
1833 2549 1950 2627 tum
1984 2589 2101 2644 gra-

281 2675 387 2727 tiae
421 2679 547 2727 sunt
579 2689 610 2726 a
642 2689 728 2727 me
767 2674 941 2727 actae!
983 2690 1118 2745 quae
1151 2674 1216 2728 ab
1250 2676 1464 2729 senatu!
1506 2691 1642 2746 quae
1675 2691 1705 2729 a
1743 2674 1895 2728 bonis
1934 2674 2099 2727 omni-

282 2774 406 2827 busl
487 2773 618 2840 Quis
651 2772 778 2837 tibi,
819 2773 940 2844 quis
971 2773 1026 2828 C.
1062 2774 1372 2846 Pomptino,
1413 2773 1704 2829 fortissimo
1736 2774 1881 2838 vir0,
1920 2789 2098 2844 quem-

284 2890 444 2944 quam
477 2872 675 2927 bonum
695 2879 910 2945 putaret
931 2889 1188 2945 umquam
1210 2874 1465 2929 honorem
1485 2873 1656 2929 ullum
1678 2872 2101 2944 denegaturum?

361 3074 525 3129 XXII.
605 3078 693 3130 68.
735 3075 950 3147 Atque²
988 3074 1179 3130 horum
1208 3077 1449 3131 omnium
1475 3076 1739 3132 scelerum
1778 3072 2101 3146 improbissi-

287 3191 436 3230 mum
482 3176 935 3242 machinatorem,
982 3176 1255 3232 Cimbrum
1296 3177 1612 3242 Gabinium,
1645 3176 1847 3231 ‘statim
1886 3174 1952 3230 ad
1992 3189 2104 3237 me,

289 3276 553 3332 nihildum
589 3279 978 3350 suspicantem,
1018 3280 1217 3333 vocavi.
1298 3279 1496 3334 Deinde
1542 3280 1671 3333 item
1717 3277 2008 3333 arcessitur
2046 3274 2100 3325 P.-

270 3574 271 3577 ,
353 3529 390 3583 ι)
411 3541 486 3587 pro
513 3524 660 3570 Flacco
691 3541 726 3568 c.
748 3528 816 3568 40.
853 3527 995 3582 §102
1031 3551 1087 3559 -
1122 3527 1163 3583 ²)
1193 3525 1236 3570 in
1269 3525 1391 3571 Catil.
1429 3530 1543 3571 lus.
1564 3530 1603 3571 3.
1639 3529 1723 3582 §6.
