<?xml version="1.0" encoding="UTF-8"?>
<!DOCTYPE html PUBLIC "-//W3C//DTD XHTML 1.0 Transitional//EN"
    "http://www.w3.org/TR/xhtml1/DTD/xhtml1-transitional.dtd">
<html xmlns="http://www.w3.org/1999/xhtml" xml:lang="en" lang="en">
 <head>
  <title>
</title>
<meta http-equiv="Content-Type" content="text/html;charset=utf-8" />
  <meta name='ocr-system' content='tesseract 3.04.00' />
  <meta name='ocr-capabilities' content='ocr_page ocr_carea ocr_par ocr_line ocrx_word'/>
</head>
<body>
  <div class='ocr_page' id='page_1' title='image "./mtulliiciceronis00suriuoft/mtulliiciceronis00suriuoft_0764.png"; bbox 0 0 2210 3970; ppageno 0'>
   <div class='ocr_carea' id='block_1_1' title="bbox 250 248 1625 299">
    <p class='ocr_par' dir='ltr' id='par_1_1' title="bbox 250 248 1625 299">
     <span class='ocr_line' id='line_1_1' title="bbox 250 248 1625 299; baseline -0.007 0"><span class='ocrx_word' id='word_1_1' title='bbox 250 248 356 299; x_wconf 81' lang='lat'><em>758</em></span> <span class='ocrx_word' id='word_1_2' title='bbox 728 253 1057 291; x_wconf 78' lang='lat' dir='ltr'><strong>ANNALES</strong></span> <span class='ocrx_word' id='word_1_3' title='bbox 1116 252 1625 290; x_wconf 69' lang='lat' dir='ltr'><em>clcssnonlAM.</em></span> 
     </span>
    </p>
   </div>
   <div class='ocr_carea' id='block_1_2' title="bbox 256 380 2106 987">
    <p class='ocr_par' dir='ltr' id='par_1_2' title="bbox 256 380 2106 987">
     <span class='ocr_line' id='line_1_2' title="bbox 256 380 2088 448; baseline -0.004 -13"><span class='ocrx_word' id='word_1_4' title='bbox 256 391 353 448; x_wconf 79' lang='lat' dir='ltr'><em>tur)</em></span> <span class='ocrx_word' id='word_1_5' title='bbox 400 393 606 433; x_wconf 88' lang='lat' dir='ltr'><em>cunctum</em></span> <span class='ocrx_word' id='word_1_6' title='bbox 639 390 872 437; x_wconf 83' lang='lat' dir='ltr'><em>senatum,</em></span> <span class='ocrx_word' id='word_1_7' title='bbox 922 389 1061 425; x_wconf 80' lang='lat' dir='ltr'><em>totam</em></span> <span class='ocrx_word' id='word_1_8' title='bbox 1094 380 1280 424; x_wconf 83' lang='lat' dir='ltr'><em>Italiam</em></span> <span class='ocrx_word' id='word_1_9' title='bbox 1313 397 1408 425; x_wconf 90' lang='lat' dir='ltr'><em>esse</em></span> <span class='ocrx_word' id='word_1_10' title='bbox 1439 381 1646 441; x_wconf 84' lang='lat' dir='ltr'><em>effusa-m.</em></span> <span class='ocrx_word' id='word_1_11' title='bbox 1724 386 1874 427; x_wconf 83' lang='lat' dir='ltr'><em>Caesar</em></span> <span class='ocrx_word' id='word_1_12' title='bbox 1906 388 1950 428; x_wconf 90' lang='lat' dir='ltr'><em>B.</em></span> <span class='ocrx_word' id='word_1_13' title='bbox 1979 387 2022 429; x_wconf 90' lang='lat' dir='ltr'><em>C.</em></span> <span class='ocrx_word' id='word_1_14' title='bbox 2060 397 2088 428; x_wconf 83' lang='grc' dir='ltr'><em>ῐ.</em></span> 
     </span>
     <span class='ocr_line' id='line_1_3' title="bbox 257 459 2095 520; baseline -0.003 -10"><span class='ocrx_word' id='word_1_15' title='bbox 257 482 295 512; x_wconf 89' lang='lat' dir='ltr'><em>c.</em></span> <span class='ocrx_word' id='word_1_16' title='bbox 315 469 355 510; x_wconf 87' lang='lat'><em>6.</em></span> <span class='ocrx_word' id='word_1_17' title='bbox 406 461 633 507; x_wconf 60' lang='lat' dir='ltr'><em>Proximis</em></span> <span class='ocrx_word' id='word_1_18' title='bbox 667 459 821 502; x_wconf 79' lang='lat' dir='ltr'><em>diebus</em></span> <span class='ocrx_word' id='word_1_19' title='bbox 855 459 1040 503; x_wconf 77' lang='lat' dir='ltr'><em>habetur</em></span> <span class='ocrx_word' id='word_1_20' title='bbox 1066 467 1249 502; x_wconf 85' lang='lat' dir='ltr'><em>senatus</em></span> <span class='ocrx_word' id='word_1_21' title='bbox 1287 468 1413 504; x_wconf 70' lang='lat' dir='ltr'><em>extra</em></span> <span class='ocrx_word' id='word_1_22' title='bbox 1451 460 1616 504; x_wconf 84' lang='lat' dir='ltr'><strong><em>Urbem.</em></strong></span> <span class='ocrx_word' id='word_1_23' title='bbox 1681 461 1920 520; x_wconf 83' lang='lat' dir='ltr'><em>Pompeius</em></span> <span class='ocrx_word' id='word_1_24' title='bbox 1947 461 2095 504; x_wconf 87' lang='lat' dir='ltr'><em>eadem</em></span> 
     </span>
     <span class='ocr_line' id='line_1_4' title="bbox 256 535 2098 599; baseline -0.003 -12"><span class='ocrx_word' id='word_1_25' title='bbox 256 542 344 587; x_wconf 88' lang='lat' dir='ltr'><em>illa</em></span> <span class='ocrx_word' id='word_1_26' title='bbox 363 574 376 598; x_wconf 96' lang='lat'><em>,</em></span> <span class='ocrx_word' id='word_1_27' title='bbox 412 556 525 599; x_wconf 88' lang='lat' dir='ltr'><em>quae</em></span> <span class='ocrx_word' id='word_1_28' title='bbox 553 554 637 599; x_wconf 85' lang='lat' dir='ltr'><em>per</em></span> <span class='ocrx_word' id='word_1_29' title='bbox 665 537 913 597; x_wconf 77' lang='lat' dir='ltr'><em>Scipionem</em></span> <span class='ocrx_word' id='word_1_30' title='bbox 947 535 1228 590; x_wconf 84' lang='lat' dir='ltr'><em>ostenderat,</em></span> <span class='ocrx_word' id='word_1_31' title='bbox 1264 538 1373 598; x_wconf 86' lang='lat' dir='ltr'><em>agit.</em></span> <span class='ocrx_word' id='word_1_32' title='bbox 1406 563 1466 570; x_wconf 91' lang='lat'><em>-—</em></span> <span class='ocrx_word' id='word_1_33' title='bbox 1499 539 1565 580; x_wconf 92' lang='lat' dir='ltr'><em>De</em></span> <span class='ocrx_word' id='word_1_34' title='bbox 1591 537 1781 598; x_wconf 89' lang='lat' dir='ltr'><em>reliquis</em></span> <span class='ocrx_word' id='word_1_35' title='bbox 1813 537 1942 581; x_wconf 85' lang='lat' dir='ltr'><em>rebus</em></span> <span class='ocrx_word' id='word_1_36' title='bbox 1972 553 2098 581; x_wconf 85' lang='lat' dir='ltr'><em>sena-</em></span> 
     </span>
     <span class='ocr_line' id='line_1_5' title="bbox 258 614 2099 677; baseline -0.003 -13"><span class='ocrx_word' id='word_1_37' title='bbox 258 616 541 664; x_wconf 84' lang='lat' dir='ltr'><em>tusconsulta</em></span> <span class='ocrx_word' id='word_1_38' title='bbox 566 615 938 676; x_wconf 84' lang='lat' dir='ltr'><em>perscribantur,</em></span> <span class='ocrx_word' id='word_1_39' title='bbox 978 617 1233 677; x_wconf 86' lang='lat' dir='ltr'><em>provinciae</em></span> <span class='ocrx_word' id='word_1_40' title='bbox 1252 616 1452 676; x_wconf 83' lang='lat' dir='ltr'><em>privatis</em></span> <span class='ocrx_word' id='word_1_41' title='bbox 1487 615 1804 671; x_wconf 83' lang='lat' dir='ltr'><em>decernuntur,</em></span> <span class='ocrx_word' id='word_1_42' title='bbox 1855 614 1967 658; x_wconf 84' lang='lat' dir='ltr'><em>duae</em></span> <span class='ocrx_word' id='word_1_43' title='bbox 1999 631 2099 658; x_wconf 85' lang='lat' dir='ltr'><em>con·</em></span> 
     </span>
     <span class='ocr_line' id='line_1_6' title="bbox 260 691 2099 756; baseline -0.003 -16"><span class='ocrx_word' id='word_1_44' title='bbox 260 696 467 751; x_wconf 87' lang='lat' dir='ltr'><em>sulares,</em></span> <span class='ocrx_word' id='word_1_45' title='bbox 500 692 699 754; x_wconf 84' lang='lat' dir='ltr'><em>reliquae</em></span> <span class='ocrx_word' id='word_1_46' title='bbox 722 695 1007 754; x_wconf 81' lang='lat' dir='ltr'><em>praetoriae:</em></span> <span class='ocrx_word' id='word_1_47' title='bbox 1041 694 1244 755; x_wconf 81' lang='lat' dir='ltr'><em>Scipioni</em></span> <span class='ocrx_word' id='word_1_48' title='bbox 1271 693 1442 738; x_wconf 80' lang='lat' dir='ltr'><em>obvenit</em></span> <span class='ocrx_word' id='word_1_49' title='bbox 1476 694 1644 756; x_wconf 72' lang='lat' dir='ltr'><em>Syria,</em></span> <span class='ocrx_word' id='word_1_50' title='bbox 1687 695 1737 737; x_wconf 91' lang='lat' dir='ltr'><em>L.</em></span> <span class='ocrx_word' id='word_1_51' title='bbox 1769 693 1964 735; x_wconf 83' lang='lat' dir='ltr'><em>Domitio</em></span> <span class='ocrx_word' id='word_1_52' title='bbox 1997 691 2099 735; x_wconf 90' lang='lat' dir='ltr'><em>Gal-</em></span> 
     </span>
     <span class='ocr_line' id='line_1_7' title="bbox 264 768 2099 832; baseline -0.003 -14"><span class='ocrx_word' id='word_1_53' title='bbox 264 774 342 818; x_wconf 86' lang='lat' dir='ltr'><em>lia.</em></span> <span class='ocrx_word' id='word_1_54' title='bbox 387 799 446 806; x_wconf 90' lang='lat'><em>--</em></span> <span class='ocrx_word' id='word_1_55' title='bbox 490 773 545 815; x_wconf 84' lang='lat' dir='ltr'><em>In</em></span> <span class='ocrx_word' id='word_1_56' title='bbox 577 771 777 832; x_wconf 84' lang='lat' dir='ltr'><em>reliquas</em></span> <span class='ocrx_word' id='word_1_57' title='bbox 817 772 1077 832; x_wconf 77' lang='lat' dir='ltr'><em>provincias</em></span> <span class='ocrx_word' id='word_1_58' title='bbox 1109 779 1342 832; x_wconf 85' lang='lat' dir='ltr'><em>praetores</em></span> <span class='ocrx_word' id='word_1_59' title='bbox 1383 772 1627 815; x_wconf 84' lang='lat' dir='ltr'><em>mittuntur</em></span> <span class='ocrx_word' id='word_1_60' title='bbox 1674 795 1734 803; x_wconf 94' lang='lat'><em>-—-</em></span> <span class='ocrx_word' id='word_1_61' title='bbox 1766 768 2099 829; x_wconf 81' lang='lat' dir='ltr'><em>paludatique,</em></span> 
     </span>
     <span class='ocr_line' id='line_1_8' title="bbox 261 848 2106 910; baseline -0.004 -13"><span class='ocrx_word' id='word_1_62' title='bbox 261 853 377 898; x_wconf 79' lang='lat' dir='ltr'><em>votis</em></span> <span class='ocrx_word' id='word_1_63' title='bbox 409 850 709 910; x_wconf 72' lang='lat' dir='ltr'><em>nuncupatis,</em></span> <span class='ocrx_word' id='word_1_64' title='bbox 748 857 931 893; x_wconf 67' lang='lat' dir='ltr'><em>eoeeunt:</em></span> <span class='ocrx_word' id='word_1_65' title='bbox 966 875 1026 882; x_wconf 89' lang='lat'>—</span> <span class='ocrx_word' id='word_1_66' title='bbox 1064 849 1274 892; x_wconf 84' lang='lat' dir='ltr'><em>Consules</em></span> <span class='ocrx_word' id='word_1_67' title='bbox 1300 866 1355 893; x_wconf 77' lang='lat' dir='ltr'><em>ecc</em></span> <span class='ocrx_word' id='word_1_68' title='bbox 1377 849 1486 893; x_wconf 88' lang='lat' dir='ltr'><em>Urbe</em></span> <span class='ocrx_word' id='word_1_69' title='bbox 1495 848 1864 909; x_wconf 82' lang='lat' dir='ltr'><em>proficiscuntur.</em></span> <span class='ocrx_word' id='word_1_70' title='bbox 1900 873 1958 879; x_wconf 94' lang='lat'><em>——</em></span> <span class='ocrx_word' id='word_1_71' title='bbox 1997 848 2106 889; x_wconf 86' lang='lat' dir='ltr'><em>Tota</em></span> 
     </span>
     <span class='ocr_line' id='line_1_9' title="bbox 262 922 2104 987; baseline -0.005 -12"><span class='ocrx_word' id='word_1_72' title='bbox 262 930 406 975; x_wconf 87' lang='lat' dir='ltr'><em>Italia</em></span> <span class='ocrx_word' id='word_1_73' title='bbox 433 929 628 973; x_wconf 83' lang='lat' dir='ltr'><em>delectus</em></span> <span class='ocrx_word' id='word_1_74' title='bbox 659 926 874 970; x_wconf 77' lang='lat' dir='ltr'><em>habentur</em></span> <span class='ocrx_word' id='word_1_75' title='bbox 892 958 905 981; x_wconf 92' lang='lat'><em>,</em></span> <span class='ocrx_word' id='word_1_76' title='bbox 943 942 1068 969; x_wconf 88' lang='lat' dir='ltr'><em>arma</em></span> <span class='ocrx_word' id='word_1_77' title='bbox 1094 927 1392 987; x_wconf 85' lang='lat' dir='ltr'><em>imperantur,</em></span> <span class='ocrx_word' id='word_1_78' title='bbox 1420 927 1637 986; x_wconf 85' lang='lat' dir='ltr'><em>pecuniae</em></span> <span class='ocrx_word' id='word_1_79' title='bbox 1664 941 1692 967; x_wconf 89' lang='lat' dir='ltr'><em>a</em></span> <span class='ocrx_word' id='word_1_80' title='bbox 1724 924 1982 984; x_wconf 86' lang='lat' dir='ltr'><em>municipiis</em></span> <span class='ocrx_word' id='word_1_81' title='bbox 2011 922 2104 966; x_wconf 72' lang='lat' dir='ltr'><em>eoei-</em></span> 
     </span>
    </p>
   </div>
   <div class='ocr_carea' id='block_1_3' title="bbox 262 1002 2112 1932">
    <p class='ocr_par' dir='ltr' id='par_1_3' title="bbox 262 1002 2112 1932">
     <span class='ocr_line' id='line_1_10' title="bbox 262 1002 2104 1068; baseline -0.003 -16"><span class='ocrx_word' id='word_1_82' title='bbox 262 1015 464 1068; x_wconf 85' lang='lat' dir='ltr'><em>guntur,</em></span> <span class='ocrx_word' id='word_1_83' title='bbox 509 1022 530 1048; x_wconf 94' lang='lat' dir='ltr'><em>e</em></span> <span class='ocrx_word' id='word_1_84' title='bbox 555 1004 692 1063; x_wconf 86' lang='lat' dir='ltr'><em>fanis</em></span> <span class='ocrx_word' id='word_1_85' title='bbox 721 1003 970 1059; x_wconf 83' lang='lat' dir='ltr'><em>tolluntur,</em></span> <span class='ocrx_word' id='word_1_86' title='bbox 1004 1004 1151 1046; x_wconf 87' lang='lat' dir='ltr'><em>omnia</em></span> <span class='ocrx_word' id='word_1_87' title='bbox 1180 1002 1332 1046; x_wconf 81' lang='lat' dir='ltr'><em>divin-a</em></span> <span class='ocrx_word' id='word_1_88' title='bbox 1352 1003 1628 1063; x_wconf 77' lang='lat' dir='ltr'><em>humanaque</em></span> <span class='ocrx_word' id='word_1_89' title='bbox 1644 1003 1747 1045; x_wconf 86' lang='lat' dir='ltr'><em>iura</em></span> <span class='ocrx_word' id='word_1_90' title='bbox 1765 1002 2104 1061; x_wconf 78' lang='lat' dir='ltr'><em>permiscentur.</em></span> 
     </span>
     <span class='ocr_line' id='line_1_11' title="bbox 264 1079 2103 1141; baseline -0.002 -13"><span class='ocrx_word' id='word_1_91' title='bbox 264 1100 300 1129; x_wconf 87' lang='lat' dir='ltr'><em>c.</em></span> <span class='ocrx_word' id='word_1_92' title='bbox 322 1087 363 1128; x_wconf 86' lang='lat'><em>7.</em></span> <span class='ocrx_word' id='word_1_93' title='bbox 403 1082 575 1141; x_wconf 84' lang='lat' dir='ltr'><em>Quibus</em></span> <span class='ocrx_word' id='word_1_94' title='bbox 607 1081 737 1125; x_wconf 84' lang='lat' dir='ltr'><em>rebus</em></span> <span class='ocrx_word' id='word_1_95' title='bbox 766 1081 989 1140; x_wconf 83' lang='lat' dir='ltr'><em>cognitis,</em></span> <span class='ocrx_word' id='word_1_96' title='bbox 1036 1081 1196 1124; x_wconf 85' lang='lat' dir='ltr'><em>Cacsar</em></span> <span class='ocrx_word' id='word_1_97' title='bbox 1227 1079 1352 1140; x_wconf 80' lang='lat' dir='ltr'><em>apud</em></span> <span class='ocrx_word' id='word_1_98' title='bbox 1380 1080 1549 1124; x_wconf 83' lang='lat' dir='ltr'><em>milites</em></span> <span class='ocrx_word' id='word_1_99' title='bbox 1580 1080 1877 1125; x_wconf 80' lang='lat' dir='ltr'><em>concionatur.</em></span> <span class='ocrx_word' id='word_1_100' title='bbox 1911 1104 1970 1112; x_wconf 90' lang='lat'><em>--</em></span> <span class='ocrx_word' id='word_1_101' title='bbox 2004 1094 2040 1123; x_wconf 91' lang='lat' dir='ltr'><em>c.</em></span> <span class='ocrx_word' id='word_1_102' title='bbox 2061 1081 2103 1124; x_wconf 85' lang='lat'><em>8.</em></span> 
     </span>
     <span class='ocr_line' id='line_1_12' title="bbox 269 1147 2107 1222; baseline -0.003 -17"><span class='ocrx_word' id='word_1_103' title='bbox 269 1161 455 1222; x_wconf 84' lang='lat' dir='ltr'><em>Cognita</em></span> <span class='ocrx_word' id='word_1_104' title='bbox 487 1159 686 1203; x_wconf 84' lang='lat' dir='ltr'><em>militum</em></span> <span class='ocrx_word' id='word_1_105' title='bbox 716 1157 965 1213; x_wconf 78' lang='lat' dir='ltr'><em>voluntate,</em></span> <span class='ocrx_word' id='word_1_106' title='bbox 1004 1157 1251 1201; x_wconf 78' lang='lat' dir='ltr'><em>Ariminum</em></span> <span class='ocrx_word' id='word_1_107' title='bbox 1278 1174 1376 1202; x_wconf 89' lang='lat' dir='ltr'><em>cum</em></span> <span class='ocrx_word' id='word_1_108' title='bbox 1404 1175 1455 1201; x_wconf 91' lang='lat' dir='ltr'><em>ea</em></span> <span class='ocrx_word' id='word_1_109' title='bbox 1485 1157 1653 1219; x_wconf 76' lang='lat' dir='ltr'><em>leqione</em></span> <span class='ocrx_word' id='word_1_110' title='bbox 1671 1147 1828 1215; x_wconf 37' lang='grc' dir='ltr'><strong>’(ΧῙΙΙ.)</strong></span> <span class='ocrx_word' id='word_1_111' title='bbox 1851 1156 2107 1216; x_wconf 83' lang='lat' dir='ltr'><em>proficisci-</em></span> 
     </span>
     <span class='ocr_line' id='line_1_13' title="bbox 265 1233 2107 1299; baseline -0.004 -15"><span class='ocrx_word' id='word_1_112' title='bbox 265 1247 370 1295; x_wconf 88' lang='lat' dir='ltr'><em>tur,</em></span> <span class='ocrx_word' id='word_1_113' title='bbox 403 1239 553 1299; x_wconf 84' lang='lat' dir='ltr'><em>ibique</em></span> <span class='ocrx_word' id='word_1_114' title='bbox 581 1238 782 1282; x_wconf 85' lang='lat' dir='ltr'><em>tribunos</em></span> <span class='ocrx_word' id='word_1_115' title='bbox 795 1235 963 1295; x_wconf 76' lang='lat' dir='ltr'><em>plebis‘,</em></span> <span class='ocrx_word' id='word_1_116' title='bbox 998 1235 1078 1295; x_wconf 84' lang='lat' dir='ltr'><em>qui</em></span> <span class='ocrx_word' id='word_1_117' title='bbox 1099 1234 1160 1278; x_wconf 82' lang='lat' dir='ltr'><em>ad</em></span> <span class='ocrx_word' id='word_1_118' title='bbox 1186 1251 1280 1279; x_wconf 87' lang='lat' dir='ltr'><em>eum</em></span> <span class='ocrx_word' id='word_1_119' title='bbox 1300 1235 1621 1296; x_wconf 78' lang='lat' dir='ltr'><em>cmzsugerant,</em></span> <span class='ocrx_word' id='word_1_120' title='bbox 1647 1235 1847 1279; x_wconf 81' lang='lat' dir='ltr'><em>convenit</em></span> <span class='ocrx_word' id='word_1_121' title='bbox 1860 1257 1877 1290; x_wconf 86' lang='lat'><em>,-</em></span> <span class='ocrx_word' id='word_1_122' title='bbox 1908 1233 2107 1294; x_wconf 85' lang='lat' dir='ltr'><em>reliquas</em></span> 
     </span>
     <span class='ocr_line' id='line_1_14' title="bbox 268 1313 2112 1377; baseline 0 -17"><span class='ocrx_word' id='word_1_123' title='bbox 268 1316 463 1377; x_wconf 82' lang='lat' dir='ltr'><em>legiones</em></span> <span class='ocrx_word' id='word_1_124' title='bbox 496 1331 552 1358; x_wconf 76' lang='lat' dir='ltr'><em>ex</em></span> <span class='ocrx_word' id='word_1_125' title='bbox 586 1314 779 1358; x_wconf 76' lang='lat' dir='ltr'><em>hibernis</em></span> <span class='ocrx_word' id='word_1_126' title='bbox 811 1320 961 1356; x_wconf 86' lang='lat' dir='ltr'><em>evocat</em></span> <span class='ocrx_word' id='word_1_127' title='bbox 989 1319 1033 1355; x_wconf 86' lang='lat' dir='ltr'><em>et</em></span> <span class='ocrx_word' id='word_1_128' title='bbox 1060 1313 1270 1373; x_wconf 82' lang='lat' dir='ltr'><em>subsequi</em></span> <span class='ocrx_word' id='word_1_129' title='bbox 1300 1313 1434 1357; x_wconf 87' lang='lat' dir='ltr'><em>iubet.</em></span> <span class='ocrx_word' id='word_1_130' title='bbox 1502 1313 1579 1357; x_wconf 87' lang='lat' dir='ltr'><em>Dio</em></span> <span class='ocrx_word' id='word_1_131' title='bbox 1611 1327 1701 1359; x_wconf 76' lang='lat' dir='ltr'><em>xm.</em></span> <span class='ocrx_word' id='word_1_132' title='bbox 1730 1331 1765 1359; x_wconf 90' lang='lat' dir='ltr'><em>c.</em></span> <span class='ocrx_word' id='word_1_133' title='bbox 1787 1319 1826 1359; x_wconf 80' lang='lat'><em>4.</em></span> <span class='ocrx_word' id='word_1_134' title='bbox 1860 1319 1900 1359; x_wconf 89' lang='lat'><em>1.</em></span> <span class='ocrx_word' id='word_1_135' title='bbox 1929 1314 2112 1360; x_wconf 77' lang='grc' dir='ltr'>Πυθό-</span> 
     </span>
     <span class='ocr_line' id='line_1_15' title="bbox 266 1387 2104 1456; baseline -0.002 -15"><span class='ocrx_word' id='word_1_136' title='bbox 266 1411 408 1456; x_wconf 81' lang='grc' dir='ltr'><strong><em>μενος</em></strong></span> <span class='ocrx_word' id='word_1_137' title='bbox 449 1388 535 1440; x_wconf 70' lang='grc' dir='ltr'><em>οὖν</em></span> <span class='ocrx_word' id='word_1_138' title='bbox 576 1397 717 1440; x_wconf 77' lang='grc' dir='ltr'><strong><em>ταῦτ’</em></strong></span> <span class='ocrx_word' id='word_1_139' title='bbox 757 1391 940 1442; x_wconf 79' lang='grc' dir='ltr'><strong><em>ἐκεῖνος</em></strong></span> <span class='ocrx_word' id='word_1_140' title='bbox 974 1390 1026 1449; x_wconf 82' lang='lat' dir='ltr'><em>(o‘</em></span> <span class='ocrx_word' id='word_1_141' title='bbox 1058 1394 1272 1453; x_wconf 77' lang='grc' dir='ltr'><strong><em>Καῖσαρ)</em></strong></span> <span class='ocrx_word' id='word_1_142' title='bbox 1319 1389 1368 1443; x_wconf 78' lang='grc' dir='ltr'><em>ἔς</em></span> <span class='ocrx_word' id='word_1_143' title='bbox 1394 1409 1445 1437; x_wconf 74' lang='grc' dir='ltr'><em>τε</em></span> <span class='ocrx_word' id='word_1_144' title='bbox 1480 1394 1735 1454; x_wconf 76' lang='grc' dir='ltr'><strong><em>’Λρίμινον</em></strong></span> <span class='ocrx_word' id='word_1_145' title='bbox 1777 1387 1960 1452; x_wconf 74' lang='grc' dir='ltr'><strong><em>ἢλθεν,</em></strong></span> <span class='ocrx_word' id='word_1_146' title='bbox 2014 1392 2104 1443; x_wconf 77' lang='grc' dir='ltr'><em>ἔξω</em></span> 
     </span>
     <span class='ocr_line' id='line_1_16' title="bbox 271 1470 2110 1535; baseline -0.002 -15"><span class='ocrx_word' id='word_1_147' title='bbox 271 1478 356 1532; x_wconf 82' lang='grc' dir='ltr'><em>τῆς</em></span> <span class='ocrx_word' id='word_1_148' title='bbox 405 1473 582 1520; x_wconf 81' lang='grc' dir='ltr'><strong><em>ἑαυτοῦ</em></strong></span> <span class='ocrx_word' id='word_1_149' title='bbox 641 1472 790 1534; x_wconf 78' lang='grc' dir='ltr'><em>ἀρχῆς</em></span> <span class='ocrx_word' id='word_1_150' title='bbox 839 1473 949 1517; x_wconf 83' lang='grc' dir='ltr'><em>τότε</em></span> <span class='ocrx_word' id='word_1_151' title='bbox 983 1470 1171 1532; x_wconf 81' lang='grc' dir='ltr'><strong><em>πρῶτον</em></strong></span> <span class='ocrx_word' id='word_1_152' title='bbox 1205 1470 1537 1534; x_wconf 75' lang='grc' dir='ltr'><strong><em>προχωρήσας.</em></strong></span> <span class='ocrx_word' id='word_1_153' title='bbox 1583 1499 1643 1508; x_wconf 94' lang='lat'><em>—-</em></span> <span class='ocrx_word' id='word_1_154' title='bbox 1688 1477 1768 1520; x_wconf 81' lang='grc' dir='ltr'><em>καὶ</em></span> <span class='ocrx_word' id='word_1_155' title='bbox 1802 1477 1922 1535; x_wconf 78' lang='grc' dir='ltr'><em>μετὰ</em></span> <span class='ocrx_word' id='word_1_156' title='bbox 1962 1476 2110 1519; x_wconf 83' lang='grc' dir='ltr'><strong><em>τοῦτο</em></strong></span> 
     </span>
     <span class='ocr_line' id='line_1_17' title="bbox 274 1549 2109 1616; baseline -0.001 -17"><span class='ocrx_word' id='word_1_157' title='bbox 274 1553 391 1616; x_wconf 79' lang='grc' dir='ltr'><strong><em>ἄρας</em></strong></span> <span class='ocrx_word' id='word_1_158' title='bbox 424 1552 499 1598; x_wconf 77' lang='grc' dir='ltr'><em>ἐπ’</em></span> <span class='ocrx_word' id='word_1_159' title='bbox 553 1552 706 1609; x_wconf 75' lang='grc' dir='ltr'><strong><em>αὐτήν</em></strong></span> <span class='ocrx_word' id='word_1_160' title='bbox 753 1549 979 1611; x_wconf 78' lang='grc' dir='ltr'><strong><em>ἄντικρυς</em></strong></span> <span class='ocrx_word' id='word_1_161' title='bbox 1015 1551 1101 1608; x_wconf 83' lang='grc' dir='ltr'><em>τήν</em></span> <span class='ocrx_word' id='word_1_162' title='bbox 1136 1550 1323 1611; x_wconf 81' lang='grc' dir='ltr'><em>Ῥώμην</em></span> <span class='ocrx_word' id='word_1_163' title='bbox 1369 1552 1544 1609; x_wconf 69' lang='grc' dir='ltr'><strong><em>ἤλασε,</em></strong></span> <span class='ocrx_word' id='word_1_164' title='bbox 1580 1552 1738 1605; x_wconf 84' lang='grc' dir='ltr'><strong><em>πάσας</em></strong></span> <span class='ocrx_word' id='word_1_165' title='bbox 1783 1553 1867 1605; x_wconf 76' lang='grc' dir='ltr'><em>τὰς</em></span> <span class='ocrx_word' id='word_1_166' title='bbox 1894 1550 1946 1597; x_wconf 80' lang='grc' dir='ltr'><em>ἑν</em></span> <span class='ocrx_word' id='word_1_167' title='bbox 1992 1553 2109 1597; x_wconf 77' lang='grc' dir='ltr'><strong><em>ποσὶ</em></strong></span> 
     </span>
     <span class='ocr_line' id='line_1_18' title="bbox 268 1627 2111 1692; baseline -0.001 -13"><span class='ocrx_word' id='word_1_168' title='bbox 268 1635 442 1685; x_wconf 77' lang='grc' dir='ltr'><strong><em>πόλεις</em></strong></span> <span class='ocrx_word' id='word_1_169' title='bbox 477 1632 628 1692; x_wconf 82' lang='grc' dir='ltr'><em>ἀμαχὶ</em></span> <span class='ocrx_word' id='word_1_170' title='bbox 672 1630 1075 1692; x_wconf 74' lang='grc' dir='ltr'><strong><em>προστιθέμενος.</em></strong></span> <span class='ocrx_word' id='word_1_171' title='bbox 1112 1656 1168 1664; x_wconf 87' lang='grc'><em>--</em></span> <span class='ocrx_word' id='word_1_172' title='bbox 1203 1646 1238 1674; x_wconf 83' lang='lat' dir='ltr'><em>c.</em></span> <span class='ocrx_word' id='word_1_173' title='bbox 1259 1634 1300 1674; x_wconf 87' lang='grc'><em>6.</em></span> <span class='ocrx_word' id='word_1_174' title='bbox 1331 1635 1373 1674; x_wconf 90' lang='lat'><em>1.</em></span> <span class='ocrx_word' id='word_1_175' title='bbox 1424 1629 1673 1691; x_wconf 75' lang='grc' dir='ltr'><em>Φοβηθεὶς</em></span> <span class='ocrx_word' id='word_1_176' title='bbox 1701 1627 1788 1678; x_wconf 67' lang='grc' dir='ltr'><em>οὗν</em></span> <span class='ocrx_word' id='word_1_177' title='bbox 1829 1633 1913 1679; x_wconf 77' lang='grc' dir='ltr'><em>διὰ</em></span> <span class='ocrx_word' id='word_1_178' title='bbox 1961 1634 2111 1678; x_wconf 75' lang='grc' dir='ltr'><strong><em>ταῦθ’</em></strong></span> 
     </span>
     <span class='ocr_line' id='line_1_19' title="bbox 272 1708 2109 1774; baseline -0.001 -15"><span class='ocrx_word' id='word_1_179' title='bbox 272 1713 301 1759; x_wconf 84' lang='grc' dir='ltr'>ὁ</span> <span class='ocrx_word' id='word_1_180' title='bbox 327 1711 586 1772; x_wconf 67' lang='grc' dir='ltr'><strong><em>Πομπήιος</em></strong></span> <span class='ocrx_word' id='word_1_181' title='bbox 618 1739 677 1746; x_wconf 92' lang='lat'><em>—-</em></span> <span class='ocrx_word' id='word_1_182' title='bbox 713 1711 862 1762; x_wconf 81' lang='grc' dir='ltr'><strong><em>αὐτός</em></strong></span> <span class='ocrx_word' id='word_1_183' title='bbox 897 1728 946 1756; x_wconf 79' lang='grc' dir='ltr'><em>τε</em></span> <span class='ocrx_word' id='word_1_184' title='bbox 969 1709 1018 1762; x_wconf 76' lang='grc' dir='ltr'><em>ἐς</em></span> <span class='ocrx_word' id='word_1_185' title='bbox 1040 1713 1359 1769; x_wconf 77' lang='grc' dir='ltr'><strong><em>Καμπανίαν,</em></strong></span> <span class='ocrx_word' id='word_1_186' title='bbox 1393 1738 1453 1745; x_wconf 83' lang='grc'>-</span> <span class='ocrx_word' id='word_1_187' title='bbox 1479 1708 1543 1763; x_wconf 85' lang='grc' dir='ltr'><em>ὡς</em></span> <span class='ocrx_word' id='word_1_188' title='bbox 1572 1714 1650 1757; x_wconf 82' lang='grc' dir='ltr'><em>καὶ</em></span> <span class='ocrx_word' id='word_1_189' title='bbox 1687 1713 1805 1774; x_wconf 84' lang='grc' dir='ltr'><strong><em>ῥᾷον</em></strong></span> <span class='ocrx_word' id='word_1_190' title='bbox 1833 1711 1938 1758; x_wconf 78' lang='grc' dir='ltr'><strong><em>ἐκεῖ</em></strong></span> <span class='ocrx_word' id='word_1_191' title='bbox 1972 1713 2109 1757; x_wconf 77' lang='grc' dir='ltr'><strong><em>πολε-</em></strong></span> 
     </span>
     <span class='ocr_line' id='line_1_20' title="bbox 273 1788 2109 1853; baseline 0.001 -17"><span class='ocrx_word' id='word_1_192' title='bbox 273 1791 472 1852; x_wconf 75' lang='grc' dir='ltr'><strong><em>μήσων,</em></strong></span> <span class='ocrx_word' id='word_1_193' title='bbox 513 1794 791 1853; x_wconf 78' lang='grc' dir='ltr'><strong><em>προαπῆρε,</em></strong></span> <span class='ocrx_word' id='word_1_194' title='bbox 838 1794 919 1836; x_wconf 84' lang='grc' dir='ltr'><em>καὶ</em></span> <span class='ocrx_word' id='word_1_195' title='bbox 963 1790 1047 1847; x_wconf 75' lang='grc' dir='ltr'><em>τήν</em></span> <span class='ocrx_word' id='word_1_196' title='bbox 1089 1788 1268 1849; x_wconf 76' lang='grc' dir='ltr'><strong><em>βουλήν</em></strong></span> <span class='ocrx_word' id='word_1_197' title='bbox 1306 1792 1497 1836; x_wconf 81' lang='grc' dir='ltr'><strong><em>ἅπασαν</em></strong></span> <span class='ocrx_word' id='word_1_198' title='bbox 1544 1793 1664 1852; x_wconf 79' lang='grc' dir='ltr'><em>μετὰ</em></span> <span class='ocrx_word' id='word_1_199' title='bbox 1701 1791 1793 1837; x_wconf 86' lang='grc' dir='ltr'><em>τῶν</em></span> <span class='ocrx_word' id='word_1_200' title='bbox 1827 1791 1910 1844; x_wconf 75' lang='grc' dir='ltr'><strong><em>τοῖς</em></strong></span> <span class='ocrx_word' id='word_1_201' title='bbox 1956 1789 2109 1852; x_wconf 76' lang='grc' dir='ltr'><em>ἀρχάς</em></span> 
     </span>
     <span class='ocr_line' id='line_1_21' title="bbox 273 1867 2111 1932; baseline -0.002 -14"><span class='ocrx_word' id='word_1_202' title='bbox 273 1870 492 1929; x_wconf 76' lang='grc' dir='ltr'><strong><em>ἒχόντων</em></strong></span> <span class='ocrx_word' id='word_1_203' title='bbox 524 1870 860 1928; x_wconf 79' lang='grc' dir='ltr'><strong><em>ἀκολουθῆσαί</em></strong></span> <span class='ocrx_word' id='word_1_204' title='bbox 897 1869 943 1915; x_wconf 80' lang='grc' dir='ltr'><em>οἱ</em></span> <span class='ocrx_word' id='word_1_205' title='bbox 973 1867 1238 1914; x_wconf 73' lang='grc' dir='ltr'><strong><em>ἐκέλευσεν.</em></strong></span> <span class='ocrx_word' id='word_1_206' title='bbox 1305 1868 1422 1914; x_wconf 88' lang='lat' dir='ltr'><em>Conf.</em></span> <span class='ocrx_word' id='word_1_207' title='bbox 1458 1871 1572 1916; x_wconf 81' lang='lat' dir='ltr'><em>Plut.</em></span> <span class='ocrx_word' id='word_1_208' title='bbox 1607 1874 1750 1931; x_wconf 88' lang='lat' dir='ltr'><em>Pomp.</em></span> <span class='ocrx_word' id='word_1_209' title='bbox 1785 1886 1820 1915; x_wconf 89' lang='lat' dir='ltr'><em>c.</em></span> <span class='ocrx_word' id='word_1_210' title='bbox 1842 1874 1900 1914; x_wconf 87' lang='grc'><em>60</em></span> <span class='ocrx_word' id='word_1_211' title='bbox 1917 1886 1979 1932; x_wconf 85' lang='lat' dir='ltr'><em>sq.</em></span> <span class='ocrx_word' id='word_1_212' title='bbox 2046 1869 2111 1914; x_wconf 87' lang='lat' dir='ltr'><em>Id.</em></span> 
     </span>
    </p>
   </div>
   <div class='ocr_carea' id='block_1_4' title="bbox 271 1949 2111 2072">
    <p class='ocr_par' dir='ltr' id='par_1_4' title="bbox 271 1949 2111 2072">
     <span class='ocr_line' id='line_1_22' title="bbox 271 1949 2111 2011; baseline -0.002 -16"><span class='ocrx_word' id='word_1_213' title='bbox 271 1954 383 1995; x_wconf 80' lang='lat' dir='ltr'><em>Caes.</em></span> <span class='ocrx_word' id='word_1_214' title='bbox 418 1965 453 1993; x_wconf 92' lang='lat' dir='ltr'><em>c.</em></span> <span class='ocrx_word' id='word_1_215' title='bbox 474 1952 532 1994; x_wconf 85' lang='lat'><em>32</em></span> <span class='ocrx_word' id='word_1_216' title='bbox 565 1964 653 2011; x_wconf 83' lang='lat' dir='ltr'><em>sqq.</em></span> <span class='ocrx_word' id='word_1_217' title='bbox 707 1949 886 2010; x_wconf 81' lang='lat' dir='ltr'><em>Appian.</em></span> <span class='ocrx_word' id='word_1_218' title='bbox 911 1951 1023 1993; x_wconf 87' lang='lat' dir='ltr'><em>B.C.</em></span> <span class='ocrx_word' id='word_1_219' title='bbox 1056 1961 1103 1992; x_wconf 87' lang='lat'><em>11.</em></span> <span class='ocrx_word' id='word_1_220' title='bbox 1138 1962 1174 1992; x_wconf 86' lang='lat' dir='ltr'><em>c.</em></span> <span class='ocrx_word' id='word_1_221' title='bbox 1194 1951 1266 1994; x_wconf 85' lang='lat'><em>35.</em></span> <span class='ocrx_word' id='word_1_222' title='bbox 1291 1963 1380 2010; x_wconf 85' lang='lat' dir='ltr'><em>sqq.</em></span> <span class='ocrx_word' id='word_1_223' title='bbox 1414 1953 1592 1994; x_wconf 85' lang='lat' dir='ltr'><em>Sueton.</em></span> <span class='ocrx_word' id='word_1_224' title='bbox 1621 1952 1734 1994; x_wconf 78' lang='lat' dir='ltr'><em>Caes,</em></span> <span class='ocrx_word' id='word_1_225' title='bbox 1753 1963 1788 1993; x_wconf 91' lang='lat' dir='ltr'><em>c.</em></span> <span class='ocrx_word' id='word_1_226' title='bbox 1809 1951 1879 1992; x_wconf 85' lang='lat'><em>31.</em></span> <span class='ocrx_word' id='word_1_227' title='bbox 1929 1951 2111 1992; x_wconf 81' lang='lat' dir='ltr'><em>Zonaras</em></span> 
     </span>
     <span class='ocr_line' id='line_1_23' title="bbox 271 2030 440 2072; baseline -0.012 0"><span class='ocrx_word' id='word_1_228' title='bbox 271 2040 315 2072; x_wconf 82' lang='lat' dir='ltr'><em>x.</em></span> <span class='ocrx_word' id='word_1_229' title='bbox 345 2043 380 2072; x_wconf 93' lang='lat' dir='ltr'><em>c.</em></span> <span class='ocrx_word' id='word_1_230' title='bbox 402 2030 440 2070; x_wconf 81' lang='lat'><em>7.</em></span> 
     </span>
    </p>
   </div>
   <div class='ocr_carea' id='block_1_5' title="bbox 273 2167 2116 2543">
    <p class='ocr_par' dir='ltr' id='par_1_5' title="bbox 273 2167 2116 2543">
     <span class='ocr_line' id='line_1_24' title="bbox 352 2167 2115 2245; baseline -0.001 -21"><span class='ocrx_word' id='word_1_231' title='bbox 352 2170 416 2245; x_wconf 86' lang='lat'><em>(⁷)</em></span> <span class='ocrx_word' id='word_1_232' title='bbox 460 2170 683 2230; x_wconf 79' lang='lat' dir='ltr'><em>Caesar,</em></span> <span class='ocrx_word' id='word_1_233' title='bbox 749 2169 849 2222; x_wconf 76' lang='lat' dir='ltr'><em>etsi</em></span> <span class='ocrx_word' id='word_1_234' title='bbox 890 2173 1140 2239; x_wconf 76' lang='lat' dir='ltr'><em>acceptae</em></span> <span class='ocrx_word' id='word_1_235' title='bbox 1174 2172 1327 2221; x_wconf 83' lang='lat' dir='ltr'><em>crant</em></span> <span class='ocrx_word' id='word_1_236' title='bbox 1366 2167 1732 2233; x_wconf 80' lang='lat' dir='ltr'><em>conditioncS,</em></span> <span class='ocrx_word' id='word_1_237' title='bbox 1797 2185 1930 2239; x_wconf 83' lang='lat' dir='ltr'><em>quas</em></span> <span class='ocrx_word' id='word_1_238' title='bbox 1971 2184 2019 2223; x_wconf 83' lang='lat' dir='ltr'><em>a.</em></span> <span class='ocrx_word' id='word_1_239' title='bbox 2061 2167 2115 2222; x_wconf 88' lang='lat' dir='ltr'><em>d.</em></span> 
     </span>
     <span class='ocr_line' id='line_1_25' title="bbox 273 2268 2115 2342; baseline -0.002 -16"><span class='ocrx_word' id='word_1_240' title='bbox 273 2290 387 2328; x_wconf 88' lang='lat' dir='ltr'><em>v111.</em></span> <span class='ocrx_word' id='word_1_241' title='bbox 418 2270 539 2328; x_wconf 86' lang='lat' dir='ltr'><em>Kal.</em></span> <span class='ocrx_word' id='word_1_242' title='bbox 563 2269 716 2324; x_wconf 79' lang='lat' dir='ltr'><em>Febr.</em></span> <span class='ocrx_word' id='word_1_243' title='bbox 763 2269 847 2340; x_wconf 71' lang='lat' dir='ltr'><em>[z</em></span> <span class='ocrx_word' id='word_1_244' title='bbox 890 2272 958 2322; x_wconf 72' lang='lat'><em>23</em></span> <span class='ocrx_word' id='word_1_245' title='bbox 992 2270 1104 2323; x_wconf 86' lang='lat' dir='ltr'><em>Ian.</em></span> <span class='ocrx_word' id='word_1_246' title='bbox 1148 2273 1254 2323; x_wconf 81' lang='lat'><em>705</em></span> <span class='ocrx_word' id='word_1_247' title='bbox 1298 2288 1360 2319; x_wconf 75' lang='lat'><em>:-</em></span> <span class='ocrx_word' id='word_1_248' title='bbox 1403 2274 1433 2322; x_wconf 73' lang='lat'>5</span> <span class='ocrx_word' id='word_1_249' title='bbox 1465 2268 1656 2324; x_wconf 85' lang='lat' dir='ltr'><em>Dechr.</em></span> <span class='ocrx_word' id='word_1_250' title='bbox 1695 2269 1807 2342; x_wconf 64' lang='lat'><em>50]</em></span> <span class='ocrx_word' id='word_1_251' title='bbox 1853 2268 1918 2323; x_wconf 84' lang='lat' dir='ltr'><em>ad</em></span> <span class='ocrx_word' id='word_1_252' title='bbox 1963 2270 2115 2323; x_wconf 90' lang='lat' dir='ltr'><em>Pom-</em></span> 
     </span>
     <span class='ocr_line' id='line_1_26' title="bbox 275 2369 2116 2444; baseline -0.001 -18"><span class='ocrx_word' id='word_1_253' title='bbox 275 2374 455 2444; x_wconf 83' lang='lat' dir='ltr'><em>peium</em></span> <span class='ocrx_word' id='word_1_254' title='bbox 498 2370 801 2424; x_wconf 78' lang='lat' dir='ltr'><em>detulerant</em></span> <span class='ocrx_word' id='word_1_255' title='bbox 843 2370 898 2424; x_wconf 91' lang='lat' dir='ltr'><em>L.</em></span> <span class='ocrx_word' id='word_1_256' title='bbox 936 2370 1129 2423; x_wconf 75' lang='lat' dir='ltr'><em>Caesar</em></span> <span class='ocrx_word' id='word_1_257' title='bbox 1170 2375 1221 2423; x_wconf 85' lang='lat' dir='ltr'><em>et</em></span> <span class='ocrx_word' id='word_1_258' title='bbox 1262 2369 1321 2425; x_wconf 89' lang='lat' dir='ltr'><em>L.</em></span> <span class='ocrx_word' id='word_1_259' title='bbox 1357 2369 1583 2423; x_wconf 83' lang='lat' dir='ltr'><em>Roscius</em></span> <span class='ocrx_word' id='word_1_260' title='bbox 1624 2369 1891 2435; x_wconf 76' lang='lat' dir='ltr'><em>FabatuS,</em></span> <span class='ocrx_word' id='word_1_261' title='bbox 1950 2369 2116 2424; x_wconf 90' lang='lat' dir='ltr'><em>nihilo</em></span> 
     </span>
     <span class='ocr_line' id='line_1_27' title="bbox 278 2470 2115 2543; baseline -0.001 -15"><span class='ocrx_word' id='word_1_262' title='bbox 278 2475 460 2528; x_wconf 89' lang='lat' dir='ltr'><em>minus</em></span> <span class='ocrx_word' id='word_1_263' title='bbox 480 2479 659 2526; x_wconf 81' lang='lat' dir='ltr'><em>tamen</em></span> <span class='ocrx_word' id='word_1_264' title='bbox 685 2471 881 2525; x_wconf 84' lang='lat' dir='ltr'><em>bellum</em></span> <span class='ocrx_word' id='word_1_265' title='bbox 907 2487 1092 2541; x_wconf 74' lang='lat' dir='ltr'><em>gerere</em></span> <span class='ocrx_word' id='word_1_266' title='bbox 1115 2470 1307 2542; x_wconf 82' lang='lat' dir='ltr'><em>pergit.</em></span> <span class='ocrx_word' id='word_1_267' title='bbox 1341 2488 1451 2527; x_wconf 83' lang='lat' dir='ltr'><em>vm.</em></span> <span class='ocrx_word' id='word_1_268' title='bbox 1477 2488 1522 2525; x_wconf 89' lang='lat' dir='ltr'><em>c.</em></span> <span class='ocrx_word' id='word_1_269' title='bbox 1539 2474 1588 2525; x_wconf 91' lang='lat'><em>7.</em></span> <span class='ocrx_word' id='word_1_270' title='bbox 1616 2475 1681 2525; x_wconf 77' lang='lat'><em>15</em></span> <span class='ocrx_word' id='word_1_271' title='bbox 1709 2488 1822 2543; x_wconf 89' lang='lat' dir='ltr'><em>sqq.</em></span> <span class='ocrx_word' id='word_1_272' title='bbox 1850 2489 1895 2526; x_wconf 93' lang='lat' dir='ltr'><em>c.</em></span> <span class='ocrx_word' id='word_1_273' title='bbox 1920 2475 2008 2525; x_wconf 69' lang='lat'><em>⁶21.</em></span> <span class='ocrx_word' id='word_1_274' title='bbox 2027 2476 2115 2526; x_wconf 81' lang='lat'><em>55.</em></span> 
     </span>
    </p>
   </div>
   <div class='ocr_carea' id='block_1_6' title="bbox 237 2568 2126 3176">
    <p class='ocr_par' dir='ltr' id='par_1_6' title="bbox 237 2568 2126 3176">
     <span class='ocr_line' id='line_1_28' title="bbox 341 2568 2118 2631; baseline -0.002 -14"><span class='ocrx_word' id='word_1_275' title='bbox 341 2576 489 2617; x_wconf 82' lang='lat' dir='ltr'><em>caesar</em></span> <span class='ocrx_word' id='word_1_276' title='bbox 523 2576 566 2616; x_wconf 87' lang='lat' dir='ltr'><em>B.</em></span> <span class='ocrx_word' id='word_1_277' title='bbox 588 2574 631 2615; x_wconf 88' lang='lat' dir='ltr'><em>C.</em></span> <span class='ocrx_word' id='word_1_278' title='bbox 653 2584 682 2615; x_wconf 89' lang='lat'><em>1.</em></span> <span class='ocrx_word' id='word_1_279' title='bbox 717 2587 752 2614; x_wconf 79' lang='lat' dir='ltr'><em>c.</em></span> <span class='ocrx_word' id='word_1_280' title='bbox 773 2574 812 2613; x_wconf 92' lang='lat'><em>8.</em></span> <span class='ocrx_word' id='word_1_281' title='bbox 849 2572 898 2614; x_wconf 91' lang='lat' dir='ltr'><em>L.</em></span> <span class='ocrx_word' id='word_1_282' title='bbox 932 2572 1093 2613; x_wconf 85' lang='lat' dir='ltr'><em>Caesar</em></span> <span class='ocrx_word' id='word_1_283' title='bbox 1120 2568 1374 2613; x_wconf 86' lang='lat' dir='ltr'><em>adolescens</em></span> <span class='ocrx_word' id='word_1_284' title='bbox 1405 2570 1558 2625; x_wconf 83' lang='lat' dir='ltr'><em>venit,</em></span> <span class='ocrx_word' id='word_1_285' title='bbox 1592 2571 1721 2614; x_wconf 85' lang='lat' dir='ltr'><em>cuius</em></span> <span class='ocrx_word' id='word_1_286' title='bbox 1740 2578 1877 2631; x_wconf 84' lang='lat' dir='ltr'><em>pater</em></span> <span class='ocrx_word' id='word_1_287' title='bbox 1913 2571 2118 2614; x_wconf 84' lang='lat' dir='ltr'><em>Caesaris</em></span> 
     </span>
     <span class='ocr_line' id='line_1_29' title="bbox 280 2647 2123 2710; baseline -0.001 -16"><span class='ocrx_word' id='word_1_288' title='bbox 280 2658 379 2695; x_wconf 84' lang='lat' dir='ltr'><em>erat</em></span> <span class='ocrx_word' id='word_1_289' title='bbox 408 2650 595 2710; x_wconf 87' lang='lat' dir='ltr'><em>legatus.</em></span> <span class='ocrx_word' id='word_1_290' title='bbox 659 2649 709 2690; x_wconf 94' lang='lat' dir='ltr'><em>Is</em></span> <span class='ocrx_word' id='word_1_291' title='bbox 742 2672 801 2681; x_wconf 87' lang='lat'><em>--</em></span> <span class='ocrx_word' id='word_1_292' title='bbox 837 2647 993 2691; x_wconf 76' lang='lat' dir='ltr'><em>habere</em></span> <span class='ocrx_word' id='word_1_293' title='bbox 1027 2663 1075 2691; x_wconf 86' lang='lat' dir='ltr'><em>se</em></span> <span class='ocrx_word' id='word_1_294' title='bbox 1113 2664 1141 2690; x_wconf 87' lang='lat' dir='ltr'><em>a</em></span> <span class='ocrx_word' id='word_1_295' title='bbox 1172 2647 1382 2708; x_wconf 87' lang='lat' dir='ltr'><em>Pompeio</em></span> <span class='ocrx_word' id='word_1_296' title='bbox 1414 2647 1476 2690; x_wconf 85' lang='lat' dir='ltr'><em>ad</em></span> <span class='ocrx_word' id='word_1_297' title='bbox 1505 2663 1603 2691; x_wconf 88' lang='lat' dir='ltr'><em>eum</em></span> <span class='ocrx_word' id='word_1_298' title='bbox 1626 2649 1804 2708; x_wconf 81' lang='lat' dir='ltr'><em>privati</em></span> <span class='ocrx_word' id='word_1_299' title='bbox 1829 2649 1975 2709; x_wconf 86' lang='lat' dir='ltr'><em>officii</em></span> <span class='ocrx_word' id='word_1_300' title='bbox 1999 2665 2123 2693; x_wconf 84' lang='lat' dir='ltr'><em>man-</em></span> 
     </span>
     <span class='ocr_line' id='line_1_30' title="bbox 281 2724 2121 2787; baseline -0.002 -14"><span class='ocrx_word' id='word_1_301' title='bbox 281 2729 389 2773; x_wconf 84' lang='lat' dir='ltr'><em>data</em></span> <span class='ocrx_word' id='word_1_302' title='bbox 413 2728 711 2772; x_wconf 83' lang='lat' dir='ltr'><em>demonstrat:</em></span> <span class='ocrx_word' id='word_1_303' title='bbox 750 2724 899 2768; x_wconf 88' lang='lat' dir='ltr'><em>Velle</em></span> <span class='ocrx_word' id='word_1_304' title='bbox 931 2726 1237 2786; x_wconf 84' lang='lat' dir='ltr'><em>Pompeium</em></span> <span class='ocrx_word' id='word_1_305' title='bbox 1265 2741 1319 2768; x_wconf 92' lang='lat' dir='ltr'><em>se</em></span> <span class='ocrx_word' id='word_1_306' title='bbox 1357 2725 1578 2768; x_wconf 85' lang='lat' dir='ltr'><em>Caesari</em></span> <span class='ocrx_word' id='word_1_307' title='bbox 1597 2735 1919 2787; x_wconf 82' lang='lat' dir='ltr'><em>purgatum,</em></span> <span class='ocrx_word' id='word_1_308' title='bbox 1952 2744 2012 2771; x_wconf 82' lang='lat' dir='ltr'><em>ne</em></span> <span class='ocrx_word' id='word_1_309' title='bbox 2040 2743 2121 2785; x_wconf 87' lang='lat' dir='ltr'><em>ea,</em></span> 
     </span>
     <span class='ocr_line' id='line_1_31' title="bbox 279 2803 2126 2867; baseline 0 -18"><span class='ocrx_word' id='word_1_310' title='bbox 279 2821 414 2867; x_wconf 88' lang='lat' dir='ltr'><em>quae</em></span> <span class='ocrx_word' id='word_1_311' title='bbox 437 2803 784 2864; x_wconf 83' lang='lat' dir='ltr'><em>reipublicae</em></span> <span class='ocrx_word' id='word_1_312' title='bbox 813 2819 1011 2846; x_wconf 83' lang='lat' dir='ltr'><em>caussa</em></span> <span class='ocrx_word' id='word_1_313' title='bbox 1038 2804 1234 2865; x_wconf 87' lang='lat' dir='ltr'><em>egerit,</em></span> <span class='ocrx_word' id='word_1_314' title='bbox 1267 2804 1323 2847; x_wconf 87' lang='lat' dir='ltr'><em>in</em></span> <span class='ocrx_word' id='word_1_315' title='bbox 1349 2818 1496 2845; x_wconf 86' lang='lat' dir='ltr'><em>suam</em></span> <span class='ocrx_word' id='word_1_316' title='bbox 1520 2805 1897 2849; x_wconf 84' lang='lat' dir='ltr'><em>contumeliam</em></span> <span class='ocrx_word' id='word_1_317' title='bbox 1921 2813 2126 2861; x_wconf 84' lang='lat' dir='ltr'><em>vertat,-</em></span> 
     </span>
     <span class='ocr_line' id='line_1_32' title="bbox 281 2880 2124 2944; baseline 0 -18"><span class='ocrx_word' id='word_1_318' title='bbox 281 2898 487 2944; x_wconf 87' lang='lat' dir='ltr'><em>semper</em></span> <span class='ocrx_word' id='word_1_319' title='bbox 535 2897 590 2924; x_wconf 92' lang='lat' dir='ltr'><em>se</em></span> <span class='ocrx_word' id='word_1_320' title='bbox 631 2880 976 2939; x_wconf 77' lang='lat' dir='ltr'><em>reipublicae</em></span> <span class='ocrx_word' id='word_1_321' title='bbox 1020 2881 1285 2926; x_wconf 86' lang='lat' dir='ltr'><em>commoda</em></span> <span class='ocrx_word' id='word_1_322' title='bbox 1326 2881 1574 2941; x_wconf 83' lang='lat' dir='ltr'><em>privatis</em></span> <span class='ocrx_word' id='word_1_323' title='bbox 1617 2881 2124 2927; x_wconf 85' lang='lat' dir='ltr'><em>necessitudinibus</em></span> 
     </span>
     <span class='ocr_line' id='line_1_33' title="bbox 284 2958 2122 3020; baseline 0.001 -17"><span class='ocrx_word' id='word_1_324' title='bbox 284 2959 550 3003; x_wconf 77' lang='lat' dir='ltr'><em>habuisse</em></span> <span class='ocrx_word' id='word_1_325' title='bbox 568 2958 820 3019; x_wconf 86' lang='lat' dir='ltr'><em>potiora:</em></span> <span class='ocrx_word' id='word_1_326' title='bbox 854 2960 1131 3002; x_wconf 84' lang='lat' dir='ltr'><em>Caesarem</em></span> <span class='ocrx_word' id='word_1_327' title='bbox 1159 2974 1366 3019; x_wconf 89' lang='lat' dir='ltr'><em>quoque</em></span> <span class='ocrx_word' id='word_1_328' title='bbox 1385 2975 1487 3019; x_wconf 85' lang='lat' dir='ltr'><em>pro</em></span> <span class='ocrx_word' id='word_1_329' title='bbox 1513 2975 1609 3002; x_wconf 90' lang='lat' dir='ltr'><em>sua</em></span> <span class='ocrx_word' id='word_1_330' title='bbox 1637 2958 1910 3020; x_wconf 77' lang='lat' dir='ltr'><em>dignitate</em></span> <span class='ocrx_word' id='word_1_331' title='bbox 1937 2959 2122 3005; x_wconf 87' lang='lat' dir='ltr'><em>debere</em></span> 
     </span>
     <span class='ocr_line' id='line_1_34' title="bbox 237 3035 2121 3098; baseline -0.001 -15"><span class='ocrx_word' id='word_1_332' title='bbox 237 3041 240 3044; x_wconf 73' lang='grc'><strong>’</strong></span> <span class='ocrx_word' id='word_1_333' title='bbox 281 3046 333 3083; x_wconf 86' lang='lat' dir='ltr'><em>et</em></span> <span class='ocrx_word' id='word_1_334' title='bbox 359 3038 604 3082; x_wconf 86' lang='lat' dir='ltr'><em>studium</em></span> <span class='ocrx_word' id='word_1_335' title='bbox 628 3045 677 3080; x_wconf 86' lang='lat' dir='ltr'><em>et</em></span> <span class='ocrx_word' id='word_1_336' title='bbox 699 3035 1046 3080; x_wconf 82' lang='lat' dir='ltr'><em>iracundiam</em></span> <span class='ocrx_word' id='word_1_337' title='bbox 1074 3052 1223 3080; x_wconf 89' lang='lat' dir='ltr'><em>suam</em></span> <span class='ocrx_word' id='word_1_338' title='bbox 1249 3036 1592 3095; x_wconf 85' lang='lat' dir='ltr'><em>reipublicae</em></span> <span class='ocrx_word' id='word_1_339' title='bbox 1621 3037 1924 3092; x_wconf 84' lang='lat' dir='ltr'><em>dimittere,</em></span> <span class='ocrx_word' id='word_1_340' title='bbox 1955 3053 2121 3098; x_wconf 87' lang='lat' dir='ltr'><em>neque</em></span> 
     </span>
     <span class='ocr_line' id='line_1_35' title="bbox 281 3113 2122 3176; baseline 0 -17"><span class='ocrx_word' id='word_1_341' title='bbox 281 3114 412 3159; x_wconf 84' lang='lat' dir='ltr'><em>adeo</em></span> <span class='ocrx_word' id='word_1_342' title='bbox 435 3114 683 3176; x_wconf 81' lang='lat' dir='ltr'><em>graviter</em></span> <span class='ocrx_word' id='word_1_343' title='bbox 710 3113 884 3158; x_wconf 87' lang='lat' dir='ltr'><em>irasci</em></span> <span class='ocrx_word' id='word_1_344' title='bbox 906 3115 1169 3171; x_wconf 85' lang='lat' dir='ltr'><em>inimicis,</em></span> <span class='ocrx_word' id='word_1_345' title='bbox 1198 3122 1274 3170; x_wconf 90' lang='lat' dir='ltr'><em>ut,</em></span> <span class='ocrx_word' id='word_1_346' title='bbox 1298 3132 1454 3175; x_wconf 88' lang='lat' dir='ltr'><em>quum</em></span> <span class='ocrx_word' id='word_1_347' title='bbox 1481 3115 1610 3159; x_wconf 86' lang='lat' dir='ltr'><em>illis</em></span> <span class='ocrx_word' id='word_1_348' title='bbox 1636 3132 1823 3160; x_wconf 87' lang='lat' dir='ltr'><em>nocere</em></span> <span class='ocrx_word' id='word_1_349' title='bbox 1845 3132 1899 3159; x_wconf 88' lang='lat' dir='ltr'><em>se</em></span> <span class='ocrx_word' id='word_1_350' title='bbox 1926 3123 2122 3176; x_wconf 83' lang='lat' dir='ltr'><em>speret,</em></span> 
     </span>
    </p>
   </div>
   <div class='ocr_carea' id='block_1_7' title="bbox 279 3191 2205 3254">
    <p class='ocr_par' dir='ltr' id='par_1_7' title="bbox 279 3191 2205 3254">
     <span class='ocr_line' id='line_1_36' title="bbox 279 3191 2205 3254; baseline 0 -17"><span class='ocrx_word' id='word_1_351' title='bbox 279 3193 626 3254; x_wconf 81' lang='lat' dir='ltr'><em>reipublicae</em></span> <span class='ocrx_word' id='word_1_352' title='bbox 668 3199 872 3234; x_wconf 86' lang='lat' dir='ltr'><em>noceat.</em></span> <span class='ocrx_word' id='word_1_353' title='bbox 913 3216 974 3224; x_wconf 90' lang='lat'><em>--</em></span> <span class='ocrx_word' id='word_1_354' title='bbox 1021 3191 1192 3236; x_wconf 86' lang='lat' dir='ltr'><em>Eadem</em></span> <span class='ocrx_word' id='word_1_355' title='bbox 1234 3191 1336 3250; x_wconf 84' lang='lat' dir='ltr'><em>fere</em></span> <span class='ocrx_word' id='word_1_356' title='bbox 1377 3201 1512 3253; x_wconf 83' lang='lat' dir='ltr'><em>atque</em></span> <span class='ocrx_word' id='word_1_357' title='bbox 1555 3193 1717 3238; x_wconf 88' lang='lat' dir='ltr'><em>eisdem</em></span> <span class='ocrx_word' id='word_1_358' title='bbox 1758 3194 1901 3237; x_wconf 80' lang='lat' dir='ltr'><em>verbis</em></span> <span class='ocrx_word' id='word_1_359' title='bbox 1934 3201 2122 3254; x_wconf 79' lang='lat' dir='ltr'><em>praetor</em></span> <span class='ocrx_word' id='word_1_360' title='bbox 2203 3200 2205 3202; x_wconf 77' lang='grc'><strong>’</strong></span> 
     </span>
    </p>
   </div>
   <div class='ocr_carea' id='block_1_8' title="bbox 266 3270 2120 3567">
    <p class='ocr_par' dir='ltr' id='par_1_8' title="bbox 266 3270 2120 3567">
     <span class='ocr_line' id='line_1_37' title="bbox 279 3270 2120 3331; baseline 0 -16"><span class='ocrx_word' id='word_1_361' title='bbox 279 3272 468 3315; x_wconf 87' lang='lat' dir='ltr'><em>Roscius</em></span> <span class='ocrx_word' id='word_1_362' title='bbox 495 3271 592 3331; x_wconf 84' lang='lat' dir='ltr'><em>agit</em></span> <span class='ocrx_word' id='word_1_363' title='bbox 624 3286 722 3314; x_wconf 87' lang='lat' dir='ltr'><em>cum</em></span> <span class='ocrx_word' id='word_1_364' title='bbox 753 3270 949 3314; x_wconf 84' lang='lat' dir='ltr'><em>Caesare.</em></span> <span class='ocrx_word' id='word_1_365' title='bbox 1013 3286 1048 3314; x_wconf 90' lang='lat' dir='ltr'><em>c.</em></span> <span class='ocrx_word' id='word_1_366' title='bbox 1071 3273 1112 3314; x_wconf 87' lang='grc'><em>9.</em></span> <span class='ocrx_word' id='word_1_367' title='bbox 1150 3271 1274 3328; x_wconf 82' lang='lat' dir='ltr'><em>Quae</em></span> <span class='ocrx_word' id='word_1_368' title='bbox 1305 3286 1376 3314; x_wconf 85' lang='lat' dir='ltr'><em>res</em></span> <span class='ocrx_word' id='word_1_369' title='bbox 1409 3272 1496 3316; x_wconf 88' lang='lat' dir='ltr'><em>etsi</em></span> <span class='ocrx_word' id='word_1_370' title='bbox 1526 3272 1647 3316; x_wconf 76' lang='lat' dir='ltr'><em>nihil</em></span> <span class='ocrx_word' id='word_1_371' title='bbox 1677 3272 1738 3316; x_wconf 86' lang='lat' dir='ltr'><em>ad</em></span> <span class='ocrx_word' id='word_1_372' title='bbox 1764 3272 1970 3317; x_wconf 80' lang='lat' dir='ltr'><em>levandas</em></span> <span class='ocrx_word' id='word_1_373' title='bbox 2001 3273 2120 3316; x_wconf 83' lang='lat' dir='ltr'><em>iniu-</em></span> 
     </span>
     <span class='ocr_line' id='line_1_38' title="bbox 283 3346 2119 3412; baseline -0.001 -18"><span class='ocrx_word' id='word_1_374' title='bbox 283 3350 378 3394; x_wconf 87' lang='lat' dir='ltr'><em>rias</em></span> <span class='ocrx_word' id='word_1_375' title='bbox 413 3350 640 3410; x_wconf 82' lang='lat' dir='ltr'><em>pertinere</em></span> <span class='ocrx_word' id='word_1_376' title='bbox 674 3346 970 3403; x_wconf 80' lang='lat' dir='ltr'><em>videbantur,</em></span> <span class='ocrx_word' id='word_1_377' title='bbox 1019 3355 1196 3404; x_wconf 86' lang='lat' dir='ltr'><em>tamen,</em></span> <span class='ocrx_word' id='word_1_378' title='bbox 1229 3348 1409 3392; x_wconf 77' lang='lat' dir='ltr'><em>idoneos</em></span> <span class='ocrx_word' id='word_1_379' title='bbox 1439 3357 1599 3395; x_wconf 85' lang='lat' dir='ltr'><em>nactus</em></span> <span class='ocrx_word' id='word_1_380' title='bbox 1632 3350 1852 3408; x_wconf 73' lang='lat' dir='ltr'><em>homines,</em></span> <span class='ocrx_word' id='word_1_381' title='bbox 1893 3367 1979 3412; x_wconf 88' lang='lat' dir='ltr'><em>per</em></span> <span class='ocrx_word' id='word_1_382' title='bbox 2009 3366 2119 3411; x_wconf 87' lang='lat' dir='ltr'><em>quos</em></span> 
     </span>
     <span class='ocr_line' id='line_1_39' title="bbox 283 3424 2119 3490; baseline 0.001 -19"><span class='ocrx_word' id='word_1_383' title='bbox 283 3443 360 3482; x_wconf 75' lang='lat' dir='ltr'><em>ea,</em></span> <span class='ocrx_word' id='word_1_384' title='bbox 393 3443 507 3486; x_wconf 88' lang='lat' dir='ltr'><em>quae</em></span> <span class='ocrx_word' id='word_1_385' title='bbox 529 3425 662 3469; x_wconf 82' lang='lat' dir='ltr'><em>vellet</em></span> <span class='ocrx_word' id='word_1_386' title='bbox 679 3462 691 3483; x_wconf 91' lang='lat'>‚</span> <span class='ocrx_word' id='word_1_387' title='bbox 728 3424 789 3468; x_wconf 85' lang='lat' dir='ltr'><em>ad</em></span> <span class='ocrx_word' id='word_1_388' title='bbox 811 3443 908 3470; x_wconf 88' lang='lat' dir='ltr'><em>eum</em></span> <span class='ocrx_word' id='word_1_389' title='bbox 922 3426 1261 3487; x_wconf 84' lang='lat' dir='ltr'><em>perferrentur,</em></span> <span class='ocrx_word' id='word_1_390' title='bbox 1287 3428 1412 3486; x_wconf 82' lang='lat' dir='ltr'><em>petit</em></span> <span class='ocrx_word' id='word_1_391' title='bbox 1436 3428 1491 3472; x_wconf 89' lang='lat' dir='ltr'><em>ab</em></span> <span class='ocrx_word' id='word_1_392' title='bbox 1509 3436 1719 3490; x_wconf 79' lang='lat' dir='ltr'><em>utroque,</em></span> <span class='ocrx_word' id='word_1_393' title='bbox 1754 3429 1959 3489; x_wconf 80' lang='lat' dir='ltr'><em>quoniam</em></span> <span class='ocrx_word' id='word_1_394' title='bbox 1987 3430 2119 3472; x_wconf 82' lang='lat' dir='ltr'><em>Pom-</em></span> 
     </span>
     <span class='ocr_line' id='line_1_40' title="bbox 266 3503 2116 3567; baseline -0.001 -17"><span class='ocrx_word' id='word_1_395' title='bbox 266 3506 364 3566; x_wconf 83' lang='lat' dir='ltr'><em>peii</em></span> <span class='ocrx_word' id='word_1_396' title='bbox 395 3505 609 3549; x_wconf 79' lang='lat' dir='ltr'><em>mandata</em></span> <span class='ocrx_word' id='word_1_397' title='bbox 642 3503 702 3548; x_wconf 79' lang='lat' dir='ltr'><em>acl</em></span> <span class='ocrx_word' id='word_1_398' title='bbox 736 3519 783 3548; x_wconf 86' lang='lat' dir='ltr'><em>se</em></span> <span class='ocrx_word' id='word_1_399' title='bbox 818 3503 1090 3561; x_wconf 70' lang='lat' dir='ltr'><em>detulerint,</em></span> <span class='ocrx_word' id='word_1_400' title='bbox 1143 3519 1194 3548; x_wconf 88' lang='lat' dir='ltr'><em>ne</em></span> <span class='ocrx_word' id='word_1_401' title='bbox 1223 3514 1468 3564; x_wconf 82' lang='lat' dir='ltr'><em>graventur</em></span> <span class='ocrx_word' id='word_1_402' title='bbox 1499 3523 1585 3550; x_wconf 82' lang='lat' dir='ltr'><em>sua</em></span> <span class='ocrx_word' id='word_1_403' title='bbox 1617 3523 1788 3567; x_wconf 83' lang='lat' dir='ltr'><em>quoque</em></span> <span class='ocrx_word' id='word_1_404' title='bbox 1818 3506 1879 3550; x_wconf 84' lang='lat' dir='ltr'><em>ad</em></span> <span class='ocrx_word' id='word_1_405' title='bbox 1907 3523 2003 3550; x_wconf 87' lang='lat' dir='ltr'><em>eum</em></span> <span class='ocrx_word' id='word_1_406' title='bbox 2040 3521 2116 3567; x_wconf 85' lang='lat' dir='ltr'><em>po-</em></span> 
     </span>
    </p>
   </div>
  </div>
 </body>
</html>
