2210 3970
235 244 343 297 678
710 257 1036 295 ANNALns
1097 255 1602 294 CICERONIANI.

236 386 320 434 δὲν
350 387 434 434 διὰ
457 386 619 448 ’μέσου
652 390 847 451 πρᾶγμα
879 391 1057 449 κυροῦν
1084 386 1207 447 μηδὲ
1237 388 1470 449 πράττειν
1501 385 1766 447 δημόσιον,
1801 389 1848 432 εἰ
1880 387 1945 447 μή
1973 390 2070 432 Kc·

239 467 410 530 κέρωνι
429 466 642 519 κάθοδος
659 466 866 528 γένοιτο.
912 467 987 510 Dio
1001 478 1201 510 xxxvnl.
1230 483 1265 510 c.
1285 470 1357 510 30.
1377 470 1417 511 1.
1450 465 1518 511 01²1
1543 465 1715 526 μέντοι
1731 469 1812 511 καὶ
1832 464 1912 511 ἒπὶ
1934 468 2062 512 πολύ

238 545 407 609 ἔφυγεν
433 544 484 603 (ὁ
510 546 789 608 Κικέρων),
824 545 947 591 ἀλλὰ
976 548 1057 590 καὶ
1092 543 1171 589 ὑπ’
1210 545 1366 590 αὐτοῦ
1403 547 1492 590 τοῦ
1528 547 1819 604 Πομπηίου,
1857 549 1945 590 τοῦ
1978 547 2063 604 μά-

235 627 381 671 λιστα
410 624 560 671 αὐτὸν
593 625 919 686 ἐκβαλόντος,
954 627 1195 683 κατήχθη.
1214 651 1274 658 ——
1293 626 1572 687 Ὀργισθεὶς
1605 624 1694 687 γάρ
1725 622 1752 668 ὁ
1779 623 2061 684 Πομπήιος,

237 706 318 751 ὅτι
347 708 403 764 τῇ
430 703 649 767 ἐξουσίᾳ,
686 705 744 764 ἣν
773 704 925 756 αὐτὸς
959 711 1062 755 τοῖς
1095 702 1370 764 δημάρχοις
1403 701 1730 759 ἀπεδεδώκει,
1763 708 1869 748 κατ’
1902 702 2059 748 αὐτοῦ

239 782 265 828 ὁ
291 781 519 836 Κλώδιος
548 782 808 846 ἐκέχρητο,
853 782 1254 829 ἀνακαλέσασθαι
1290 781 1373 827 τὸν
1410 781 1668 843 Κικέρωνα
1703 781 1945 842 ἠθέλησε,
1980 784 2062 827 καὶ

236 863 369 925 αὐτῷ
420 863 506 921 τήν
552 863 770 910 κάθοδον
820 865 984 915 εὐθύς
1037 862 1120 908 διὰ
1170 865 1259 907 τοῦ
1309 864 1520 906 Νιννὶου
1568 861 1800 923 πράττειν
1848 862 2021 923 ἤρξατο
2049 894 2060 905 .

235 947 315 1007 καὶ
362 944 416 995 ὃς
457 942 681 1006 ἐσήνεγκε
712 940 800 1001 μὲν
828 940 880 993 ἐς
913 940 969 987 τὸ
1000 939 1348 1002 βουλευτήριον
1379 939 1462 997 τήν
1501 938 1621 1001 ὑπὲρ
1655 940 1811 986 αὐτοῦ
1846 938 2063 1003 γνώμην,

235 1022 428 1068 ἀπόντα
453 1023 538 1068 τὸν
570 1020 799 1068 Κλώδιον
830 1021 1065 1084 τηρήσας·
1098 1019 1417 1070 ἀντιστάντος
1449 1017 1504 1063 δέ
1539 1020 1587 1066 οἱ
1620 1019 1788 1082 ἑτέρου
1816 1020 1947 1073 τινὸς
1975 1021 2063 1078 δη-

234 1102 455 1164 μάρχου,
503 1099 691 1159 ἐκείνην
721 1117 771 1146 τε
808 1098 871 1153 ὡς
904 1103 986 1146 καὶ
1021 1101 1087 1163 τῷ
1120 1099 1306 1157 πλήθει
1340 1096 1589 1144 κοινώσων
1622 1097 1848 1158 ἐξέθηκε,
1883 1102 1964 1145 καὶ
1998 1100 2063 1162 τῷ

234 1181 442 1245 Κλωδίῳ
469 1181 591 1242 πρὸς
618 1182 779 1226 πάντα
810 1181 1040 1231 καθάπαξ
1067 1178 1376 1238 ἠναντιοῦτο.

311 1285 399 1360 (2⁷)
441 1284 662 1340 Kalend.
698 1285 868 1339 Iuniis
909 1285 1004 1357 [ε
1029 1288 1054 1337 1
1082 1283 1223 1336 Iunii
1246 1284 1356 1335 696
1389 1302 1466 1335 =
1508 1284 1576 1334 19
1609 1280 1751 1335 lunii
1784 1285 1872 1335 58.
1908 1298 1955 1335 a.
1979 1281 2058 1356 C.]

233 1385 471 1440 decrevit
511 1391 730 1439 senatus
770 1384 1022 1456 frequens
1062 1383 1127 1437 de
1157 1381 1428 1436 Ciceronis
1458 1380 1668 1446 reditu,
1704 1380 1970 1436 referente
2003 1382 2061 1436 L.

235 1487 460 1552 Ninnio,
518 1485 737 1540 tribuno
791 1485 992 1557 plebis3
1049 1483 1141 1538 sed
1182 1481 1490 1537 intercessit
1541 1476 1724 1538 Aelius
1775 1482 1960 1554 Ligur.
2011 1500 2062 1537 v.

235 1592 396 1643 c.14.
439 1592 528 1642 57.
572 1604 618 1641 c.
648 1590 734 1640 16.
780 1590 869 1640 42.

297 1688 382 1733 Cic.
406 1694 502 1749 post
528 1686 656 1732 redit.
685 1687 730 1730 in
761 1701 849 1731 sen.
877 1702 913 1732 c.
932 1689 974 1731 2.
1006 1690 1048 1730 3.
1081 1688 1267 1746 Itaque,
1292 1691 1454 1747 patres
1477 1683 1740 1744 conscripti,
1773 1709 1835 1718 —-
1864 1682 1946 1728 illo
1966 1683 2066 1744 ipso

236 1774 458 1826 tempore,
493 1781 628 1824 quum
653 1764 699 1807 vi
715 1796 729 1820 ,
751 1763 885 1822 ferro
902 1796 916 1821 ,
948 1772 1068 1809 metu
1086 1796 1100 1820 ,
1132 1764 1265 1809 minis
1293 1764 1464 1808 obsessi
1494 1761 1776 1818 teneremini,
1808 1778 1895 1806 non
1922 1760 2068 1806 multo

231 1849 338 1905 post
383 1840 626 1885 discessum
665 1857 841 1898 meum,
883 1843 1083 1887 universi
1123 1859 1191 1886 me
1227 1843 1494 1898 revocastis,
1539 1840 1761 1900 referente
1797 1841 1848 1883 L.
1875 1839 2062 1897 Ninnio,

226 1919 487 1979 fortissimo
512 1927 645 1979 atque
666 1920 830 1980 optimo
852 1919 946 1963 viro
958 1940 976 1974 ,·
1006 1936 1133 1981 quem
1155 1919 1311 1965 habuit
1331 1920 1412 1965 ille
1424 1919 1625 1982 pestifer
1642 1932 1787 1963 annus
1809 1911 1852 1960 et
1872 1917 2064 1961 maxime

229 1997 441 2060 fidelem,
474 2005 518 2041 et
538 1997 717 2041 minime
739 1997 970 2052 timidum,
1003 1998 1047 2040 si
1062 1996 1276 2043 dimicare
1292 1998 1568 2059 placuisset,
1600 1996 1874 2056 defensorem
1900 1992 2067 2037 salutis

237 2092 370 2120 meae.
433 2077 730 2136 Posteaquam
757 2075 880 2120 vobis
899 2082 1106 2137 potestas
1133 2073 1391 2120 decernendi
1416 2091 1503 2120 non
1529 2082 1600 2119 est‘
1614 2073 1838 2135 permissa
1860 2087 1946 2132 per
1966 2088 2065 2115 eum

236 2154 464 2199 tribunum
486 2153 666 2215 plebis,
699 2154 808 2213 qui,
847 2170 984 2214 quum
1007 2170 1095 2214 per
1125 2169 1173 2197 se
1202 2154 1519 2216 rempublicam
1546 2153 1740 2198 lacerare
1769 2166 1858 2194 non
1876 2156 2032 2210 posset
2048 2181 2070 2205 ,.

236 2231 319 2276 sub
351 2231 496 2276 alieno
527 2230 689 2275 scelere
716 2229 877 2275 delevit
894 2253 912 2286 ,-
942 2247 1183 2292 numquam
1214 2231 1268 2276 de
1297 2248 1366 2276 me
1396 2231 1623 2288 siluistis,
1654 2245 1894 2290 numquam
1925 2244 2066 2272 meam

235 2310 439 2373 salutem·
463 2325 550 2353 non
575 2308 631 2352 ab
664 2307 735 2351 his
766 2308 1047 2366 consulibus,
1090 2311 1170 2370 qui
1194 2309 1511 2368 vendiderant,
1529 2308 1852 2372 flagitavistis.
1899 2306 1952 2350 de
1985 2310 2070 2351 Ha·

235 2404 354 2450 rusp.
387 2404 497 2449 resp.
530 2404 565 2432 c.
585 2390 630 2430 3.
660 2389 706 2432 5.
738 2388 899 2448 Itaque
922 2404 1021 2432 eum
1048 2387 1294 2448 (Clodium)
1318 2405 1566 2450 *numquam
1588 2404 1617 2432 a
1641 2402 1710 2430 me
1733 2401 1828 2430 esse
1858 2400 2072 2429 accusan-

236 2465 341 2510 dum
365 2466 560 2526 putavi,
602 2480 689 2508 non
711 2464 854 2525 plus,
894 2482 1028 2525 quam
1059 2467 1260 2527 stipitem
1285 2467 1450 2522 illum,
1483 2466 1594 2527 qui,
1627 2480 1814 2525 quorum
1846 2463 2069 2508 bominum

237 2551 377 2592 esset,
411 2545 704 2598 nesciremus,
736 2542 830 2586 nisi
854 2557 903 2584 se
931 2543 1139 2603 Ligurem
1167 2545 1268 2604 ipse
1291 2558 1386 2587 esse
1413 2542 1588 2588 diceret.
1657 2540 1779 2600 Quid
1804 2542 1919 2585 enim
1953 2540 2067 2585 hunc

228 2624 476 2682 persequar
492 2652 506 2674 ,
530 2619 746 2679 pecudem
776 2635 827 2662 ac
861 2617 1052 2663 belluam
1068 2653 1082 2675 ,
1108 2619 1279 2680 pabulo
1305 2621 1588 2665 inimicorum
1613 2635 1807 2663 meorum
1834 2626 1878 2662 et
1900 2618 2070 2679 glande

236 2705 492 2759 corruptum
509 2697 537 2740 ?
579 2697 659 2757 qui
689 2697 732 2739 si
763 2697 933 2753 sensit,
977 2714 1063 2759 quo
1106 2714 1202 2743 sese
1235 2699 1398 2744 scelere
1435 2698 1714 2756 devinxerit,
1755 2715 1842 2744 non
1883 2698 2063 2754 dubito,

238 2777 349 2838 quin
386 2776 451 2820 sit
487 2775 794 2818 miserrimus:
833 2775 907 2819 sin
943 2782 1093 2820 autem
1124 2775 1178 2820 id
1204 2793 1290 2821 non
1321 2776 1468 2834 videt,
1502 2777 1757 2838 periculum
1787 2786 1886 2834 est,
1927 2794 1981 2822 ne
2018 2793 2066 2822 se

237 2853 437 2915 stuporis
464 2852 748 2896 excusatione
781 2849 1006 2911 defendat.
1056 2852 1135 2898 Dio
1166 2853 1198 2898 ].
1215 2870 1250 2899 c.

252 3010 255 3011 ν
314 2966 402 3039 (2⁸)
444 2984 520 3020 111.
553 2965 629 3019 Id.
674 2965 818 3020 Sext.
862 2964 960 3037 [z
984 2970 1046 3019 11
1084 2965 1228 3021 Sext.
1263 2966 1442 3042 (Aug.)
1482 2970 1591 3022 696
1631 2988 1705 3020 =
1745 2971 1815 3021 28
1834 2967 1969 3038 Aug.
1994 2971 2065 3022 58

237 3084 286 3122 a.
311 3066 394 3141 C.]
435 3068 490 3121 in
523 3067 724 3139 templo
757 3066 991 3121 Castoris
1013 3067 1534 3140 comprehensusest
1567 3085 1755 3124 servus
1781 3070 1839 3123 P.
1862 3068 2064 3133 Clodii,

237 3184 398 3239 quem
419 3167 508 3221 ille
536 3166 603 3221 ad
633 3166 945 3238 Pompeium
975 3167 1410 3225 interficiendum
1443 3170 1755 3234 collocarat3
1788 3187 1893 3242 qua
1922 3169 1986 3224 de
2007 3186 2067 3223 re

235 3268 520 3339 Pompeius
549 3263 778 3338 'quidem
819 3266 1010 3322 deinde
1049 3284 1106 3322 se
1145 3271 1320 3324 tenuit
1354 3270 1513 3325 domi.
1556 3288 1611 3326 v.
1649 3288 1694 3325 c.
1723 3275 1811 3324 15.
1853 3274 1925 3325 40
1947 3287 2027 3340 sq.

255 3404 261 3409 ..
296 3367 381 3412 Cic.
407 3369 455 3412 in
487 3368 622 3413 Pison.
650 3384 686 3413 o.
720 3371 791 3412 12.
826 3371 898 3413 28.
931 3369 1091 3428 Itaque
1121 3369 1170 3413 in
1207 3370 1289 3414 illo
1324 3371 1524 3417 tumultu
1546 3371 1700 3429 fracti
1720 3371 1880 3431 fasces
1897 3392 1914 3425 ,·
1943 3372 2063 3414 ictus

233 3447 331 3507 ipse
347 3467 366 3501 ,·
396 3446 594 3506 quotidie
616 3445 731 3502 tela,
765 3445 937 3506 lapides
956 3478 969 3502 ,
988 3445 1137 3507 fugae
1153 3467 1172 3501 ,-
1203 3446 1496 3509 deprehensus
1526 3449 1712 3511 denique
1737 3465 1836 3494 cum
1854 3448 1985 3507 serro
2007 3447 2069 3492 ad

235 3531 437 3568 senatum
474 3525 541 3581 is,
587 3541 712 3583 quem
751 3524 812 3568 ad
845 3527 917 3571 Cn.
952 3526 1211 3586 Pompeium
1242 3526 1580 3573 interimendum
1623 3526 1886 3572 collocatam
1910 3525 2067 3583 fuisse
