2158 4030
304 216 373 264 :22
877 204 1084 264 emmo
1130 227 1200 264 nn
1249 227 1385 265 νιτΑ
1433 229 1535 267 sun

300 359 640 434 prudentiam
666 367 825 432 atque
848 360 1212 416 incredibilem
1233 361 1588 433 eloquentiam
1610 362 1881 416 consecuti
1896 403 1911 426 ,
1939 364 2115 417 inanis

300 462 474 517 omnis
500 468 680 516 noster
705 478 820 516 esse
844 461 991 516 labor
1016 467 1077 516 et⁴
1096 461 1322 516 stultum
1350 462 1405 515 in
1432 460 1584 514 nobis
1608 459 1915 516 erudiendis
1942 463 2113 534 patris

301 563 470 617 nostri
491 562 732 621 studium
752 561 1039 616 videretur.
1082 561 1223 629 Quos
1243 568 1385 626 tum,
1408 567 1469 615 ut
1488 560 1668 632 pueri,
1681 559 1916 616 refutare
1935 561 2112 618 dome·

301 664 453 717 sticis
479 663 734 727 testibuS,
767 669 946 734 patre,
973 668 1027 716 et
1046 663 1102 716 C.
1117 662 1411 725 Aculeone,
1450 665 1504 715 et
1523 660 1580 714 L.
1596 660 1870 727 Cicerone,
1891 669 2113 734 patruo,

300 762 622 830 solebamus;
659 762 798 835 quod
832 763 897 817 de
922 762 1110 817 Crasso
1135 769 1316 834 pater,
1356 767 1410 822 et
1435 759 1661 826 Aculeo,
1700 778 1859 833 quem
1891 763 2114 818 Crassus

299 862 486 917 dilexit
522 879 587 917 ex
626 862 872 919 omnibus
909 862 1232 934 plurimum,
1273 868 1327 916 et
1363 866 1618 933 patruuS‚
1657 863 1751 932 qui
1789 879 1913 916 cum
1951 863 2138 939 Anto--

298 963 387 1016 nio
431 963 486 1015 in
525 962 765 1016 Ciliciam
810 961 1080 1033 profectus
1118 959 1592 1025 una-decesserat,
1643 960 1815 1016 multa
1851 962 2003 1017 nobis
2046 962 2112 1018 de

295 1062 411 1116 eius
436 1061 614 1116 studio
644 1061 992 1133 doctriuaque
1022 1076 1179 1133 saepe
1210 1060 1467 1115 narravit.
1544 1063 1634 1116 48.
1673 1059 1826 1115 Nunc
1847 1067 1865 1098 ¹
1906 1078 2003 1133 ego
2035 1063 2113 1118 sic

294 1160 542 1216 existimo
562 1202 577 1226 ,
625 1160 720 1216 hos
767 1168 1004 1217 oratores
1050 1158 1216 1216 fuisse
1252 1160 1516 1215 maximos
1553 1166 1608 1215 et
1646 1160 1702 1214 in
1743 1159 1828 1215 his
1873 1162 2110 1233 primum

292 1277 417 1315 cum
461 1261 784 1316 Graecorum
835 1261 1004 1332 gloria
1053 1261 1242 1316 Latine
1286 1258 1498 1315 dicendi
1549 1254 1757 1332 cbpiam
1808 1267 2110 1332 aequatam.

292 1359 435 1415 Nihil
456 1366 477 1398 ²
515 1362 659 1416 enim
692 1361 827 1415 mihi
866 1361 1082 1433 quidem
1113 1360 1330 1416 videtur
1367 1360 1424 1415 in
1459 1359 1636 1415 Crassi
1664 1365 1719 1414 et
1749 1360 1966 1414 Antonii
2000 1378 2110 1416 ser·

289 1451 446 1517 mone
496 1479 612 1517 esse
648 1463 1029 1535 praeteritum,
1081 1460 1220 1534 quod
1260 1462 1545 1534 quisquam
1583 1461 1811 1515 summis
1849 1461 2112 1539 ingeniis,

289 1564 568 1618 acerrimis
606 1563 801 1618 studiis
820 1605 837 1628 ,
887 1564 1088 1635 optima
1124 1561 1398 1627 doctrina,
1443 1562 1680 1617 maximo
1715 1577 1821 1617 usu
1858 1564 2108 1634 cognosci
2156 1594 2158 1642 j

286 1679 352 1718 ac
401 1665 603 1736 percipi
642 1665 877 1736 potuisse
922 1664 1296 1719 arbitraretur.
1384 1664 1460 1717 Ac
1479 1668 1503 1700 ³
1552 1677 1673 1718 mea
1720 1662 1939 1734 quidem
1990 1680 2109 1719 sen·
2156 1655 2158 1658 ⁴

285 1766 457 1819 tentia
513 1781 668 1820 nemo
724 1766 921 1838 poterit
971 1781 1086 1822 esse
1136 1765 1282 1820 omni
1332 1760 1490 1819 laude
1538 1763 1847 1819 cumulatus
1897 1771 2109 1831 orator,
2151 1804 2158 1840 1,-

285 1865 389 1919 nisi
422 1865 526 1920 erit
559 1867 799 1920 omnium
831 1882 1024 1939 rerunr
1047 1881 1365 1936 magnarum
1398 1870 1560 1936 atque
1591 1864 1791 1919 artium
1823 1864 2104 1920 scientiam
2153 1841 2158 1944 l

283 1973 622 2022 consecutus,
699 1967 912 2022 Etenim
946 1983 1010 2021 ex
1031 1983 1215 2026 rerum
1247 1966 1550 2037 cognitione
1582 1964 1876 2020 efflorescat
1909 1972 1964 2020 et
1988 1965 2109 2020 red·
2152 1970 2158 2044 ⁵:

285 2066 452 2121 undet
490 2073 696 2139 oportet
730 2068 932 2128 oratio;
971 2082 1132 2138 quae,
1171 2066 1277 2120 nisi
1322 2066 1506 2121 subest
1542 2082 1630 2120 res
1655 2065 1721 2121 ab
1754 2073 1963 2121 oratore
1988 2083 2108 2139 per·
2152 2077 2158 2132 j

283 2172 436 2237 cepta
486 2173 540 2220 et
579 2166 824 2237 cognita,
874 2166 1090 2221 inanem
1129 2165 1416 2238 quamdam
1455 2165 1615 2220 habet
1651 2165 2004 2222 elocutionem
2050 2173 2106 2222 et
2150 2135 2158 2207 l

281 2282 448 2338 paene
494 2265 772 2337 puerilem.
860 2269 948 2320 49.
989 2265 1088 2321 Est
1125 2266 1297 2336 igitur
1322 2270 1346 2304 ⁴
1388 2271 1445 2320 et
1490 2265 1715 2321 scientia
1760 2266 2103 2339 comprehen·
2147 2214 2158 2332 l

278 2365 455 2421 denda
493 2381 677 2420 rerum
716 2365 1072 2437 plurimarum
1094 2407 1113 2430 ,
1161 2367 1281 2420 sine
1321 2380 1430 2437 qua
1468 2366 1754 2421 verborum
1798 2366 2103 2423 volubilitas
2148 2349 2158 2409 l

281 2467 456 2521 inanis
495 2473 656 2539 atque
688 2464 959 2520 irridenda
992 2473 1096 2528 cst:
1133 2473 1188 2521 et
1221 2468 1338 2539 ipsa
1373 2467 1549 2549 oratio
1583 2467 1962 2523 conformanda
1994 2485 2101 2524 non

276 2566 451 2622 solum
507 2563 793 2631 electione,
851 2565 942 2620 sed
999 2566 1162 2621 etiam
1220 2563 1647 2633 constructione,
1675 2567 1990 2631 verborum3
2045 2575 2100 2624 et

277 2683 463 2722 omnes
494 2668 796 2721 animorum
835 2673 1013 2722 motus
1031 2708 1047 2732 ,
1086 2683 1220 2739 quos
1258 2667 1537 2723 hominum
1574 2670 1757 2740 generi
1791 2685 1973 2724 rerum
2007 2685 2100 2724 na·
2124 2677 2156 2731 f,

275 2774 400 2822 tura
437 2767 636 2829 ,tribuit
655 2808 672 2832 ,
722 2767 936 2838 penitus
979 2767 1363 2839 pernoscendi3
1414 2768 1556 2842 quod
1594 2771 1769 2824 omnis
1810 2770 1894 2824 vis
1936 2770 2097 2825 ratio·
2152 2744 2158 2803 ⁵*

276 2884 380 2940 que
419 2866 630 2922 dicendi
664 2867 721 2920 in
760 2883 976 2932 eorum,
1014 2867 1107 2938 qui
1153 2867 1411 2935 audiunt,
1462 2870 1733 2926 mentibus
1778 2877 1874 2925 aut
1911 2870 2097 2925 seda-n·
2149 2843 2158 2862 ἐ

276 2969 358 3023 dis
397 2975 491 3023 aut
536 2966 832 3023 excitandis
865 2969 1220 3039 expromenda
1266 2977 1363 3025 est.
1453 2971 1685 3027 Accedat
1723 2971 1906 3028 eodem
1946 2988 2095 3044 opor·
2144 2977 2157 3046 ᾗ

274 3076 353 3124 tet
384 3069 528 3140 lepos
572 3064 792 3141 quidam
837 3068 1164 3141 facetiaeque
1196 3077 1250 3125 et
1294 3072 1526 3128 eruditio
1568 3073 1735 3128 libero
1779 3075 1969 3146 digna,
2010 3091 2092 3128 ce·
2142 3091 2153 3150 j

275 3170 564 3241 leritasque
608 3177 661 3224 et
698 3170 931 3225 brevitas
963 3177 1017 3225 et
1061 3172 1412 3244 respondendi
1453 3181 1507 3230 et
1543 3174 1864 3241 lacessendi,
1905 3174 2087 3230 subtili
2157 3207 2158 3242 ἦ

274 3275 553 3324 venustate
599 3277 758 3343 atque
803 3271 1108 3326 urbanitate
1146 3274 1446 3329 coniuncta.
1528 3274 1776 3330 Tenenda
1815 3258 2089 3348 praeterea
2136 3279 2143 3284 ’

2152 2412 2158 2422 ι

2151 2439 2158 2459 1

336 3428 374 3484 ¹)
406 3429 528 3470 Brut.
552 3443 586 3472 c.
607 3430 678 3471 36.
712 3428 855 3483 §138
888 3454 946 3462 —
981 3430 1021 3487 2)
1051 3426 1104 3474 de
1129 3432 1248 3478 Orat.
1269 3433 1325 3476 11.
1358 3447 1392 3475 c.
1414 3434 1456 3478 3.
1489 3431 1602 3487 §¹1.
1636 3457 1691 3466 —-
1726 3433 1769 3489 5)
1799 3430 1908 3476 Ibid.
1928 3436 1960 3478 1.
1986 3448 2022 3478 C.
2041 3436 2082 3479 6.

275 3506 387 3561 §zo
422 3533 478 3541 -
511 3507 552 3562 4)
592 3504 698 3550 lbid.
737 3510 770 3551 1.
802 3522 835 3550 c.
856 3509 897 3550 5.
932 3508 1042 3561 §17-
