2210 3970
533 243 588 299 ι..
611 245 699 300 1x.
741 260 785 296 ο.
811 241 900 296 ιιι.
943 242 981 314 g
1009 245 1036 294 7
1077 271 1150 282 -
1191 240 1346 294 0.1v.
1390 239 1540 313 §11.
1867 247 1971 298 397

151 395 279 467 quid
332 407 428 467 ego
485 395 738 451 sentirem
798 400 851 448 et
897 398 1223 466 spectarem,
1282 389 1510 446 videbat.
1609 380 1721 461 Ego
1773 392 1974 448 incolua

153 497 330 552 mitati
389 496 589 552 civium
647 495 912 567 primum,
973 499 1034 548 ut
1084 498 1264 565 postea
1321 490 1614 566 dignitatiJ,
1675 491 1762 547 ille
1825 508 1974 563 prae-

156 597 295 651 senti
352 594 606 667 dignitati
663 595 840 665 potius
899 592 1221 648 consulebat.
1315 590 1465 658 Quod
1517 596 1698 646 autem
1751 590 1980 648 habebat

154 703 379 768 uterque
429 693 559 767 quid
610 700 925 765 sequeretur
943 736 958 759 ‚
1018 694 1218 749 idcirco
1255 691 1582 748 tolerabilior
1625 699 1742 748 erat
1793 700 1977 748 nostra

151 795 428 852 dissensio.
508 795 648 863 Quid
691 811 816 850 vero
862 795 949 851 ille
999 794 1289 866 singularis
1327 794 1412 849 vir
1449 810 1511 849 ac
1549 810 1718 867 paene
1761 794 1981 850 divinus

150 895 217 954 tle
254 912 341 953 me
378 896 635 961 senserit,
674 896 882 961 sciunt,
934 897 1028 968 qui
1065 911 1190 951 eum
1228 895 1294 951 de
1332 894 1639 951 Pharsalica
1671 911 1852 967 pugna
1884 896 1981 951 Pa-

151 995 322 1068 phum
354 997 623 1068 prosecuti
657 1002 801 1051 sunt.
879 996 1183 1068 Numquam
1210 996 1275 1051 ab
1307 1013 1369 1051 eo
1400 997 1602 1051 mentio
1629 996 1695 1051 de
1724 1013 1835 1062 me,
1875 997 1981 1052 nisi

154 1095 473 1162 honorifica,
527 1097 631 1151 nisi
665 1096 818 1169 plena
864 1097 1181 1151 amicissimi
1226 1081 1507 1161 desiderii,
1559 1113 1728 1168 quum
1774 1113 1860 1152 me
1904 1099 1980 1152 vi-

75 1194 78 1203 '
153 1195 294 1254 disse
334 1197 454 1270 plus
499 1197 786 1261 fateretur,
837 1214 895 1252 se
935 1200 1230 1269 speravisse
1280 1198 1517 1253 meliora.
1602 1202 1686 1253 10.
1728 1198 1939 1266 Quanto
1959 1204 1979 1237 ¹

154 1305 334 1355 autem
393 1299 657 1370 ignoratio
714 1297 1021 1352 futurorum
1078 1299 1343 1352 malorum
1402 1298 1587 1353 utilior
1644 1305 1760 1362 est,
1818 1315 1982 1369 quam

153 1398 407 1456 sciential-
492 1397 682 1465 Quae²
733 1398 878 1451 enim
917 1398 1028 1451 vita
1068 1397 1259 1452 fuisset
1308 1398 1550 1462 Priamo,
1608 1399 1654 1452 si
1700 1398 1767 1453 ab
1810 1398 1982 1454 adole-

155 1497 359 1556 scentia
415 1498 634 1562 scisset,
687 1507 822 1568 quos
872 1503 1094 1552 eventus
1141 1499 1438 1553 senectutis
1475 1504 1616 1554 esset
1663 1497 1984 1554 habiturus?

157 1613 317 1672 quem
338 1592 399 1663 ⁸,
429 1603 580 1654 tanta
618 1597 869 1670 progenie
909 1596 1185 1662 orbatum,
1225 1614 1393 1670 quum
1434 1598 1490 1652 in
1529 1615 1680 1654 aram
1716 1598 1984 1672 confugis·

154 1707 272 1767 set,
322 1697 532 1755 hostilis
563 1714 757 1754 manus
788 1699 1089 1754 interemit.
1168 1698 1475 1755 Abeamus⁴
1520 1717 1552 1755 a
1598 1700 1814 1762 fabulis;
1866 1717 1983 1773 pro-

157 1801 307 1874 piora
337 1796 632 1856 videamus.
712 1799 794 1854 An
827 1799 918 1854 Cn.
944 1799 1255 1873 Pompeium
1288 1818 1475 1857 censes
1509 1802 1682 1856 tribus
1714 1802 1828 1857 suis
1861 1818 1984 1857 con-

71 1906 82 1927 ·
156 1900 448 1968 salutibus,
487 1900 663 1957 tribus
700 1899 1021 1973 triumphiS,
1062 1902 1423 1957 maximarum
1464 1918 1648 1958 rerum
1687 1901 1857 1975 gloria
1883 1901 1988 1959 lae·

158 2008 400 2062 taturum
429 2001 652 2066 vicisse,
704 2002 751 2057 si
798 2002 992 2065 sciret,
1044 2019 1100 2057 se
1153 2004 1207 2056 in
1261 2002 1548 2059 solitudine
1601 2005 1988 2078 Aegyptiorum

157 2102 490 2161 trucidatum
524 2103 623 2167 iri,
662 2103 859 2158 amisso
892 2104 1156 2158 exercitu:
1197 2110 1292 2159 et⁵
1330 2121 1444 2168 eos,
1484 2105 1578 2175 qui
1617 2104 1988 2160 concidentem

160 2202 472 2263 vulneribus
502 2202 793 2267 vidissent,
844 2220 1013 2274 quum
1048 2204 1104 2257 in
1144 2203 1233 2258 illo
1266 2205 1381 2276 ipso
1419 2205 1766 2260 acerbissimo
1798 2207 1986 2262 miser-

158 2305 402 2378 rimoque
447 2303 752 2378 spectaculo
789 2303 892 2358 sibi
931 2304 1214 2369 timerent,
1263 2304 1404 2376 quod
1441 2320 1513 2356 se
1539 2304 1709 2361 classe
1746 2306 1986 2363 bostium

159 2403 513 2462 circumfusos
569 2404 840 2468 viderent,
899 2402 1034 2458 nihil
1087 2410 1202 2458 tum
1253 2403 1399 2459 aliud
1457 2412 1709 2471 acturos,
1768 2407 1875 2461 nisi
1925 2414 1989 2463 ut

160 2505 391 2578 remiges
413 2503 768 2560 'hortarentur
807 2509 860 2558 et
893 2509 955 2557 ut
991 2503 1219 2559 salutem
1256 2503 1685 2575 adipiscerentur
1714 2505 1884 2578 suga?

234 2705 322 2762 IV.
405 2710 491 2761 11.
533 2706 657 2761 Post
676 2712 698 2743 θ
730 2712 958 2760 mortem
991 2722 1116 2760 vero
1149 2706 1387 2778 Pompeii
1419 2723 1482 2761 ea
1514 2714 1802 2762 consecuta
1834 2715 1987 2774 sunt,

162 2821 298 2878 quae
330 2807 446 2862 sine
472 2806 712 2862 lacrimis
746 2823 850 2860 non
882 2823 1167 2878 possumus
1199 2806 1395 2861 dicere.
1476 2807 1648 2861 Tanta
1668 2813 1691 2843 ⁷
1722 2815 1837 2863 erat
1869 2826 1987 2881 per-

163 2905 400 2963 turbatio
443 2913 501 2962 et
526 2905 780 2962 confusio
818 2923 1000 2963 rerum
1023 2950 1037 2973 ,
1088 2909 1164 2964 ita
1202 2907 1448 2980 perculsa
1485 2914 1539 2961 et
1571 2915 1838 2979 prostrata
1883 2908 1986 2963 foe-

165 3007 386 3063 dissimo
416 3006 552 3063 bello
590 3007 833 3063 iacebant
871 3010 1078 3074 omnia,
1116 3016 1178 3064 ut
1217 3010 1264 3064 is
1302 3009 1497 3080 cuique
1536 3007 1710 3073 locuS,
1750 3009 1842 3064 ubi
1875 3011 1990 3081 ipse

166 3114 335 3173 esset,
361 3111 440 3164 'et
490 3107 592 3163 sibi
638 3109 865 3181 quisque
913 3109 1251 3177 miserrimus
1302 3125 1418 3164 esse
1459 3107 1749 3164 videretur.
1839 3109 1987 3164 Nos⁸

167 3231 379 3259 ns—

232 3326 272 3382 ¹)
299 3323 356 3370 de
385 3324 572 3369 Divinat.
617 3329 672 3370 Π.
714 3340 750 3370 c.
780 3327 822 3369 9.
864 3326 977 3382 923.
1010 3353 1069 3363 --
1102 3329 1141 3385 2)
1175 3326 1284 3371 Ibid.
1319 3326 1433 3383 922.
1467 3351 1526 3358 -
1557 3326 1597 3385 5)
1628 3328 1752 3370 Tusc.
1785 3329 1819 3370 1.
1850 3342 1888 3372 c.
1912 3330 1987 3372 35.

171 3400 285 3457 985.
313 3425 374 3435 -
403 3402 444 3461 4ἱ)
475 3401 530 3446 de
571 3402 758 3447 Divinat.
791 3405 849 3447 11.
888 3418 924 3448 c.
950 3405 992 3446 9.
1025 3404 1140 3461 922.
1174 3430 1230 3436 —-
1264 3405 1305 3459 5)
1336 3404 1461 3447 Tusc.
1495 3405 1572 3447 111.
1607 3405 1735 3448 c.27.
1769 3404 1794 3461 §
1821 3406 1894 3449 66.
1928 3430 1987 3438 ——

172 3474 294 3534 ⁶)-de
309 3477 492 3525 Divinat.
523 3483 577 3524 ll.
605 3495 641 3524 c.
660 3482 703 3524 9.
737 3481 851 3538 922.
885 3506 943 3513 -
976 3482 1016 3537 7)
1049 3479 1181 3540 Epist.
1207 3478 1259 3522 ad
1285 3482 1400 3523 Serv.
1419 3478 1660 3539 Sulpicium
1686 3481 1759 3540 (ad
1781 3484 1895 3527 Fam.
1917 3486 1985 3527 lv.

175 3556 214 3597 4.
249 3554 355 3614 92.)
387 3582 443 3592 -
477 3559 516 3615 8)
553 3557 680 3617 Epist.
710 3556 760 3601 ad
795 3558 1040 3602 Terentiam
1071 3557 1142 3613 (ad
1171 3559 1286 3600 Fam.
1322 3559 1430 3603 XIV.
1462 3560 1555 3615 12.)
