2210 3970
433 243 622 299 L.V11.
666 261 710 297 ο.
737 240 838 297 x1..
884 239 1058 314 §105
1099 268 1175 278 --
1213 236 1411 291 (:.XL1.
1457 238 1496 310 g
1527 242 1644 290 108.
1851 240 1957 290 559

130 410 254 450 cum
295 393 491 451 litteris
530 399 741 467 praesto
774 391 905 453 fuit;
944 406 975 446 e
1010 387 1236 463 quibus,
1275 390 1331 442 in
1371 403 1534 461 quam
1568 385 1956 458 rempublicam

130 501 391 551 venturus
429 494 631 558 essem,
674 490 1053 564 intelligebam.
1130 488 1362 561 Cognovi
1391 488 1535 543 enim
1567 502 1634 542 ex
1661 485 1957 542 multorum

129 596 426 652 amicorum
478 593 674 649 litteris
696 634 710 658 ,
775 609 909 667 quas
953 590 1137 647 attulit
1194 590 1421 645 Acastus
1442 631 1456 653 ,
1515 587 1583 642 ad
1640 602 1790 642 arma
1843 603 1957 642 rem

127 701 398 769 spectare,
433 700 495 749 ut
527 694 686 759 mihi,
714 710 884 766 quum
913 693 1202 757 venissem,
1241 689 1584 746 dissimulare
1608 705 1715 743 non
1747 687 1959 752 liceret,

126 794 259 869 quid
309 793 583 849 sentirem.
681 793 941 849 Cohorrui
969 799 986 833 ¹
1046 798 1227 849 autem
1248 832 1263 857 ,
1321 789 1464 864 quod
1521 789 1689 845 Attici
1747 787 1963 844 litterae

130 893 446 952 afferebant:
517 894 786 951 Caesar²
843 893 1238 950 Placentiam
1302 891 1584 966 leqiones
1644 898 1959 964 quattuor.

129 994 324 1053 Videre
343 1000 365 1035 ⁸
429 995 574 1052 enim
619 995 755 1052 mihi
799 995 1020 1052 videbar
1061 1000 1285 1051 'tautam
1342 992 1774 1054 dimicationem:
1832 990 1963 1065 (uisi

130 1095 272 1153 idem
309 1094 469 1163 deus,
509 1098 603 1169 qui
644 1113 740 1152 nos
773 1096 992 1161 meliuS,
1032 1110 1195 1168 quam
1225 1099 1414 1167 optare
1446 1091 1799 1157 auderemus,
1836 1091 1963 1147 Par·

130 1196 277 1253 tbico
314 1190 462 1252 bello
481 1195 752 1261 liberavit,
791 1196 1085 1268 respiceret
1135 1191 1545 1267 rempublicam)
1594 1192 1689 1248 sed
1726 1198 1968 1259 tantam,

128 1302 331 1370 quanta
382 1307 679 1367 numquam
727 1294 852 1349 fuit.
951 1294 1165 1349 Nemini
1186 1298 1208 1333 ⁴
1259 1300 1343 1349 est
1391 1294 1538 1348 enim
1589 1292 1927 1364 exploratum
1948 1330 1965 1357 ,

128 1404 309 1470 quum*
335 1393 404 1450 ad
453 1409 608 1451 arma
651 1398 874 1448 ventum
925 1398 1009 1448 est
1028 1434 1044 1458 ‚
1096 1392 1227 1465 quid
1279 1392 1538 1448 futurum
1566 1393 1667 1446 sit:
1720 1397 1778 1446 at
1833 1389 1966 1447 illud

129 1489 378 1553 omnibus
398 1536 414 1562 ,
449 1495 500 1551 ‘si
538 1493 663 1550 boni
700 1492 834 1548 victi·
870 1498 1001 1549 sunt
1019 1533 1034 1557 ,
1087 1506 1188 1547 nec
1223 1492 1281 1547 in
1321 1490 1485 1547 caede
1521 1490 1830 1565 principum
1863 1490 1966 1547 cle-

127 1591 447 1654 memiorem
483 1595 635 1652 hunc
672 1592 784 1652 fore
805 1636 820 1659 ,
870 1608 1035 1666 quam
1073 1591 1244 1648 Cinna
1282 1590 1476 1658 fuerit,
1517 1608 1616 1647 nec
1648 1590 1968 1648 moderatio·

128 1707 275 1764 rem,
316 1707 488 1771 'quam
541 1693 690 1753 Sulla
710 1737 725 1761 ,
784 1694 841 1750 in
892 1693 1139 1768 pecuniis
1189 1694 1557 1767 locupletium.
1654 1696 1778 1750 108.
1821 1691 1969 1749 Sed⁸

128 1798 229 1854 bec
252 1795 460 1854 malum
493 1795 628 1854 mibi
661 1809 950 1853 commune
975 1802 1093 1852 erat
1124 1810 1251 1852 cum
1282 1795 1552 1852 omnibus.
1612 1793 1750 1850 Illud
1782 1809 1966 1850 meum

129 1898 407 1973 proprium
451 1895 750 1972 πρόβλημα.
828 1897 1063 1953 Auctore
1095 1896 1276 1952 Attico
1307 1902 1606 1968 utrumque
1635 1910 1787 1951 eram
1825 1910 1969 1951 com·

127 1998 344 2072 plexusz
383 1998 490 2072 qui
529 1995 816 2071 aliquando
854 2003 1198 2070 persuaserat
1211 2037 1227 2062 ,
1277 2003 1342 2052 ut
1379 1995 1613 2052 alterum
1651 1994 1969 2069 complecte-

127 2111 256 2165 rer,
294 2090 423 2172 quia
460 2098 527 2156 de
564 2112 653 2156 me
684 2105 802 2155 erat
840 2098 1041 2172 optime
1078 2098 1337 2163 mei-itm,
1377 2096 1609 2153 alterum
1630 2099 1814 2170 ,-quia
1850 2103 1968 2153 tan·

133 2206 268 2255 tum‘
298 2197 526 2255 valebat.
623 2197 750 2255 Feci
790 2199 978 2270 igitur.
1076 2198 1265 2270 Itaque
1303 2195 1455 2252 effeci
1494 2197 1642 2251 omni
1680 2195 1970 2270 obsequio,

133 2306 196 2355 ut
239 2300 422 2356 nentri
466 2299 684 2357 illorum
722 2300 1011 2372 quisquam
1054 2304 1197 2354 esset
1229 2313 1316 2354 me
1354 2299 1548 2354 carior.
1641 2297 1783 2354 Haec
1821 2299 1968 2355 enim

131 2399 528 2473 cogitabamus:
596 2415 695 2456 nec
752 2396 886 2455 mihi
902 2441 918 2465 ,
985 2400 1274 2454 coniuncto
1330 2414 1457 2454 cum
1516 2398 1796 2470 Pompeio,
1855 2398 1969 2455 fore

130 2512 347 2556 necesse
385 2512 608 2573 peccare
640 2500 697 2555 in
736 2499 1012 2573 republica
1051 2498 1368 2572 aliquando,
1410 2514 1539 2564 nec,
1578 2503 1705 2555 cum
1743 2499 1968 2556 Caesare

129 2600 411 2666 sentienti,
463 2599 815 2674 pugnandum
854 2616 972 2656 esse
1007 2614 1135 2655 cum
1181 2599 1460 2673 Pompeio;
1500 2606 1651 2656 tanta
1689 2608 1807 2656 erat
1854 2600 1965 2656 illo-

130 2712 260 2756 rum·
285 2700 611 2756 coniunctio.
691 2700 805 2756 Iam
843 2716 971 2756 vero
1009 2699 1386 2773 impendebat,
1433 2707 1496 2756 ut
1533 2708 1587 2756 et
1626 2701 1842 2757 Atticus
1886 2719 1967 2757 os-

129 2799 380 2856 tendebat
417 2808 472 2856 et
510 2817 608 2872 ego
638 2800 916 2866 videbam,
955 2817 1171 2856 summa
1211 2802 1355 2856 inter
1385 2817 1475 2855 eos
1514 2802 1804 2856 contentio.
1884 2802 1967 2857 Me

131 2906 575 2973 autemuterque
606 2900 925 2956 numerabat
956 2917 1142 2967 suum,
1183 2903 1288 2957 nisi
1323 2900 1459 2956 forte
1486 2900 1777 2956 simulabat
1809 2901 1963 2958 alter.

129 3001 265 3057 Nam
305 3002 589 3074 Pompeius
629 3017 734 3056 non
775 3001 1090 3066 simulabat;
1147 3020 1272 3059 vere
1312 3003 1458 3058 enim
1512 3001 1814 3067 iudicabat,
1866 3019 1929 3058 ea
1949 3045 1964 3067 ,

127 3111 271 3174 'qua'e
303 3101 368 3158 de
402 3101 676 3176 republica
708 3102 962 3168 sentiret,
1001 3103 1137 3159 mihi
1176 3104 1329 3159 valde
1362 3102 1594 3176 probari.
1675 3103 1966 3176 Utriusque

136 3209 314 3257 autem
367 3218 679 3274 acceperam
712 3203 975 3258 eiusmodi
1009 3203 1220 3259 litteras
1240 3246 1254 3268 ‚
1307 3203 1491 3258 eodem
1532 3210 1772 3275 tempore
1792 3247 1807 3268 ,
1857 3221 1965 3276 quo

198 3474 235 3527 ι)
268 3469 321 3514 ad
355 3474 442 3515 Ait.
473 3474 565 3516 vn.
596 3476 636 3516 1.
672 3474 754 3529 §L
790 3498 847 3506 —-
881 3473 1306 3532 2)1bid.vl.9.§5.
1341 3499 1397 3507 -
1433 3471 1876 3532 ³)1bid.vn.1.§2.
1907 3499 1963 3507 -

134 3551 174 3606 4)
211 3548 320 3595 ibid.
350 3553 439 3595 vll.
473 3554 511 3594 7.
545 3554 626 3608 §71
665 3578 720 3582 ——
755 3554 794 3609 5)
830 3549 935 3597 lbid.
975 3555 1066 3598 Vll.
1106 3557 1140 3595 1.
1178 3555 1259 3608 §2
