2210 3970
202 363 447 413 bellorum
496 360 774 420 rariorum,
826 375 954 424 quac
1007 361 1158 425 vulgo
1211 359 1595 426 Monographiae
1648 369 1922 412 vocantur:
1974 380 2036 412 an

201 454 419 517 denique
438 469 500 501 ex
537 450 875 510 tenacissima,
911 466 1009 514 qua
1039 451 1256 515 gaudeS‚
1286 460 1338 500 et
1368 465 1463 514 qna
1481 464 1654 514 precor
1679 449 1769 499 diu
1788 451 2033 516 gaudeaS,

200 540 642 591 innumerabilium
688 555 858 588 rerum
898 540 1168 601 memoria,
1205 555 1359 604 quae,
1396 555 1497 588 non
1533 538 1696 588 dicam
1737 555 1797 588 eo
1832 540 2032 590 adscen-

199 630 307 690 dit,
342 646 442 695 quo
483 630 755 679 humanam
789 638 1010 678 mentem
1058 645 1157 678 non
1193 630 1335 678 facile
1382 628 1706 678 credidissem
1745 645 1887 694 posse
1926 646 2032 695 per-

198 719 370 769 venire
412 719 507 768 nisi
555 719 623 768 Te
672 727 853 768 testem
898 718 1164 777 haberem,
1211 718 1299 767 sed
1333 734 1462 782 quae
1505 734 1681 783 parum
1728 719 1870 769 abest
1910 720 2033 784 quin

197 809 249 857 id
284 817 581 872 assequatur
615 816 674 856 ut
708 823 760 856 se
795 823 910 856 cum
945 807 1049 871 ipsa
1084 807 1327 856 librorum
1362 806 1462 856 fide
1507 817 1768 873 exaequet.
1838 809 2033 867 Quibus

194 897 347 946 rebus
393 897 582 946 factum
629 905 706 946 est
757 905 816 945 ut
861 911 1121 960 nunquam
1163 911 1190 943 a
1237 894 1306 943 Te
1353 895 1666 947 discesserim
1712 898 1809 947 nisi
1856 898 2031 948 multis

195 985 421 1050 partibus
455 984 649 1033 doctior
678 993 730 1034 et
763 984 978 1033 eruditis
1025 985 1192 1049 spoliis
1228 993 1456 1034 onustus.
1526 986 1666 1043 Quae
1701 986 1787 1036 ubi
1823 986 2029 1037 domum

194 1075 357 1124 redux
393 1074 589 1139 singula
623 1075 674 1123 in
710 1091 860 1124 suum
895 1090 1124 1138 quaeque
1160 1074 1387 1122 ordinem
1417 1073 1758 1138 disponerem,
1792 1090 1920 1140 quae
1949 1079 2029 1127 vel

195 1181 258 1214 ex
293 1181 379 1215 ore
425 1173 515 1214 tuo
562 1163 735 1213 audita
776 1163 856 1213 vel
902 1178 965 1212 ex
1007 1163 1148 1212 libris
1200 1163 1303 1212 tuis
1349 1171 1402 1212 et
1454 1163 1752 1214 adversariis
1798 1174 2031 1231 excerpta

195 1264 580 1311 annotaveram3
618 1252 739 1317 quid
774 1252 960 1301 mirum
995 1261 1072 1301 est
1107 1252 1148 1301 si
1183 1252 1357 1301 dixero
1377 1291 1389 1310 ,
1425 1255 1623 1304 venisse
1657 1255 1782 1304 mihi
1818 1255 2030 1305 subinde

197 1347 249 1394 in
282 1352 504 1395 mentem
540 1357 808 1392 coenarum
860 1340 1253 1398 Platonicarum,
1306 1358 1436 1406 quae
1470 1359 1572 1393 non
1607 1343 1771 1394 solum
1801 1345 1854 1395 in
1892 1359 2031 1410 prae-

118 1455 125 1463 ·
196 1434 357 1484 sentia
392 1433 480 1482 sed
514 1432 666 1482 etiam
694 1439 893 1497 postero
929 1430 1011 1480 die
1046 1431 1297 1481 iucundae
1332 1448 1442 1483 esse
1476 1433 1812 1484 dicebantur?

260 1613 561 1679 Longiorem
596 1611 857 1676 epistolam
903 1611 1066 1661 facere
1112 1629 1315 1664 necesse
1351 1623 1516 1674 esset,
1564 1616 1606 1666 si
1641 1615 1806 1679 omnia
1849 1615 2027 1667 vellem

186 1719 520 1762 enumerare,
565 1717 692 1766 quae
739 1701 850 1751 Tibi
891 1701 1083 1760 debe0,
1118 1702 1206 1753 Vir
1256 1705 1584 1769 amicissimffi
1631 1714 1684 1756 et
1729 1705 1914 1771 quibus
1945 1722 2028 1757 me

192 1809 293 1843 non
323 1793 486 1842 solum
520 1791 738 1840 amicitia
773 1791 862 1840 sed
896 1792 1001 1842 fere
1035 1794 1332 1859 cognatione
1368 1793 1478 1844 Tibi
1507 1796 1834 1845 coniunctum
1868 1804 2024 1846 tenes.

194 1884 403 1942 Quoties
453 1881 618 1939 enim,
672 1881 759 1930 ubi
805 1880 1006 1931 iuberes
1050 1897 1131 1932 me
1177 1881 1230 1931 in
1282 1881 1695 1935 Academicorum
1741 1885 2028 1936 studiorum

190 1973 483 2024 memoriam
530 1971 717 2021 Tecum
762 1970 958 2027 redire,
1006 1970 1142 2035 quod
1194 1972 1480 2037 saepissime
1530 1973 1682 2036 saciS,
1735 1975 1906 2026 audivi
1958 1975 2027 2026 Te

190 2064 442 2114 dicentem
476 2061 603 2110 nihil
639 2060 842 2109 omnino
877 2060 1164 2125 exoptatius
1183 2059 1293 2109 Tibi
1328 2061 1552 2126 potuisse
1586 2063 1838 2123 accidere,
1874 2081 2025 2130 quam

189 2155 229 2205 si
264 2163 456 2220 patrem
490 2167 661 2206 meum
702 2149 965 2205 habuisses
1006 2158 1405 2215 praeceptorem;
1441 2151 1506 2201 de
1535 2152 1681 2204 cuius
1715 2154 1809 2205 viri
1843 2154 2024 2206 doctri·

185 2262 281 2306 na,
330 2242 607 2300 modestia,
652 2240 952 2290 liberalitate
999 2248 1052 2290 et
1098 2240 1285 2305 pietate
1331 2240 1403 2290 ita
1443 2241 1582 2307 loqui
1629 2244 1758 2294 soles
1801 2252 1891 2302 ut,
1937 2245 2023 2309 qui

185 2336 310 2385 mihi
344 2334 443 2384 fuit
475 2332 691 2383 maxime
726 2332 859 2381 inter
893 2345 1066 2379 omnes
1098 2329 1328 2379 homines
1374 2339 1604 2393 amatuS,
1639 2334 1682 2384 is
1728 2333 1838 2384 Tibi
1878 2334 2023 2384 facile

186 2426 367 2476 fuisset
396 2423 648 2473 secundus
683 2438 710 2470 a
744 2420 1054 2471 Voorstio
1102 2427 1223 2476 tuo,
1260 2435 1411 2483 quem
1445 2437 1546 2472 non
1579 2424 1729 2474 modo
1769 2433 2021 2490 praestan·

185 2515 436 2565 tissimum
472 2510 756 2561 studiorum
790 2509 971 2558 ducem
1007 2516 1059 2557 et
1093 2508 1377 2572 auspicem,
1424 2511 1560 2574 quod
1599 2514 1750 2563 multi
1785 2515 2019 2579 profiten-

185 2613 293 2661 tur,
329 2601 418 2652 sed
447 2602 662 2650 alterum
688 2605 944 2663 parentem
980 2596 1090 2645 Tibi
1125 2596 1280 2646 fuisse
1310 2599 1593 2662 gratissimo
1624 2618 1819 2668 semper
1852 2605 2018 2655 animo

182 2693 451 2760 praedicas.
522 2690 632 2748 Quo
679 2703 906 2737 sermone
939 2702 1063 2736 num
1098 2685 1220 2750 quid
1249 2686 1522 2739 iucundius
1556 2690 1666 2742 fieri
1711 2702 1877 2758 potest
1912 2694 2016 2744 filio

182 2783 475 2834 memoriam
517 2779 671 2845 patris
705 2777 784 2843 pie
813 2776 1152 2838 inviolateque
1188 2777 1445 2827 servanti?
1514 2780 1623 2838 Qua
1657 2798 1777 2833 vero
1808 2783 2018 2836 benevo-

182 2874 339 2924 lentia
367 2872 448 2923 vel
476 2870 645 2936 potius
674 2881 844 2916 amore
872 2880 990 2915 vere
1018 2872 1226 2930 paterno
1245 2866 1346 2915 vidi
1378 2867 1447 2917 Te
1476 2872 1674 2936 saepius
1702 2882 1755 2923 et
1787 2873 2016 2926 Lucam

179 2979 351 3013 meum
385 2969 437 3010 et
470 2957 899 3009 Fredericum
934 2963 986 3004 et
1019 2969 1138 3004 vero
1174 2970 1373 3005 omnem
1420 2961 1759 3024 septenarium
1794 2962 2013 3014 filiorum

179 3066 407 3102 meorum
440 3062 711 3098 numerum
745 3045 898 3095 etiam
932 3052 1083 3109 atque
1119 3045 1271 3095 etiam
1304 3048 1717 3113 complectentem
1751 3060 1803 3102 et
1837 3054 1900 3102 ad
1934 3055 2014 3104 lit-

180 3152 403 3192 terarum
438 3138 606 3188 studia
641 3135 970 3187 excitantem!
1041 3135 1138 3193 Qui
1172 3134 1311 3185 haud
1346 3137 1447 3187 scio
1477 3155 1541 3189 an
1574 3141 1764 3190 nullam
1794 3143 2012 3207 reperire

179 3232 369 3298 possint
402 3229 660 3278 meliorem
706 3225 911 3277 virtutis
955 3224 1297 3289 disciplinam,
1349 3244 1500 3292 quam
1543 3231 2011 3296 contemplationem

181 3330 331 3384 atque
365 3317 697 3367 imitationem
731 3316 842 3365 Tui.
913 3315 1074 3373 Quam
1121 3316 1343 3367 studiose
1389 3317 1606 3383 denique
1647 3327 1715 3370 et
1745 3321 2012 3388 diligenter

180 3411 248 3461 Te
280 3408 443 3459 omnia
472 3423 646 3457 curare
672 3405 925 3464 intellexi,
961 3420 1087 3469 quae
1119 3414 1206 3455 aut
1242 3407 1303 3456 ad
1345 3424 1425 3459 me
1454 3410 1788 3475 pertinerent,
1825 3422 1913 3464 aut
1946 3415 2007 3464 ad
