<?xml version="1.0" encoding="UTF-8"?>
<!DOCTYPE html PUBLIC "-//W3C//DTD XHTML 1.0 Transitional//EN"
    "http://www.w3.org/TR/xhtml1/DTD/xhtml1-transitional.dtd">
<html xmlns="http://www.w3.org/1999/xhtml" xml:lang="en" lang="en">
 <head>
  <title>
</title>
<meta http-equiv="Content-Type" content="text/html;charset=utf-8" />
  <meta name='ocr-system' content='tesseract 3.04.00' />
  <meta name='ocr-capabilities' content='ocr_page ocr_carea ocr_par ocr_line ocrx_word'/>
</head>
<body>
  <div class='ocr_page' id='page_1' title='image "./mtulliiciceronis00suriuoft/mtulliiciceronis00suriuoft_0870.png"; bbox 0 0 2210 3970; ppageno 0'>
   <div class='ocr_carea' id='block_1_1' title="bbox 266 205 1342 263">
    <p class='ocr_par' dir='ltr' id='par_1_1' title="bbox 266 205 1342 263">
     <span class='ocr_line' id='line_1_1' title="bbox 266 205 1342 263; baseline -0.011 -7"><span class='ocrx_word' id='word_1_1' title='bbox 266 205 375 257; x_wconf 81' lang='lat'><strong>844</strong></span> <span class='ocrx_word' id='word_1_2' title='bbox 469 259 474 263; x_wconf 3' lang='grc' dir='ltr'><strong>Ρ</strong></span> <span class='ocrx_word' id='word_1_3' title='bbox 1058 209 1342 247; x_wconf 70' lang='grc' dir='ltr'><strong>ιυιιυε..</strong></span> 
     </span>
    </p>
   </div>
   <div class='ocr_carea' id='block_1_2' title="bbox 203 345 2205 3532">
    <p class='ocr_par' dir='ltr' id='par_1_2' title="bbox 268 345 1996 408">
     <span class='ocr_line' id='line_1_2' title="bbox 268 345 1996 408; baseline -0.005 -13"><span class='ocrx_word' id='word_1_4' title='bbox 268 356 383 408; x_wconf 87' lang='lat' dir='ltr'><strong>pitae</strong></span> <span class='ocrx_word' id='word_1_5' title='bbox 412 366 454 407; x_wconf 93' lang='grc' dir='ltr'><strong>Ρ.</strong></span> <span class='ocrx_word' id='word_1_6' title='bbox 489 351 597 392; x_wconf 88' lang='grc'><strong>543.</strong></span> <span class='ocrx_word' id='word_1_7' title='bbox 632 361 730 389; x_wconf 90' lang='lat' dir='ltr'><strong>cum</strong></span> <span class='ocrx_word' id='word_1_8' title='bbox 763 347 891 387; x_wconf 79' lang='lat' dir='ltr'><strong>fratre</strong></span> <span class='ocrx_word' id='word_1_9' title='bbox 924 347 1019 387; x_wconf 86' lang='lat' dir='ltr'><strong>Caio</strong></span> <span class='ocrx_word' id='word_1_10' title='bbox 1053 347 1290 389; x_wconf 82' lang='lat' dir='ltr'><strong>trucidatur</strong></span> <span class='ocrx_word' id='word_1_11' title='bbox 1322 346 1445 387; x_wconf 88' lang='lat' dir='ltr'><strong>iussu</strong></span> <span class='ocrx_word' id='word_1_12' title='bbox 1478 346 1636 386; x_wconf 79' lang='lat' dir='ltr'><strong>Cinnae</strong></span> <span class='ocrx_word' id='word_1_13' title='bbox 1665 350 1710 386; x_wconf 92' lang='lat' dir='ltr'><strong>et</strong></span> <span class='ocrx_word' id='word_1_14' title='bbox 1735 345 1850 387; x_wconf 71' lang='lat' dir='ltr'><strong>narii</strong></span> <span class='ocrx_word' id='word_1_15' title='bbox 1887 349 1996 393; x_wconf 74' lang='grc'><strong>552,</strong></span> 
     </span>
    </p>

    <p class='ocr_par' dir='ltr' id='par_1_3' title="bbox 271 412 2112 661">
     <span class='ocr_line' id='line_1_3' title="bbox 338 412 2110 467; baseline -0.003 -7"><span class='ocrx_word' id='word_1_16' title='bbox 338 421 382 461; x_wconf 91' lang='lat' dir='ltr'><strong>C.</strong></span> <span class='ocrx_word' id='word_1_17' title='bbox 418 419 591 458; x_wconf 89' lang='lat' dir='ltr'><strong>Iulius</strong></span> <span class='ocrx_word' id='word_1_18' title='bbox 636 417 785 456; x_wconf 86' lang='lat' dir='ltr'><strong>Caesar</strong></span> <span class='ocrx_word' id='word_1_19' title='bbox 818 413 996 464; x_wconf 88' lang='lat' dir='ltr'><strong>Strabo,</strong></span> <span class='ocrx_word' id='word_1_20' title='bbox 1029 427 1054 453; x_wconf 90' lang='lat' dir='ltr'><strong>a</strong></span> <span class='ocrx_word' id='word_1_21' title='bbox 1088 413 1256 464; x_wconf 84' lang='lat' dir='ltr'><strong>Sardis,</strong></span> <span class='ocrx_word' id='word_1_22' title='bbox 1291 412 1403 466; x_wconf 90' lang='lat' dir='ltr'><strong>apud</strong></span> <span class='ocrx_word' id='word_1_23' title='bbox 1442 425 1550 465; x_wconf 88' lang='lat' dir='ltr'><strong>quos</strong></span> <span class='ocrx_word' id='word_1_24' title='bbox 1589 415 1790 465; x_wconf 76' lang='lat' dir='ltr'><strong>quaestor</strong></span> <span class='ocrx_word' id='word_1_25' title='bbox 1834 414 1999 467; x_wconf 84' lang='lat' dir='ltr'><strong>fuerat,</strong></span> <span class='ocrx_word' id='word_1_26' title='bbox 2045 431 2110 458; x_wconf 84' lang='lat' dir='ltr'><strong>ro·</strong></span> 
     </span>
     <span class='ocr_line' id='line_1_4' title="bbox 271 445 2109 540; baseline -0.003 -13"><span class='ocrx_word' id='word_1_27' title='bbox 271 491 395 540; x_wconf 80' lang='lat' dir='ltr'><strong>gatur</strong></span> <span class='ocrx_word' id='word_1_28' title='bbox 427 489 478 524; x_wconf 90' lang='lat' dir='ltr'><strong>ut</strong></span> <span class='ocrx_word' id='word_1_29' title='bbox 511 485 556 523; x_wconf 90' lang='lat' dir='ltr'><strong>T.</strong></span> <span class='ocrx_word' id='word_1_30' title='bbox 584 482 811 522; x_wconf 81' lang='lat' dir='ltr'><strong>Albucium</strong></span> <span class='ocrx_word' id='word_1_31' title='bbox 841 483 1155 534; x_wconf 83' lang='lat' dir='ltr'><strong>propraetorem</strong></span> <span class='ocrx_word' id='word_1_32' title='bbox 1198 483 1371 520; x_wconf 85' lang='lat' dir='ltr'><strong>accuset</strong></span> <span class='ocrx_word' id='word_1_33' title='bbox 1416 478 1747 539; x_wconf 81' lang='lat' dir='ltr'><strong>repetundarum</strong></span> <span class='ocrx_word' id='word_1_34' title='bbox 1779 479 1888 521; x_wconf 91' lang='grc'><strong>520.</strong></span> <span class='ocrx_word' id='word_1_35' title='bbox 1929 445 2075 523; x_wconf 78' lang='lat' dir='ltr'><strong>aedilis</strong></span> <span class='ocrx_word' id='word_1_36' title='bbox 2096 512 2109 535; x_wconf 82' lang='lat'>‚</span> 
     </span>
     <span class='ocr_line' id='line_1_5' title="bbox 273 545 2112 606; baseline -0.002 -14"><span class='ocrx_word' id='word_1_37' title='bbox 273 551 462 606; x_wconf 83' lang='lat' dir='ltr'><strong>quotidie</strong></span> <span class='ocrx_word' id='word_1_38' title='bbox 506 551 594 590; x_wconf 84' lang='lat' dir='ltr'><strong>fere</strong></span> <span class='ocrx_word' id='word_1_39' title='bbox 639 548 768 588; x_wconf 89' lang='lat' dir='ltr'><strong>habet</strong></span> <span class='ocrx_word' id='word_1_40' title='bbox 812 547 1038 586; x_wconf 81' lang='lat' dir='ltr'>conciones</span> <span class='ocrx_word' id='word_1_41' title='bbox 1083 546 1190 588; x_wconf 88' lang='grc'><strong>543.</strong></span> <span class='ocrx_word' id='word_1_42' title='bbox 1237 558 1335 585; x_wconf 88' lang='lat' dir='ltr'><strong>cum</strong></span> <span class='ocrx_word' id='word_1_43' title='bbox 1377 545 1507 588; x_wconf 76' lang='lat' dir='ltr'><strong>fratre</strong></span> <span class='ocrx_word' id='word_1_44' title='bbox 1552 545 1681 587; x_wconf 74' lang='lat' dir='ltr'><strong>Lucio</strong></span> <span class='ocrx_word' id='word_1_45' title='bbox 1714 546 1950 588; x_wconf 89' lang='lat' dir='ltr'><strong>trucidatur</strong></span> <span class='ocrx_word' id='word_1_46' title='bbox 1993 548 2112 589; x_wconf 90' lang='lat' dir='ltr'><strong>iussu</strong></span> 
     </span>
     <span class='ocr_line' id='line_1_6' title="bbox 272 614 796 661; baseline -0.014 0"><span class='ocrx_word' id='word_1_47' title='bbox 272 620 430 661; x_wconf 82' lang='lat' dir='ltr'><strong>Cinnae</strong></span> <span class='ocrx_word' id='word_1_48' title='bbox 464 621 509 657; x_wconf 91' lang='lat' dir='ltr'><strong>et</strong></span> <span class='ocrx_word' id='word_1_49' title='bbox 541 616 656 655; x_wconf 76' lang='lat' dir='ltr'><strong>Marii</strong></span> <span class='ocrx_word' id='word_1_50' title='bbox 689 614 796 655; x_wconf 92' lang='grc'><strong>552.</strong></span> 
     </span>
    </p>

    <p class='ocr_par' dir='ltr' id='par_1_4' title="bbox 274 638 2112 802">
     <span class='ocr_line' id='line_1_7' title="bbox 339 638 2112 735; baseline -0.002 -11"><span class='ocrx_word' id='word_1_51' title='bbox 339 686 386 726; x_wconf 93' lang='lat' dir='ltr'><strong>L.</strong></span> <span class='ocrx_word' id='word_1_52' title='bbox 420 683 593 723; x_wconf 90' lang='lat' dir='ltr'><strong>Iulius</strong></span> <span class='ocrx_word' id='word_1_53' title='bbox 637 682 816 731; x_wconf 86' lang='lat' dir='ltr'><strong>Caesar,</strong></span> <span class='ocrx_word' id='word_1_54' title='bbox 861 692 949 720; x_wconf 87' lang='lat' dir='ltr'><strong>cos.</strong></span> <span class='ocrx_word' id='word_1_55' title='bbox 997 669 1051 735; x_wconf 91' lang='lat' dir='ltr'><strong>(a.</strong></span> <span class='ocrx_word' id='word_1_56' title='bbox 1086 666 1197 734; x_wconf 87' lang='grc'><strong>690)</strong></span> <span class='ocrx_word' id='word_1_57' title='bbox 1236 677 1344 720; x_wconf 84' lang='grc'><strong>603.</strong></span> <span class='ocrx_word' id='word_1_58' title='bbox 1395 678 1448 718; x_wconf 90' lang='lat' dir='ltr'><strong>ab</strong></span> <span class='ocrx_word' id='word_1_59' title='bbox 1493 638 1710 729; x_wconf 81' lang='lat' dir='ltr'><strong>Antonio,</strong></span> <span class='ocrx_word' id='word_1_60' title='bbox 1761 678 1831 718; x_wconf 90' lang='lat' dir='ltr'><strong>cui</strong></span> <span class='ocrx_word' id='word_1_61' title='bbox 1875 680 2112 724; x_wconf 72' lang='lat' dir='ltr'><strong>avunculus</strong></span> 
     </span>
     <span class='ocr_line' id='line_1_8' title="bbox 274 743 1434 802; baseline -0.006 -10"><span class='ocrx_word' id='word_1_62' title='bbox 274 756 365 792; x_wconf 88' lang='lat' dir='ltr'><strong>erat</strong></span> <span class='ocrx_word' id='word_1_63' title='bbox 384 779 397 801; x_wconf 90' lang='lat'><strong><em>‚</em></strong></span> <span class='ocrx_word' id='word_1_64' title='bbox 429 750 486 789; x_wconf 55' lang='lat' dir='ltr'><strong>in*</strong></span> <span class='ocrx_word' id='word_1_65' title='bbox 504 749 835 802; x_wconf 82' lang='lat' dir='ltr'><strong>proscriptorum</strong></span> <span class='ocrx_word' id='word_1_66' title='bbox 869 758 1039 799; x_wconf 79' lang='lat' dir='ltr'>gregem</span> <span class='ocrx_word' id='word_1_67' title='bbox 1074 746 1292 785; x_wconf 86' lang='lat' dir='ltr'><strong>coniectus</strong></span> <span class='ocrx_word' id='word_1_68' title='bbox 1324 743 1434 786; x_wconf 90' lang='grc'><strong>819.</strong></span> 
     </span>
    </p>

    <p class='ocr_par' dir='ltr' id='par_1_5' title="bbox 203 810 2210 3532">
     <span class='ocr_line' id='line_1_9' title="bbox 341 810 2188 865; baseline -0.002 -8"><span class='ocrx_word' id='word_1_69' title='bbox 341 818 387 857; x_wconf 90' lang='lat' dir='ltr'><strong>C.</strong></span> <span class='ocrx_word' id='word_1_70' title='bbox 423 816 600 857; x_wconf 91' lang='lat' dir='ltr'><strong>Iulius</strong></span> <span class='ocrx_word' id='word_1_71' title='bbox 643 816 816 865; x_wconf 88' lang='lat' dir='ltr'><strong>Caesar,</strong></span> <span class='ocrx_word' id='word_1_72' title='bbox 861 826 898 854; x_wconf 88' lang='lat' dir='ltr'><strong>a.</strong></span> <span class='ocrx_word' id='word_1_73' title='bbox 932 812 1040 852; x_wconf 91' lang='lat'><strong>654.</strong></span> <span class='ocrx_word' id='word_1_74' title='bbox 1087 812 1278 854; x_wconf 87' lang='lat' dir='ltr'><strong>nascitur</strong></span> <span class='ocrx_word' id='word_1_75' title='bbox 1314 811 1424 852; x_wconf 90' lang='grc'><strong>528.</strong></span> <span class='ocrx_word' id='word_1_76' title='bbox 1457 810 1788 863; x_wconf 85' lang='lat' dir='ltr'><strong>repetundarum</strong></span> <span class='ocrx_word' id='word_1_77' title='bbox 1832 817 2004 853; x_wconf 87' lang='lat' dir='ltr'><strong>accusat</strong></span> <span class='ocrx_word' id='word_1_78' title='bbox 2036 814 2111 853; x_wconf 89' lang='lat' dir='ltr'><strong>Cn.</strong></span> <span class='ocrx_word' id='word_1_79' title='bbox 2175 849 2188 856; x_wconf 79' lang='grc'><strong>,</strong></span> 
     </span>
     <span class='ocr_line' id='line_1_10' title="bbox 267 875 2117 938; baseline -0.004 -13"><span class='ocrx_word' id='word_1_80' title='bbox 267 883 531 938; x_wconf 22' lang='grc' dir='ltr'><strong>χ,110111543113111</strong></span> <span class='ocrx_word' id='word_1_81' title='bbox 564 879 672 921; x_wconf 89' lang='grc'><strong>575.</strong></span> <span class='ocrx_word' id='word_1_82' title='bbox 725 883 893 933; x_wconf 91' lang='lat' dir='ltr'><strong>praetor</strong></span> <span class='ocrx_word' id='word_1_83' title='bbox 932 879 1022 918; x_wconf 89' lang='lat' dir='ltr'><strong>des.</strong></span> <span class='ocrx_word' id='word_1_84' title='bbox 1069 878 1324 917; x_wconf 82' lang='lat' dir='ltr'><strong>sententiam</strong></span> <span class='ocrx_word' id='word_1_85' title='bbox 1359 876 1464 916; x_wconf 89' lang='lat' dir='ltr'><strong>dicit</strong></span> <span class='ocrx_word' id='word_1_86' title='bbox 1494 875 1548 916; x_wconf 88' lang='lat' dir='ltr'><strong>de</strong></span> <span class='ocrx_word' id='word_1_87' title='bbox 1582 876 1810 928; x_wconf 81' lang='lat' dir='ltr'><strong>puniendis</strong></span> <span class='ocrx_word' id='word_1_88' title='bbox 1845 879 1971 918; x_wconf 85' lang='lat' dir='ltr'><strong>sociis</strong></span> <span class='ocrx_word' id='word_1_89' title='bbox 2016 892 2117 919; x_wconf 78' lang='lat' dir='ltr'><strong>con·</strong></span> 
     </span>
     <span class='ocr_line' id='line_1_11' title="bbox 274 942 2203 996; baseline -0.003 -6"><span class='ocrx_word' id='word_1_90' title='bbox 274 949 496 990; x_wconf 89' lang='lat' dir='ltr'><strong>iurationis</strong></span> <span class='ocrx_word' id='word_1_91' title='bbox 541 946 650 986; x_wconf 90' lang='lat'><strong>636.</strong></span> <span class='ocrx_word' id='word_1_92' title='bbox 699 946 770 985; x_wconf 39' lang='lat' dir='ltr'><strong>in-</strong></span> <span class='ocrx_word' id='word_1_93' title='bbox 796 945 967 984; x_wconf 92' lang='lat' dir='ltr'><strong>domum</strong></span> <span class='ocrx_word' id='word_1_94' title='bbox 1016 943 1200 985; x_wconf 78' lang='lat' dir='ltr'><strong>Caesaris</strong></span> <span class='ocrx_word' id='word_1_95' title='bbox 1247 942 1463 996; x_wconf 83' lang='lat' dir='ltr'><strong>pontificis</strong></span> <span class='ocrx_word' id='word_1_96' title='bbox 1511 942 1677 982; x_wconf 87' lang='lat' dir='ltr'><strong>maximi</strong></span> <span class='ocrx_word' id='word_1_97' title='bbox 1727 942 1835 982; x_wconf 92' lang='lat' dir='ltr'><strong>clam</strong></span> <span class='ocrx_word' id='word_1_98' title='bbox 1895 944 2114 996; x_wconf 76' lang='lat' dir='ltr'><strong>ingressus</strong></span> <span class='ocrx_word' id='word_1_99' title='bbox 2183 949 2203 995; x_wconf 49' lang='grc' dir='ltr'><strong>’,ξ</strong></span> 
     </span>
     <span class='ocr_line' id='line_1_12' title="bbox 273 1002 2205 1064; baseline -0.003 -8"><span class='ocrx_word' id='word_1_100' title='bbox 273 1015 443 1056; x_wconf 84' lang='lat' dir='ltr'><strong>Clodius</strong></span> <span class='ocrx_word' id='word_1_101' title='bbox 478 1026 597 1054; x_wconf 88' lang='lat' dir='ltr'><strong>sacra</strong></span> <span class='ocrx_word' id='word_1_102' title='bbox 628 1012 760 1051; x_wconf 79' lang='lat' dir='ltr'><strong>violat</strong></span> <span class='ocrx_word' id='word_1_103' title='bbox 777 1040 790 1063; x_wconf 92' lang='lat'>,</span> <span class='ocrx_word' id='word_1_104' title='bbox 839 1006 950 1063; x_wconf 66' lang='lat' dir='ltr'><strong>&#39;quae</strong></span> <span class='ocrx_word' id='word_1_105' title='bbox 986 1010 1183 1063; x_wconf 90' lang='lat' dir='ltr'><strong>Pompeia</strong></span> <span class='ocrx_word' id='word_1_106' title='bbox 1226 1010 1366 1049; x_wconf 82' lang='lat' dir='ltr'><strong>Bonae</strong></span> <span class='ocrx_word' id='word_1_107' title='bbox 1405 1009 1515 1048; x_wconf 82' lang='lat' dir='ltr'><strong>Deae</strong></span> <span class='ocrx_word' id='word_1_108' title='bbox 1535 1009 1656 1049; x_wconf 79' lang='lat' dir='ltr'><strong>·facit</strong></span> <span class='ocrx_word' id='word_1_109' title='bbox 1699 1022 1777 1062; x_wconf 88' lang='lat' dir='ltr'><strong>pro</strong></span> <span class='ocrx_word' id='word_1_110' title='bbox 1810 1009 1967 1064; x_wconf 87' lang='lat' dir='ltr'><strong>populo</strong></span> <span class='ocrx_word' id='word_1_111' title='bbox 2005 1011 2114 1052; x_wconf 88' lang='grc'><strong>648.</strong></span> <span class='ocrx_word' id='word_1_112' title='bbox 2198 1002 2205 1007; x_wconf 51' lang='grc'><strong>”</strong></span> 
     </span>
     <span class='ocr_line' id='line_1_13' title="bbox 275 1065 2116 1134; baseline -0.002 -12"><span class='ocrx_word' id='word_1_113' title='bbox 275 1083 424 1123; x_wconf 86' lang='lat' dir='ltr'><strong>Caesar</strong></span> <span class='ocrx_word' id='word_1_114' title='bbox 474 1080 568 1120; x_wconf 89' lang='lat' dir='ltr'><strong>ideo</strong></span> <span class='ocrx_word' id='word_1_115' title='bbox 613 1091 784 1119; x_wconf 86' lang='lat' dir='ltr'><strong>uxorem</strong></span> <span class='ocrx_word' id='word_1_116' title='bbox 817 1077 1055 1131; x_wconf 86' lang='lat' dir='ltr'><strong>Pompeiam</strong></span> <span class='ocrx_word' id='word_1_117' title='bbox 1095 1075 1270 1116; x_wconf 80' lang='lat' dir='ltr'><strong>dimittit</strong></span> <span class='ocrx_word' id='word_1_118' title='bbox 1318 1074 1428 1116; x_wconf 88' lang='lat'><strong>648.</strong></span> <span class='ocrx_word' id='word_1_119' title='bbox 1474 1075 1626 1115; x_wconf 87' lang='lat' dir='ltr'><strong>consul</strong></span> <span class='ocrx_word' id='word_1_120' title='bbox 1670 1079 1838 1116; x_wconf 84' lang='lat' dir='ltr'><strong>creatur</strong></span> <span class='ocrx_word' id='word_1_121' title='bbox 1887 1065 1953 1132; x_wconf 89' lang='lat' dir='ltr'><strong>(a.</strong></span> <span class='ocrx_word' id='word_1_122' title='bbox 1992 1069 2116 1134; x_wconf 89' lang='grc'><strong>695)</strong></span> 
     </span>
     <span class='ocr_line' id='line_1_14' title="bbox 273 1141 2199 1195; baseline -0.004 -6"><span class='ocrx_word' id='word_1_123' title='bbox 273 1162 372 1189; x_wconf 91' lang='lat' dir='ltr'><strong>oum</strong></span> <span class='ocrx_word' id='word_1_124' title='bbox 404 1147 555 1187; x_wconf 88' lang='lat' dir='ltr'><strong>Bibulo</strong></span> <span class='ocrx_word' id='word_1_125' title='bbox 587 1143 695 1187; x_wconf 88' lang='lat'><strong>657.</strong></span> <span class='ocrx_word' id='word_1_126' title='bbox 730 1143 948 1194; x_wconf 86' lang='lat' dir='ltr'><strong>Clodium,</strong></span> <span class='ocrx_word' id='word_1_127' title='bbox 983 1143 1195 1183; x_wconf 83' lang='lat' dir='ltr'><strong>Ciceronis</strong></span> <span class='ocrx_word' id='word_1_128' title='bbox 1228 1141 1448 1182; x_wconf 88' lang='lat' dir='ltr'><strong>inimicum</strong></span> <span class='ocrx_word' id='word_1_129' title='bbox 1466 1171 1480 1193; x_wconf 94' lang='lat'>,</span> <span class='ocrx_word' id='word_1_130' title='bbox 1513 1141 1697 1182; x_wconf 86' lang='lat' dir='ltr'><strong>traducit</strong></span> <span class='ocrx_word' id='word_1_131' title='bbox 1723 1141 1776 1182; x_wconf 87' lang='lat' dir='ltr'><strong>ad</strong></span> <span class='ocrx_word' id='word_1_132' title='bbox 1804 1142 1972 1195; x_wconf 83' lang='lat' dir='ltr'><strong>plebem</strong></span> <span class='ocrx_word' id='word_1_133' title='bbox 2003 1143 2112 1188; x_wconf 85' lang='grc'><strong>659.</strong></span> <span class='ocrx_word' id='word_1_134' title='bbox 2194 1146 2199 1147; x_wconf 67' lang='grc'>’</span> 
     </span>
     <span class='ocr_line' id='line_1_15' title="bbox 274 1207 2195 1268; baseline -0.003 -12"><span class='ocrx_word' id='word_1_135' title='bbox 274 1217 413 1268; x_wconf 81' lang='lat' dir='ltr'><strong>legem</strong></span> <span class='ocrx_word' id='word_1_136' title='bbox 445 1215 528 1254; x_wconf 81' lang='lat' dir='ltr'><strong>fert</strong></span> <span class='ocrx_word' id='word_1_137' title='bbox 559 1213 612 1252; x_wconf 93' lang='lat' dir='ltr'><strong>de</strong></span> <span class='ocrx_word' id='word_1_138' title='bbox 658 1210 905 1265; x_wconf 86' lang='lat' dir='ltr'><strong>repetundis</strong></span> <span class='ocrx_word' id='word_1_139' title='bbox 942 1209 1053 1250; x_wconf 91' lang='lat'><strong>660.</strong></span> <span class='ocrx_word' id='word_1_140' title='bbox 1097 1208 1315 1261; x_wconf 77' lang='lat' dir='ltr'><strong>rogatione</strong></span> <span class='ocrx_word' id='word_1_141' title='bbox 1347 1207 1508 1248; x_wconf 85' lang='lat' dir='ltr'><strong>Vatinii</strong></span> <span class='ocrx_word' id='word_1_142' title='bbox 1541 1208 1696 1262; x_wconf 89' lang='lat' dir='ltr'><strong>accipit</strong></span> <span class='ocrx_word' id='word_1_143' title='bbox 1733 1208 1886 1249; x_wconf 81' lang='lat' dir='ltr'><strong>Gallias</strong></span> <span class='ocrx_word' id='word_1_144' title='bbox 1919 1222 2018 1250; x_wconf 89' lang='lat' dir='ltr'><strong>cum</strong></span> <span class='ocrx_word' id='word_1_145' title='bbox 2060 1209 2116 1250; x_wconf 86' lang='lat'><strong>11-</strong></span> <span class='ocrx_word' id='word_1_146' title='bbox 2176 1211 2195 1260; x_wconf 66' lang='grc' dir='ltr'><strong>ζ’</strong></span> 
     </span>
     <span class='ocr_line' id='line_1_16' title="bbox 274 1274 2201 1335; baseline -0.003 -13"><span class='ocrx_word' id='word_1_147' title='bbox 274 1283 407 1335; x_wconf 79' lang='lat' dir='ltr'><strong>lyrico</strong></span> <span class='ocrx_word' id='word_1_148' title='bbox 456 1279 565 1319; x_wconf 90' lang='lat'><strong>660.</strong></span> <span class='ocrx_word' id='word_1_149' title='bbox 611 1278 802 1319; x_wconf 86' lang='lat' dir='ltr'><strong>Ciceroni</strong></span> <span class='ocrx_word' id='word_1_150' title='bbox 846 1276 1100 1329; x_wconf 79' lang='lat' dir='ltr'><strong>legationem</strong></span> <span class='ocrx_word' id='word_1_151' title='bbox 1145 1275 1359 1328; x_wconf 88' lang='lat' dir='ltr'><strong>aliumque</strong></span> <span class='ocrx_word' id='word_1_152' title='bbox 1403 1274 1608 1316; x_wconf 82' lang='lat' dir='ltr'><strong>honorem</strong></span> <span class='ocrx_word' id='word_1_153' title='bbox 1653 1275 1777 1315; x_wconf 81' lang='lat' dir='ltr'><strong>offert</strong></span> <span class='ocrx_word' id='word_1_154' title='bbox 1814 1275 1923 1316; x_wconf 89' lang='lat'><strong>661.</strong></span> <span class='ocrx_word' id='word_1_155' title='bbox 1970 1276 2112 1318; x_wconf 84' lang='lat' dir='ltr'><strong>Clodio</strong></span> <span class='ocrx_word' id='word_1_156' title='bbox 2197 1310 2201 1323; x_wconf 62' lang='lat'><strong>·,</strong></span> 
     </span>
     <span class='ocr_line' id='line_1_17' title="bbox 273 1340 2113 1395; baseline -0.003 -6"><span class='ocrx_word' id='word_1_157' title='bbox 273 1349 442 1389; x_wconf 90' lang='lat' dir='ltr'><strong>adiutor</strong></span> <span class='ocrx_word' id='word_1_158' title='bbox 485 1350 552 1386; x_wconf 85' lang='lat' dir='ltr'><strong>est</strong></span> <span class='ocrx_word' id='word_1_159' title='bbox 589 1345 635 1385; x_wconf 91' lang='lat' dir='ltr'><strong>in</strong></span> <span class='ocrx_word' id='word_1_160' title='bbox 686 1343 895 1386; x_wconf 91' lang='lat' dir='ltr'><strong>eiiciendo</strong></span> <span class='ocrx_word' id='word_1_161' title='bbox 945 1343 1145 1386; x_wconf 85' lang='lat' dir='ltr'><strong>Cicerone</strong></span> <span class='ocrx_word' id='word_1_162' title='bbox 1186 1341 1296 1384; x_wconf 88' lang='grc'><strong>664.</strong></span> <span class='ocrx_word' id='word_1_163' title='bbox 1340 1340 1450 1382; x_wconf 87' lang='grc'><strong>669.</strong></span> <span class='ocrx_word' id='word_1_164' title='bbox 1501 1340 1785 1395; x_wconf 83' lang='lat' dir='ltr'><strong>proficiscitur</strong></span> <span class='ocrx_word' id='word_1_165' title='bbox 1840 1342 1887 1381; x_wconf 89' lang='lat' dir='ltr'><strong>in</strong></span> <span class='ocrx_word' id='word_1_166' title='bbox 1939 1342 2113 1384; x_wconf 85' lang='lat' dir='ltr'><strong>Galliam</strong></span> 
     </span>
     <span class='ocr_line' id='line_1_18' title="bbox 277 1395 2195 1470; baseline -0.003 -17"><span class='ocrx_word' id='word_1_167' title='bbox 277 1412 330 1467; x_wconf 84' lang='lat' dir='ltr'><strong>(a.</strong></span> <span class='ocrx_word' id='word_1_168' title='bbox 370 1402 510 1470; x_wconf 88' lang='lat'><strong>696),</strong></span> <span class='ocrx_word' id='word_1_169' title='bbox 554 1411 709 1451; x_wconf 89' lang='lat' dir='ltr'><strong>habitis</strong></span> <span class='ocrx_word' id='word_1_170' title='bbox 744 1415 843 1450; x_wconf 90' lang='lat' dir='ltr'><strong>ante</strong></span> <span class='ocrx_word' id='word_1_171' title='bbox 888 1409 1193 1463; x_wconf 83' lang='lat' dir='ltr'><strong>prosectionem</strong></span> <span class='ocrx_word' id='word_1_172' title='bbox 1227 1407 1364 1448; x_wconf 84' lang='lat' dir='ltr'><strong>tribus</strong></span> <span class='ocrx_word' id='word_1_173' title='bbox 1397 1407 1665 1448; x_wconf 84' lang='lat' dir='ltr'><strong>Orationibus</strong></span> <span class='ocrx_word' id='word_1_174' title='bbox 1695 1412 1841 1449; x_wconf 90' lang='lat' dir='ltr'><strong>contra</strong></span> <span class='ocrx_word' id='word_1_175' title='bbox 1879 1409 2116 1453; x_wconf 72' lang='lat' dir='ltr'><strong>Memmium</strong></span> <span class='ocrx_word' id='word_1_176' title='bbox 2194 1395 2195 1398; x_wconf 12' lang='grc' dir='ltr'><strong>Ἴ</strong></span> 
     </span>
     <span class='ocr_line' id='line_1_19' title="bbox 274 1472 2195 1529; baseline -0.003 -6"><span class='ocrx_word' id='word_1_177' title='bbox 274 1486 320 1523; x_wconf 89' lang='lat' dir='ltr'><strong>et</strong></span> <span class='ocrx_word' id='word_1_178' title='bbox 360 1480 587 1520; x_wconf 85' lang='lat' dir='ltr'><strong>Domitium</strong></span> <span class='ocrx_word' id='word_1_179' title='bbox 628 1476 737 1520; x_wconf 90' lang='lat'><strong>671.</strong></span> <span class='ocrx_word' id='word_1_180' title='bbox 787 1477 958 1516; x_wconf 86' lang='lat' dir='ltr'><strong>dimicat</strong></span> <span class='ocrx_word' id='word_1_181' title='bbox 998 1476 1242 1515; x_wconf 79' lang='lat' dir='ltr'><strong>felicissime</strong></span> <span class='ocrx_word' id='word_1_182' title='bbox 1292 1487 1390 1514; x_wconf 91' lang='lat' dir='ltr'><strong>cum</strong></span> <span class='ocrx_word' id='word_1_183' title='bbox 1417 1474 1618 1514; x_wconf 81' lang='lat' dir='ltr'><strong>Helvetiis</strong></span> <span class='ocrx_word' id='word_1_184' title='bbox 1651 1472 1759 1516; x_wconf 90' lang='lat'><strong>671.</strong></span> <span class='ocrx_word' id='word_1_185' title='bbox 1810 1480 1984 1529; x_wconf 87' lang='lat' dir='ltr'><strong>propter</strong></span> <span class='ocrx_word' id='word_1_186' title='bbox 2027 1490 2116 1517; x_wconf 90' lang='lat' dir='ltr'><strong>rem</strong></span> <span class='ocrx_word' id='word_1_187' title='bbox 2187 1498 2195 1516; x_wconf 59' lang='grc' dir='ltr'>ι</span> 
     </span>
     <span class='ocr_line' id='line_1_20' title="bbox 275 1541 2205 1598; baseline -0.003 -10"><span class='ocrx_word' id='word_1_188' title='bbox 275 1548 456 1589; x_wconf 81' lang='lat' dir='ltr'><strong>feliciter</strong></span> <span class='ocrx_word' id='word_1_189' title='bbox 489 1546 650 1598; x_wconf 78' lang='lat' dir='ltr'><strong>gestam</strong></span> <span class='ocrx_word' id='word_1_190' title='bbox 700 1543 952 1597; x_wconf 87' lang='lat' dir='ltr'><strong>supplicatio</strong></span> <span class='ocrx_word' id='word_1_191' title='bbox 986 1542 1069 1595; x_wconf 89' lang='lat' dir='ltr'><strong>ipsi</strong></span> <span class='ocrx_word' id='word_1_192' title='bbox 1102 1541 1346 1583; x_wconf 88' lang='lat' dir='ltr'><strong>decernitur</strong></span> <span class='ocrx_word' id='word_1_193' title='bbox 1383 1541 1493 1586; x_wconf 81' lang='lat'><strong>693.</strong></span> <span class='ocrx_word' id='word_1_194' title='bbox 1519 1541 1796 1595; x_wconf 47' lang='lat' dir='ltr'><strong>‚stipendium</strong></span> <span class='ocrx_word' id='word_1_195' title='bbox 1826 1542 1868 1582; x_wconf 91' lang='lat' dir='ltr'><strong>ei</strong></span> <span class='ocrx_word' id='word_1_196' title='bbox 1900 1555 1923 1582; x_wconf 83' lang='lat' dir='ltr'><strong>a</strong></span> <span class='ocrx_word' id='word_1_197' title='bbox 1965 1548 2116 1584; x_wconf 85' lang='lat' dir='ltr'><strong>senatu</strong></span> <span class='ocrx_word' id='word_1_198' title='bbox 2203 1567 2205 1570; x_wconf 95' lang='lat'>·</span> 
     </span>
     <span class='ocr_line' id='line_1_21' title="bbox 277 1607 2115 1663; baseline -0.002 -9"><span class='ocrx_word' id='word_1_199' title='bbox 277 1615 495 1654; x_wconf 90' lang='lat' dir='ltr'><strong>decretum</strong></span> <span class='ocrx_word' id='word_1_200' title='bbox 529 1617 573 1652; x_wconf 87' lang='lat' dir='ltr'><strong>et</strong></span> <span class='ocrx_word' id='word_1_201' title='bbox 607 1611 753 1650; x_wconf 91' lang='lat' dir='ltr'><strong>decem</strong></span> <span class='ocrx_word' id='word_1_202' title='bbox 783 1610 911 1662; x_wconf 76' lang='lat' dir='ltr'><strong>legati</strong></span> <span class='ocrx_word' id='word_1_203' title='bbox 944 1609 1052 1651; x_wconf 88' lang='lat'><strong>698.</strong></span> <span class='ocrx_word' id='word_1_204' title='bbox 1089 1608 1281 1648; x_wconf 82' lang='lat' dir='ltr'><strong>civitates</strong></span> <span class='ocrx_word' id='word_1_205' title='bbox 1313 1607 1549 1648; x_wconf 70' lang='lat' dir='ltr'><strong>Armoricae</strong></span> <span class='ocrx_word' id='word_1_206' title='bbox 1577 1607 1622 1647; x_wconf 91' lang='lat' dir='ltr'><strong>in</strong></span> <span class='ocrx_word' id='word_1_207' title='bbox 1651 1607 1908 1649; x_wconf 88' lang='lat' dir='ltr'><strong>deditionem</strong></span> <span class='ocrx_word' id='word_1_208' title='bbox 1936 1610 2115 1663; x_wconf 84' lang='lat' dir='ltr'><strong>accipit,</strong></span> 
     </span>
     <span class='ocr_line' id='line_1_22' title="bbox 273 1674 2204 1734; baseline -0.003 -13"><span class='ocrx_word' id='word_1_209' title='bbox 273 1682 462 1734; x_wconf 83' lang='lat' dir='ltr'><strong>aliasque</strong></span> <span class='ocrx_word' id='word_1_210' title='bbox 497 1682 647 1732; x_wconf 74' lang='lat' dir='ltr'><strong>gentes</strong></span> <span class='ocrx_word' id='word_1_211' title='bbox 692 1677 865 1717; x_wconf 82' lang='lat' dir='ltr'><strong>subiicit</strong></span> <span class='ocrx_word' id='word_1_212' title='bbox 902 1674 1011 1718; x_wconf 89' lang='lat'><strong>701.</strong></span> <span class='ocrx_word' id='word_1_213' title='bbox 1057 1675 1195 1715; x_wconf 90' lang='lat' dir='ltr'><strong>caedit</strong></span> <span class='ocrx_word' id='word_1_214' title='bbox 1234 1675 1463 1715; x_wconf 82' lang='lat' dir='ltr'><strong>Germanos</strong></span> <span class='ocrx_word' id='word_1_215' title='bbox 1482 1702 1495 1725; x_wconf 93' lang='lat'><strong>,</strong></span> <span class='ocrx_word' id='word_1_216' title='bbox 1529 1674 1606 1728; x_wconf 89' lang='lat' dir='ltr'><strong>qui</strong></span> <span class='ocrx_word' id='word_1_217' title='bbox 1640 1674 1836 1715; x_wconf 78' lang='lat' dir='ltr'><strong>Rhenum</strong></span> <span class='ocrx_word' id='word_1_218' title='bbox 1863 1676 2115 1717; x_wconf 77' lang='lat' dir='ltr'><strong>transierant</strong></span> <span class='ocrx_word' id='word_1_219' title='bbox 2187 1699 2204 1727; x_wconf 52' lang='lat'>4</span> 
     </span>
     <span class='ocr_line' id='line_1_23' title="bbox 275 1739 2205 1796; baseline -0.005 -8"><span class='ocrx_word' id='word_1_220' title='bbox 275 1753 320 1788; x_wconf 90' lang='lat' dir='ltr'><strong>et</strong></span> <span class='ocrx_word' id='word_1_221' title='bbox 355 1747 401 1786; x_wconf 88' lang='lat' dir='ltr'><strong>in</strong></span> <span class='ocrx_word' id='word_1_222' title='bbox 436 1745 699 1786; x_wconf 86' lang='lat' dir='ltr'><strong>Germaniam</strong></span> <span class='ocrx_word' id='word_1_223' title='bbox 731 1743 888 1783; x_wconf 90' lang='lat' dir='ltr'><strong>traiicit</strong></span> <span class='ocrx_word' id='word_1_224' title='bbox 919 1741 1027 1785; x_wconf 91' lang='lat'><strong>705.</strong></span> <span class='ocrx_word' id='word_1_225' title='bbox 1074 1742 1177 1782; x_wconf 89' lang='lat' dir='ltr'><strong>item</strong></span> <span class='ocrx_word' id='word_1_226' title='bbox 1215 1741 1261 1781; x_wconf 92' lang='lat' dir='ltr'><strong>in</strong></span> <span class='ocrx_word' id='word_1_227' title='bbox 1293 1740 1551 1782; x_wconf 81' lang='lat' dir='ltr'><strong>Britanniam</strong></span> <span class='ocrx_word' id='word_1_228' title='bbox 1578 1739 1692 1793; x_wconf 76' lang='grc'><strong>706.</strong></span> <span class='ocrx_word' id='word_1_229' title='bbox 1737 1741 1920 1782; x_wconf 77' lang='lat' dir='ltr'><strong>Rediens</strong></span> <span class='ocrx_word' id='word_1_230' title='bbox 1954 1755 1979 1783; x_wconf 87' lang='lat' dir='ltr'><strong>e</strong></span> <span class='ocrx_word' id='word_1_231' title='bbox 2022 1747 2117 1796; x_wconf 71' lang='lat' dir='ltr'><strong>pro-</strong></span> <span class='ocrx_word' id='word_1_232' title='bbox 2194 1752 2205 1796; x_wconf 65' lang='lat' dir='ltr'><strong>‘z</strong></span> 
     </span>
     <span class='ocr_line' id='line_1_24' title="bbox 276 1795 2188 1868; baseline -0.002 -14"><span class='ocrx_word' id='word_1_233' title='bbox 276 1814 415 1854; x_wconf 76' lang='lat' dir='ltr'><strong>vincia</strong></span> <span class='ocrx_word' id='word_1_234' title='bbox 451 1802 506 1868; x_wconf 91' lang='lat' dir='ltr'><strong>(a.</strong></span> <span class='ocrx_word' id='word_1_235' title='bbox 540 1800 652 1868; x_wconf 93' lang='lat'><strong>704)</strong></span> <span class='ocrx_word' id='word_1_236' title='bbox 699 1823 776 1864; x_wconf 89' lang='lat' dir='ltr'><strong>per</strong></span> <span class='ocrx_word' id='word_1_237' title='bbox 816 1810 972 1850; x_wconf 88' lang='lat' dir='ltr'><strong>amicos</strong></span> <span class='ocrx_word' id='word_1_238' title='bbox 1004 1809 1157 1848; x_wconf 88' lang='lat' dir='ltr'><strong>Romae</strong></span> <span class='ocrx_word' id='word_1_239' title='bbox 1197 1807 1420 1848; x_wconf 81' lang='lat' dir='ltr'><strong>contendit</strong></span> <span class='ocrx_word' id='word_1_240' title='bbox 1451 1812 1502 1848; x_wconf 91' lang='lat' dir='ltr'><strong>ut</strong></span> <span class='ocrx_word' id='word_1_241' title='bbox 1534 1807 1687 1847; x_wconf 89' lang='lat' dir='ltr'><strong>consul</strong></span> <span class='ocrx_word' id='word_1_242' title='bbox 1719 1806 1967 1860; x_wconf 73' lang='lat' dir='ltr'><strong>designetur</strong></span> <span class='ocrx_word' id='word_1_243' title='bbox 2004 1807 2111 1851; x_wconf 84' lang='lat'><strong>733.</strong></span> <span class='ocrx_word' id='word_1_244' title='bbox 2184 1795 2188 1810; x_wconf 61' lang='lat'><em>⁵</em></span> 
     </span>
     <span class='ocr_line' id='line_1_25' title="bbox 274 1872 2112 1928; baseline -0.003 -8"><span class='ocrx_word' id='word_1_245' title='bbox 274 1880 506 1921; x_wconf 85' lang='lat' dir='ltr'><strong>exercitum</strong></span> <span class='ocrx_word' id='word_1_246' title='bbox 550 1878 762 1923; x_wconf 80' lang='lat' dir='ltr'><strong>dimittere</strong></span> <span class='ocrx_word' id='word_1_247' title='bbox 801 1876 944 1916; x_wconf 86' lang='lat' dir='ltr'><strong>iussus</strong></span> <span class='ocrx_word' id='word_1_248' title='bbox 963 1904 975 1925; x_wconf 94' lang='lat'>‚</span> <span class='ocrx_word' id='word_1_249' title='bbox 1016 1874 1234 1914; x_wconf 82' lang='lat' dir='ltr'><strong>Rubicone</strong></span> <span class='ocrx_word' id='word_1_250' title='bbox 1284 1874 1462 1914; x_wconf 85' lang='lat' dir='ltr'><strong>traiecto</strong></span> <span class='ocrx_word' id='word_1_251' title='bbox 1505 1872 1744 1913; x_wconf 79' lang='lat' dir='ltr'><strong>Ariminum</strong></span> <span class='ocrx_word' id='word_1_252' title='bbox 1786 1879 1970 1928; x_wconf 84' lang='lat' dir='ltr'><strong>occupat</strong></span> <span class='ocrx_word' id='word_1_253' title='bbox 2004 1874 2112 1918; x_wconf 89' lang='grc'><strong>737.</strong></span> 
     </span>
     <span class='ocr_line' id='line_1_26' title="bbox 274 1939 2116 1997; baseline -0.002 -10"><span class='ocrx_word' id='word_1_254' title='bbox 274 1947 437 1988; x_wconf 89' lang='lat' dir='ltr'><strong>bellum</strong></span> <span class='ocrx_word' id='word_1_255' title='bbox 470 1957 617 1997; x_wconf 81' lang='lat' dir='ltr'><strong>gerere</strong></span> <span class='ocrx_word' id='word_1_256' title='bbox 650 1943 789 1996; x_wconf 79' lang='lat' dir='ltr'><strong>pergit</strong></span> <span class='ocrx_word' id='word_1_257' title='bbox 824 1940 932 1984; x_wconf 87' lang='lat'><strong>738.</strong></span> <span class='ocrx_word' id='word_1_258' title='bbox 968 1941 1099 1980; x_wconf 87' lang='lat' dir='ltr'><strong>semel</strong></span> <span class='ocrx_word' id='word_1_259' title='bbox 1132 1941 1372 1993; x_wconf 86' lang='lat' dir='ltr'><strong>iterumque</strong></span> <span class='ocrx_word' id='word_1_260' title='bbox 1406 1952 1483 1993; x_wconf 85' lang='lat' dir='ltr'><strong>per</strong></span> <span class='ocrx_word' id='word_1_261' title='bbox 1515 1939 1738 1992; x_wconf 87' lang='lat' dir='ltr'><strong>epistolam</strong></span> <span class='ocrx_word' id='word_1_262' title='bbox 1770 1939 1924 1981; x_wconf 81' lang='lat' dir='ltr'><strong>invitat</strong></span> <span class='ocrx_word' id='word_1_263' title='bbox 1955 1941 2116 1983; x_wconf 65' lang='lat' dir='ltr'><strong>Cicero,</strong></span> 
     </span>
     <span class='ocr_line' id='line_1_27' title="bbox 276 2003 2180 2060; baseline -0.002 -7"><span class='ocrx_word' id='word_1_264' title='bbox 276 2026 375 2053; x_wconf 88' lang='lat' dir='ltr'><strong>nem</strong></span> <span class='ocrx_word' id='word_1_265' title='bbox 420 2016 470 2051; x_wconf 90' lang='lat' dir='ltr'><strong>ut</strong></span> <span class='ocrx_word' id='word_1_266' title='bbox 514 2011 566 2050; x_wconf 90' lang='lat' dir='ltr'><strong>ad</strong></span> <span class='ocrx_word' id='word_1_267' title='bbox 610 2009 765 2049; x_wconf 81' lang='lat' dir='ltr'><strong>Urbem</strong></span> <span class='ocrx_word' id='word_1_268' title='bbox 808 2020 902 2048; x_wconf 90' lang='lat' dir='ltr'><strong>esse</strong></span> <span class='ocrx_word' id='word_1_269' title='bbox 947 2007 1052 2047; x_wconf 81' lang='lat' dir='ltr'><strong>velit</strong></span> <span class='ocrx_word' id='word_1_270' title='bbox 1088 2005 1197 2049; x_wconf 84' lang='lat'><strong>739.</strong></span> <span class='ocrx_word' id='word_1_271' title='bbox 1236 2004 1346 2048; x_wconf 82' lang='lat'><strong>743.</strong></span> <span class='ocrx_word' id='word_1_272' title='bbox 1385 2003 1494 2051; x_wconf 80' lang='grc'><strong>745..</strong></span> <span class='ocrx_word' id='word_1_273' title='bbox 1528 2010 1752 2059; x_wconf 57' lang='lat' dir='ltr'><strong>,expugnat</strong></span> <span class='ocrx_word' id='word_1_274' title='bbox 1796 2006 2057 2060; x_wconf 87' lang='lat' dir='ltr'><strong>Corfinium,</strong></span> <span class='ocrx_word' id='word_1_275' title='bbox 2091 2023 2115 2054; x_wconf 82' lang='lat' dir='ltr'><strong>a</strong></span> <span class='ocrx_word' id='word_1_276' title='bbox 2173 2019 2180 2023; x_wconf 85' lang='grc'><em>·</em></span> 
     </span>
     <span class='ocr_line' id='line_1_28' title="bbox 276 2071 2116 2131; baseline -0.002 -11"><span class='ocrx_word' id='word_1_277' title='bbox 276 2079 456 2120; x_wconf 89' lang='lat' dir='ltr'><strong>Domitio</strong></span> <span class='ocrx_word' id='word_1_278' title='bbox 484 2080 736 2131; x_wconf 90' lang='lat' dir='ltr'><strong>occupatum</strong></span> <span class='ocrx_word' id='word_1_279' title='bbox 755 2104 766 2126; x_wconf 92' lang='lat'><strong>,</strong></span> <span class='ocrx_word' id='word_1_280' title='bbox 802 2087 964 2117; x_wconf 86' lang='lat' dir='ltr'><strong>summa</strong></span> <span class='ocrx_word' id='word_1_281' title='bbox 997 2077 1138 2114; x_wconf 85' lang='lat' dir='ltr'><strong>tamen</strong></span> <span class='ocrx_word' id='word_1_282' title='bbox 1173 2073 1219 2112; x_wconf 91' lang='lat' dir='ltr'><strong>in</strong></span> <span class='ocrx_word' id='word_1_283' title='bbox 1254 2076 1398 2126; x_wconf 82' lang='lat' dir='ltr'><strong>captos</strong></span> <span class='ocrx_word' id='word_1_284' title='bbox 1427 2072 1565 2115; x_wconf 86' lang='lat' dir='ltr'><strong>utitur</strong></span> <span class='ocrx_word' id='word_1_285' title='bbox 1598 2072 1824 2113; x_wconf 84' lang='lat' dir='ltr'><strong>clementia</strong></span> <span class='ocrx_word' id='word_1_286' title='bbox 1853 2071 1963 2116; x_wconf 88' lang='grc'><strong>740.</strong></span> <span class='ocrx_word' id='word_1_287' title='bbox 1995 2075 2116 2128; x_wconf 78' lang='lat' dir='ltr'><strong>sugat</strong></span> 
     </span>
     <span class='ocr_line' id='line_1_29' title="bbox 276 2139 2186 2199; baseline -0.001 -14"><span class='ocrx_word' id='word_1_288' title='bbox 276 2145 520 2199; x_wconf 88' lang='lat' dir='ltr'><strong>Pompeium</strong></span> <span class='ocrx_word' id='word_1_289' title='bbox 570 2142 793 2185; x_wconf 87' lang='lat' dir='ltr'><strong>Brundisio</strong></span> <span class='ocrx_word' id='word_1_290' title='bbox 835 2140 927 2184; x_wconf 88' lang='grc'><strong>743</strong></span> <span class='ocrx_word' id='word_1_291' title='bbox 950 2167 963 2192; x_wconf 89' lang='grc'><em>,</em></span> <span class='ocrx_word' id='word_1_292' title='bbox 1004 2139 1120 2193; x_wconf 85' lang='lat' dir='ltr'><strong>quod</strong></span> <span class='ocrx_word' id='word_1_293' title='bbox 1153 2139 1354 2192; x_wconf 87' lang='lat' dir='ltr'><strong>oppidum</strong></span> <span class='ocrx_word' id='word_1_294' title='bbox 1391 2151 1468 2192; x_wconf 89' lang='lat' dir='ltr'><strong>per</strong></span> <span class='ocrx_word' id='word_1_295' title='bbox 1509 2151 1661 2183; x_wconf 83' lang='lat' dir='ltr'><strong>novem</strong></span> <span class='ocrx_word' id='word_1_296' title='bbox 1697 2139 1788 2179; x_wconf 89' lang='lat' dir='ltr'><strong>dies</strong></span> <span class='ocrx_word' id='word_1_297' title='bbox 1831 2146 2115 2194; x_wconf 76' lang='lat' dir='ltr'><strong>expugnatum</strong></span> <span class='ocrx_word' id='word_1_298' title='bbox 2180 2186 2186 2190; x_wconf 61' lang='lat'><strong><em>‚</em></strong></span> 
     </span>
     <span class='ocr_line' id='line_1_30' title="bbox 276 2204 2186 2266; baseline -0.001 -13"><span class='ocrx_word' id='word_1_299' title='bbox 276 2212 515 2266; x_wconf 82' lang='lat' dir='ltr'><strong>ingreditur</strong></span> <span class='ocrx_word' id='word_1_300' title='bbox 552 2209 672 2261; x_wconf 86' lang='lat'><strong>743,</strong></span> <span class='ocrx_word' id='word_1_301' title='bbox 718 2213 763 2248; x_wconf 91' lang='lat' dir='ltr'><strong>et</strong></span> <span class='ocrx_word' id='word_1_302' title='bbox 807 2212 895 2248; x_wconf 86' lang='lat' dir='ltr'><strong>tota</strong></span> <span class='ocrx_word' id='word_1_303' title='bbox 940 2207 1059 2247; x_wconf 88' lang='lat' dir='ltr'><strong>Italia</strong></span> <span class='ocrx_word' id='word_1_304' title='bbox 1104 2206 1267 2260; x_wconf 81' lang='lat' dir='ltr'><strong>potitus</strong></span> <span class='ocrx_word' id='word_1_305' title='bbox 1306 2205 1529 2248; x_wconf 81' lang='lat' dir='ltr'><strong>contendit</strong></span> <span class='ocrx_word' id='word_1_306' title='bbox 1566 2206 1737 2246; x_wconf 81' lang='lat' dir='ltr'><strong>Romam</strong></span> <span class='ocrx_word' id='word_1_307' title='bbox 1777 2204 1886 2250; x_wconf 88' lang='grc'><strong>744.</strong></span> <span class='ocrx_word' id='word_1_308' title='bbox 1938 2208 2028 2249; x_wconf 70' lang='lat' dir='ltr'><strong>Mox</strong></span> <span class='ocrx_word' id='word_1_309' title='bbox 2069 2210 2114 2251; x_wconf 88' lang='lat' dir='ltr'><strong>in</strong></span> <span class='ocrx_word' id='word_1_310' title='bbox 2174 2227 2186 2235; x_wconf 44' lang='lat'><strong>*-</strong></span> 
     </span>
     <span class='ocr_line' id='line_1_31' title="bbox 277 2272 2118 2334; baseline -0.002 -14"><span class='ocrx_word' id='word_1_311' title='bbox 277 2279 519 2334; x_wconf 82' lang='lat' dir='ltr'><strong>Hispaniam</strong></span> <span class='ocrx_word' id='word_1_312' title='bbox 552 2275 836 2331; x_wconf 83' lang='lat' dir='ltr'><strong>proficiscitur</strong></span> <span class='ocrx_word' id='word_1_313' title='bbox 873 2272 982 2317; x_wconf 91' lang='grc'><strong>746.</strong></span> <span class='ocrx_word' id='word_1_314' title='bbox 1017 2273 1142 2316; x_wconf 77' lang='lat' dir='ltr'><strong>vietis</strong></span> <span class='ocrx_word' id='word_1_315' title='bbox 1176 2272 1362 2326; x_wconf 88' lang='lat' dir='ltr'><strong>Pompeii</strong></span> <span class='ocrx_word' id='word_1_316' title='bbox 1393 2272 1544 2325; x_wconf 79' lang='lat' dir='ltr'><strong>legatis</strong></span> <span class='ocrx_word' id='word_1_317' title='bbox 1563 2300 1577 2323; x_wconf 88' lang='lat'><em>‚</em></span> <span class='ocrx_word' id='word_1_318' title='bbox 1609 2272 1720 2313; x_wconf 89' lang='lat' dir='ltr'><strong>redit</strong></span> <span class='ocrx_word' id='word_1_319' title='bbox 1745 2273 1916 2314; x_wconf 83' lang='lat' dir='ltr'><strong>Romam</strong></span> <span class='ocrx_word' id='word_1_320' title='bbox 1934 2301 1947 2325; x_wconf 90' lang='lat'>‚</span> <span class='ocrx_word' id='word_1_321' title='bbox 1981 2275 2118 2317; x_wconf 88' lang='lat' dir='ltr'><strong>Dicta·</strong></span> 
     </span>
     <span class='ocr_line' id='line_1_32' title="bbox 274 2337 2118 2395; baseline -0.004 -8"><span class='ocrx_word' id='word_1_322' title='bbox 274 2352 343 2387; x_wconf 89' lang='lat' dir='ltr'><strong>tor</strong></span> <span class='ocrx_word' id='word_1_323' title='bbox 381 2349 551 2386; x_wconf 89' lang='lat' dir='ltr'><strong>creatur</strong></span> <span class='ocrx_word' id='word_1_324' title='bbox 568 2373 580 2395; x_wconf 88' lang='lat'>‚</span> <span class='ocrx_word' id='word_1_325' title='bbox 606 2343 768 2384; x_wconf 90' lang='lat' dir='ltr'><strong>bellum</strong></span> <span class='ocrx_word' id='word_1_326' title='bbox 802 2345 921 2395; x_wconf 89' lang='lat' dir='ltr'><strong>parat</strong></span> <span class='ocrx_word' id='word_1_327' title='bbox 955 2353 1053 2380; x_wconf 92' lang='lat' dir='ltr'><strong>cum</strong></span> <span class='ocrx_word' id='word_1_328' title='bbox 1091 2339 1288 2393; x_wconf 86' lang='lat' dir='ltr'><strong>Pompeio</strong></span> <span class='ocrx_word' id='word_1_329' title='bbox 1331 2338 1564 2392; x_wconf 75' lang='lat' dir='ltr'><strong>gerendum</strong></span> <span class='ocrx_word' id='word_1_330' title='bbox 1601 2337 1710 2382; x_wconf 89' lang='lat'><strong>747.</strong></span> <span class='ocrx_word' id='word_1_331' title='bbox 1753 2339 1956 2385; x_wconf 81' lang='lat' dir='ltr'><strong>Abdicata</strong></span> <span class='ocrx_word' id='word_1_332' title='bbox 1987 2341 2118 2393; x_wconf 61' lang='lat' dir='ltr'><strong>dicta·</strong></span> 
     </span>
     <span class='ocr_line' id='line_1_33' title="bbox 275 2396 2115 2464; baseline -0.002 -11"><span class='ocrx_word' id='word_1_333' title='bbox 275 2417 403 2464; x_wconf 88' lang='lat' dir='ltr'><strong>tura,</strong></span> <span class='ocrx_word' id='word_1_334' title='bbox 448 2413 602 2452; x_wconf 89' lang='lat' dir='ltr'><strong>iterum</strong></span> <span class='ocrx_word' id='word_1_335' title='bbox 636 2409 787 2450; x_wconf 91' lang='lat' dir='ltr'><strong>consul</strong></span> <span class='ocrx_word' id='word_1_336' title='bbox 822 2397 875 2464; x_wconf 90' lang='lat' dir='ltr'><strong>(a.</strong></span> <span class='ocrx_word' id='word_1_337' title='bbox 906 2396 1018 2463; x_wconf 91' lang='grc'><strong>706)</strong></span> <span class='ocrx_word' id='word_1_338' title='bbox 1052 2410 1221 2450; x_wconf 87' lang='lat' dir='ltr'><strong>creatur</strong></span> <span class='ocrx_word' id='word_1_339' title='bbox 1251 2404 1360 2448; x_wconf 90' lang='grc'><strong>747.</strong></span> <span class='ocrx_word' id='word_1_340' title='bbox 1394 2405 1552 2448; x_wconf 80' lang='lat' dir='ltr'><strong>traiicit</strong></span> <span class='ocrx_word' id='word_1_341' title='bbox 1581 2406 1641 2446; x_wconf 87' lang='lat' dir='ltr'><strong>in-</strong></span> <span class='ocrx_word' id='word_1_342' title='bbox 1666 2405 1839 2459; x_wconf 82' lang='lat' dir='ltr'><strong>Epirum</strong></span> <span class='ocrx_word' id='word_1_343' title='bbox 1872 2412 1917 2449; x_wconf 89' lang='lat' dir='ltr'><strong>et</strong></span> <span class='ocrx_word' id='word_1_344' title='bbox 1949 2408 2115 2450; x_wconf 81' lang='lat' dir='ltr'><strong>obsidet</strong></span> 
     </span>
     <span class='ocr_line' id='line_1_34' title="bbox 274 2472 2114 2534; baseline -0.002 -14"><span class='ocrx_word' id='word_1_345' title='bbox 274 2479 520 2534; x_wconf 71' lang='lat' dir='ltr'><strong>Pompeium</strong></span> <span class='ocrx_word' id='word_1_346' title='bbox 563 2475 811 2530; x_wconf 77' lang='lat' dir='ltr'><strong>Dyrrhachii</strong></span> <span class='ocrx_word' id='word_1_347' title='bbox 856 2473 965 2516; x_wconf 90' lang='grc'><strong>748.</strong></span> <span class='ocrx_word' id='word_1_348' title='bbox 1009 2473 1054 2512; x_wconf 91' lang='lat' dir='ltr'><strong>in</strong></span> <span class='ocrx_word' id='word_1_349' title='bbox 1100 2473 1259 2527; x_wconf 84' lang='lat' dir='ltr'><strong>praelio</strong></span> <span class='ocrx_word' id='word_1_350' title='bbox 1302 2472 1357 2514; x_wconf 87' lang='lat' dir='ltr'><strong>ad</strong></span> <span class='ocrx_word' id='word_1_351' title='bbox 1400 2472 1645 2517; x_wconf 71' lang='lat' dir='ltr'><strong>Pharsalum</strong></span> <span class='ocrx_word' id='word_1_352' title='bbox 1689 2473 1822 2520; x_wconf 82' lang='lat' dir='ltr'><strong>vincit</strong></span> <span class='ocrx_word' id='word_1_353' title='bbox 1872 2474 2114 2528; x_wconf 84' lang='lat' dir='ltr'><strong>Pompeium</strong></span> 
     </span>
     <span class='ocr_line' id='line_1_35' title="bbox 279 2537 2117 2598; baseline -0.002 -12"><span class='ocrx_word' id='word_1_354' title='bbox 279 2546 392 2588; x_wconf 85' lang='lat'><strong>748.</strong></span> <span class='ocrx_word' id='word_1_355' title='bbox 427 2544 569 2598; x_wconf 80' lang='lat' dir='ltr'><strong>pergit</strong></span> <span class='ocrx_word' id='word_1_356' title='bbox 599 2544 645 2582; x_wconf 91' lang='lat' dir='ltr'><strong>in</strong></span> <span class='ocrx_word' id='word_1_357' title='bbox 678 2542 915 2594; x_wconf 76' lang='lat' dir='ltr'><strong>Aegyptum</strong></span> <span class='ocrx_word' id='word_1_358' title='bbox 934 2570 947 2590; x_wconf 93' lang='lat'>‚</span> <span class='ocrx_word' id='word_1_359' title='bbox 992 2552 1078 2591; x_wconf 90' lang='lat' dir='ltr'><strong>quo</strong></span> <span class='ocrx_word' id='word_1_360' title='bbox 1112 2539 1334 2592; x_wconf 81' lang='lat' dir='ltr'><strong>Pompeius</strong></span> <span class='ocrx_word' id='word_1_361' title='bbox 1379 2538 1546 2590; x_wconf 78' lang='lat' dir='ltr'><strong>fugerat</strong></span> <span class='ocrx_word' id='word_1_362' title='bbox 1581 2537 1690 2580; x_wconf 87' lang='grc'><strong>749.</strong></span> <span class='ocrx_word' id='word_1_363' title='bbox 1724 2542 1770 2579; x_wconf 91' lang='lat' dir='ltr'><strong>et</strong></span> <span class='ocrx_word' id='word_1_364' title='bbox 1806 2539 1967 2581; x_wconf 88' lang='lat' dir='ltr'><strong>bellum</strong></span> <span class='ocrx_word' id='word_1_365' title='bbox 2006 2543 2117 2594; x_wconf 75' lang='lat' dir='ltr'><strong>gerit</strong></span> 
     </span>
     <span class='ocr_line' id='line_1_36' title="bbox 275 2602 2190 2658; baseline -0.001 -6"><span class='ocrx_word' id='word_1_366' title='bbox 275 2611 604 2652; x_wconf 81' lang='lat' dir='ltr'><strong>Alexandrinum</strong></span> <span class='ocrx_word' id='word_1_367' title='bbox 637 2612 783 2648; x_wconf 89' lang='lat' dir='ltr'><strong>contra</strong></span> <span class='ocrx_word' id='word_1_368' title='bbox 825 2606 1109 2649; x_wconf 86' lang='lat' dir='ltr'><strong>Ptolemaeum</strong></span> <span class='ocrx_word' id='word_1_369' title='bbox 1141 2602 1249 2649; x_wconf 86' lang='grc'><strong>752.</strong></span> <span class='ocrx_word' id='word_1_370' title='bbox 1285 2616 1372 2657; x_wconf 91' lang='lat' dir='ltr'><strong>quo</strong></span> <span class='ocrx_word' id='word_1_371' title='bbox 1416 2605 1617 2658; x_wconf 47' lang='lat' dir='ltr'><strong>confecto·</strong></span> <span class='ocrx_word' id='word_1_372' title='bbox 1642 2609 1688 2645; x_wconf 90' lang='lat' dir='ltr'><strong>et</strong></span> <span class='ocrx_word' id='word_1_373' title='bbox 1721 2617 1882 2649; x_wconf 78' lang='lat' dir='ltr'><strong>summa</strong></span> <span class='ocrx_word' id='word_1_374' title='bbox 1913 2607 2116 2651; x_wconf 78' lang='lat' dir='ltr'><strong>felicitate</strong></span> <span class='ocrx_word' id='word_1_375' title='bbox 2188 2623 2190 2626; x_wconf 68' lang='grc'>’</span> 
     </span>
     <span class='ocr_line' id='line_1_37' title="bbox 276 2669 2198 2729; baseline -0.003 -9"><span class='ocrx_word' id='word_1_376' title='bbox 276 2680 490 2719; x_wconf 84' lang='lat' dir='ltr'><strong>Phar-nane</strong></span> <span class='ocrx_word' id='word_1_377' title='bbox 530 2676 643 2716; x_wconf 77' lang='lat' dir='ltr'><strong>victo</strong></span> <span class='ocrx_word' id='word_1_378' title='bbox 687 2674 798 2714; x_wconf 87' lang='lat' dir='ltr'><strong>redit</strong></span> <span class='ocrx_word' id='word_1_379' title='bbox 830 2673 876 2712; x_wconf 91' lang='lat' dir='ltr'><strong>in</strong></span> <span class='ocrx_word' id='word_1_380' title='bbox 910 2671 1073 2717; x_wconf 81' lang='lat' dir='ltr'><strong>Italiam</strong></span> <span class='ocrx_word' id='word_1_381' title='bbox 1109 2669 1219 2718; x_wconf 76' lang='grc'><strong>757.</strong></span> <span class='ocrx_word' id='word_1_382' title='bbox 1261 2670 1332 2710; x_wconf 86' lang='lat' dir='ltr'><strong>cui</strong></span> <span class='ocrx_word' id='word_1_383' title='bbox 1365 2670 1529 2714; x_wconf 80' lang='lat' dir='ltr'><strong>obviam</strong></span> <span class='ocrx_word' id='word_1_384' title='bbox 1571 2672 1783 2725; x_wconf 68' lang='lat' dir='ltr'><strong>processit</strong></span> <span class='ocrx_word' id='word_1_385' title='bbox 1825 2672 1995 2725; x_wconf 82' lang='lat' dir='ltr'><strong>Cicero,</strong></span> <span class='ocrx_word' id='word_1_386' title='bbox 2039 2676 2115 2729; x_wconf 90' lang='lat' dir='ltr'><strong>qui</strong></span> <span class='ocrx_word' id='word_1_387' title='bbox 2189 2689 2198 2695; x_wconf 83' lang='lat'><strong>·</strong></span> 
     </span>
     <span class='ocr_line' id='line_1_38' title="bbox 277 2735 2118 2796; baseline -0.003 -10"><span class='ocrx_word' id='word_1_388' title='bbox 277 2746 380 2786; x_wconf 85' lang='lat' dir='ltr'><strong>satis</strong></span> <span class='ocrx_word' id='word_1_389' title='bbox 414 2743 610 2785; x_wconf 88' lang='lat' dir='ltr'><strong>liberales</strong></span> <span class='ocrx_word' id='word_1_390' title='bbox 645 2741 699 2781; x_wconf 88' lang='lat' dir='ltr'><strong>ab</strong></span> <span class='ocrx_word' id='word_1_391' title='bbox 726 2753 777 2780; x_wconf 91' lang='lat' dir='ltr'><strong>eo</strong></span> <span class='ocrx_word' id='word_1_392' title='bbox 811 2742 1031 2792; x_wconf 87' lang='lat' dir='ltr'><strong>acceperat</strong></span> <span class='ocrx_word' id='word_1_393' title='bbox 1067 2737 1231 2777; x_wconf 82' lang='lat' dir='ltr'><strong>litteras</strong></span> <span class='ocrx_word' id='word_1_394' title='bbox 1269 2735 1377 2779; x_wconf 81' lang='grc'><strong>753.</strong></span> <span class='ocrx_word' id='word_1_395' title='bbox 1420 2737 1592 2782; x_wconf 84' lang='lat' dir='ltr'><strong>Romam</strong></span> <span class='ocrx_word' id='word_1_396' title='bbox 1625 2751 1821 2779; x_wconf 80' lang='lat' dir='ltr'><strong>reversus</strong></span> <span class='ocrx_word' id='word_1_397' title='bbox 1852 2739 2012 2787; x_wconf 80' lang='lat' dir='ltr'><strong>bellum</strong></span> <span class='ocrx_word' id='word_1_398' title='bbox 2047 2755 2118 2796; x_wconf 85' lang='lat' dir='ltr'><strong>pa·</strong></span> 
     </span>
     <span class='ocr_line' id='line_1_39' title="bbox 273 2802 2166 2860; baseline -0.002 -6"><span class='ocrx_word' id='word_1_399' title='bbox 273 2818 341 2854; x_wconf 78' lang='lat' dir='ltr'><strong>rat</strong></span> <span class='ocrx_word' id='word_1_400' title='bbox 373 2810 574 2852; x_wconf 79' lang='lat' dir='ltr'><strong>adversus</strong></span> <span class='ocrx_word' id='word_1_401' title='bbox 619 2807 892 2860; x_wconf 88' lang='lat' dir='ltr'><strong>Pompeianos</strong></span> <span class='ocrx_word' id='word_1_402' title='bbox 926 2805 971 2848; x_wconf 89' lang='lat' dir='ltr'><strong>in</strong></span> <span class='ocrx_word' id='word_1_403' title='bbox 1002 2803 1142 2846; x_wconf 80' lang='lat' dir='ltr'><strong>Africa</strong></span> <span class='ocrx_word' id='word_1_404' title='bbox 1186 2803 1419 2856; x_wconf 73' lang='lat' dir='ltr'><strong>gerendum</strong></span> <span class='ocrx_word' id='word_1_405' title='bbox 1455 2802 1565 2852; x_wconf 85' lang='lat'><strong>758.</strong></span> <span class='ocrx_word' id='word_1_406' title='bbox 1611 2805 1796 2856; x_wconf 77' lang='lat' dir='ltr'><strong>ignoscit</strong></span> <span class='ocrx_word' id='word_1_407' title='bbox 1827 2806 1878 2846; x_wconf 77' lang='grc' dir='ltr'><strong>Μ.</strong></span> <span class='ocrx_word' id='word_1_408' title='bbox 1910 2807 2038 2851; x_wconf 86' lang='lat' dir='ltr'><strong>Bruto</strong></span> <span class='ocrx_word' id='word_1_409' title='bbox 2072 2814 2117 2850; x_wconf 93' lang='lat' dir='ltr'><strong>et</strong></span> <span class='ocrx_word' id='word_1_410' title='bbox 2164 2856 2166 2858; x_wconf 17' lang='lat' dir='ltr'>v</span> 
     </span>
     <span class='ocr_line' id='line_1_40' title="bbox 274 2868 2114 2931; baseline -0.003 -11"><span class='ocrx_word' id='word_1_411' title='bbox 274 2881 360 2919; x_wconf 89' lang='lat' dir='ltr'><strong>Ser.</strong></span> <span class='ocrx_word' id='word_1_412' title='bbox 398 2877 608 2931; x_wconf 88' lang='lat' dir='ltr'><strong>Sulpicio,</strong></span> <span class='ocrx_word' id='word_1_413' title='bbox 643 2887 751 2927; x_wconf 88' lang='lat' dir='ltr'><strong>quos</strong></span> <span class='ocrx_word' id='word_1_414' title='bbox 785 2872 942 2913; x_wconf 87' lang='lat' dir='ltr'><strong>Galliae</strong></span> <span class='ocrx_word' id='word_1_415' title='bbox 970 2870 1163 2925; x_wconf 83' lang='lat' dir='ltr'><strong>praeficit</strong></span> <span class='ocrx_word' id='word_1_416' title='bbox 1187 2874 1232 2910; x_wconf 89' lang='lat' dir='ltr'><strong>et</strong></span> <span class='ocrx_word' id='word_1_417' title='bbox 1264 2870 1460 2910; x_wconf 79' lang='lat' dir='ltr'><strong>Graeciae</strong></span> <span class='ocrx_word' id='word_1_418' title='bbox 1490 2868 1599 2912; x_wconf 85' lang='grc'><strong>759.</strong></span> <span class='ocrx_word' id='word_1_419' title='bbox 1634 2871 1818 2920; x_wconf 79' lang='lat' dir='ltr'><strong>Tertium</strong></span> <span class='ocrx_word' id='word_1_420' title='bbox 1846 2875 2114 2923; x_wconf 82' lang='lat' dir='ltr'><strong>consulatum</strong></span> 
     </span>
     <span class='ocr_line' id='line_1_41' title="bbox 275 2934 2197 3002; baseline -0.005 -14"><span class='ocrx_word' id='word_1_421' title='bbox 275 2939 328 3002; x_wconf 89' lang='lat' dir='ltr'><strong>(a.</strong></span> <span class='ocrx_word' id='word_1_422' title='bbox 360 2934 473 3001; x_wconf 89' lang='grc'><strong>708)</strong></span> <span class='ocrx_word' id='word_1_423' title='bbox 508 2943 618 2996; x_wconf 82' lang='lat' dir='ltr'><strong>gerit</strong></span> <span class='ocrx_word' id='word_1_424' title='bbox 658 2939 766 2983; x_wconf 88' lang='lat'><strong>759.</strong></span> <span class='ocrx_word' id='word_1_425' title='bbox 814 2939 987 2991; x_wconf 79' lang='lat' dir='ltr'><strong>corrigit</strong></span> <span class='ocrx_word' id='word_1_426' title='bbox 1023 2938 1167 2977; x_wconf 84' lang='lat' dir='ltr'><strong>Fastos</strong></span> <span class='ocrx_word' id='word_1_427' title='bbox 1200 2935 1225 2979; x_wconf 94' lang='lat'><strong>7</strong></span> <span class='ocrx_word' id='word_1_428' title='bbox 1235 2936 1329 2977; x_wconf 59' lang='grc'><strong>59.</strong></span> <span class='ocrx_word' id='word_1_429' title='bbox 1351 2936 1549 2979; x_wconf 78' lang='lat' dir='ltr'><strong>Africano</strong></span> <span class='ocrx_word' id='word_1_430' title='bbox 1574 2936 1688 2977; x_wconf 90' lang='lat' dir='ltr'><strong>bello</strong></span> <span class='ocrx_word' id='word_1_431' title='bbox 1722 2939 1916 2980; x_wconf 87' lang='lat' dir='ltr'><strong>consecto</strong></span> <span class='ocrx_word' id='word_1_432' title='bbox 1943 2941 2113 2983; x_wconf 86' lang='lat' dir='ltr'><strong>Romam</strong></span> <span class='ocrx_word' id='word_1_433' title='bbox 2176 2936 2197 2979; x_wconf 58' lang='lat' dir='ltr'><strong>&lt;J</strong></span> 
     </span>
     <span class='ocr_line' id='line_1_42' title="bbox 203 3002 2112 3063; baseline -0.003 -9"><span class='ocrx_word' id='word_1_434' title='bbox 203 3002 206 3005; x_wconf 18' lang='grc' dir='ltr'><strong>Δ</strong></span> <span class='ocrx_word' id='word_1_435' title='bbox 276 3013 387 3053; x_wconf 88' lang='lat' dir='ltr'><strong>redit</strong></span> <span class='ocrx_word' id='word_1_436' title='bbox 414 3015 459 3052; x_wconf 86' lang='lat' dir='ltr'><strong>et</strong></span> <span class='ocrx_word' id='word_1_437' title='bbox 486 3014 689 3063; x_wconf 90' lang='lat' dir='ltr'><strong>quattuor</strong></span> <span class='ocrx_word' id='word_1_438' title='bbox 721 3007 841 3047; x_wconf 87' lang='lat' dir='ltr'><strong>ducit</strong></span> <span class='ocrx_word' id='word_1_439' title='bbox 879 3004 1116 3058; x_wconf 85' lang='lat' dir='ltr'><strong>triumphos</strong></span> <span class='ocrx_word' id='word_1_440' title='bbox 1149 3003 1258 3046; x_wconf 84' lang='lat'><strong>761.</strong></span> <span class='ocrx_word' id='word_1_441' title='bbox 1302 3003 1490 3047; x_wconf 85' lang='lat' dir='ltr'><strong>Dictator</strong></span> <span class='ocrx_word' id='word_1_442' title='bbox 1517 3008 1685 3044; x_wconf 85' lang='lat' dir='ltr'><strong>creatur</strong></span> <span class='ocrx_word' id='word_1_443' title='bbox 1718 3005 1763 3044; x_wconf 92' lang='lat' dir='ltr'><strong>in</strong></span> <span class='ocrx_word' id='word_1_444' title='bbox 1798 3005 1943 3047; x_wconf 91' lang='lat' dir='ltr'><strong>decem</strong></span> <span class='ocrx_word' id='word_1_445' title='bbox 1977 3021 2112 3049; x_wconf 89' lang='lat' dir='ltr'><strong>annos</strong></span> 
     </span>
     <span class='ocr_line' id='line_1_43' title="bbox 277 3068 2194 3124; baseline -0.006 -3"><span class='ocrx_word' id='word_1_446' title='bbox 277 3079 301 3122; x_wconf 86' lang='lat'><strong>7</strong></span> <span class='ocrx_word' id='word_1_447' title='bbox 313 3080 388 3120; x_wconf 91' lang='grc'><strong>61.</strong></span> <span class='ocrx_word' id='word_1_448' title='bbox 430 3079 482 3118; x_wconf 77' lang='grc' dir='ltr'><strong>Μ.</strong></span> <span class='ocrx_word' id='word_1_449' title='bbox 514 3075 710 3116; x_wconf 77' lang='lat' dir='ltr'><strong>Marcello</strong></span> <span class='ocrx_word' id='word_1_450' title='bbox 749 3073 930 3113; x_wconf 91' lang='lat' dir='ltr'><strong>reditum</strong></span> <span class='ocrx_word' id='word_1_451' title='bbox 963 3072 1008 3116; x_wconf 84' lang='lat' dir='ltr'><strong>in</strong></span> <span class='ocrx_word' id='word_1_452' title='bbox 1039 3071 1222 3124; x_wconf 87' lang='lat' dir='ltr'><strong>patriam</strong></span> <span class='ocrx_word' id='word_1_453' title='bbox 1255 3069 1463 3124; x_wconf 89' lang='lat' dir='ltr'><strong>permittit</strong></span> <span class='ocrx_word' id='word_1_454' title='bbox 1493 3068 1602 3113; x_wconf 82' lang='grc'><strong>762.</strong></span> <span class='ocrx_word' id='word_1_455' title='bbox 1637 3071 1786 3113; x_wconf 84' lang='lat' dir='ltr'><strong>scribit</strong></span> <span class='ocrx_word' id='word_1_456' title='bbox 1817 3071 2112 3122; x_wconf 81' lang='lat' dir='ltr'><strong>Anticatonem</strong></span> <span class='ocrx_word' id='word_1_457' title='bbox 2177 3075 2194 3110; x_wconf 84' lang='grc'><strong>’.</strong></span> 
     </span>
     <span class='ocr_line' id='line_1_44' title="bbox 277 3136 2193 3202; baseline -0.004 -15"><span class='ocrx_word' id='word_1_458' title='bbox 277 3145 387 3188; x_wconf 82' lang='grc'><strong>764.</strong></span> <span class='ocrx_word' id='word_1_459' title='bbox 422 3143 706 3198; x_wconf 87' lang='lat' dir='ltr'><strong>proficiscitur</strong></span> <span class='ocrx_word' id='word_1_460' title='bbox 746 3141 791 3181; x_wconf 89' lang='lat' dir='ltr'><strong>in</strong></span> <span class='ocrx_word' id='word_1_461' title='bbox 829 3138 1100 3191; x_wconf 83' lang='lat' dir='ltr'><strong>Hispaniam,</strong></span> <span class='ocrx_word' id='word_1_462' title='bbox 1145 3136 1306 3178; x_wconf 91' lang='lat' dir='ltr'><strong>bellum</strong></span> <span class='ocrx_word' id='word_1_463' title='bbox 1352 3141 1552 3189; x_wconf 76' lang='lat' dir='ltr'><strong>gesturus</strong></span> <span class='ocrx_word' id='word_1_464' title='bbox 1592 3142 1739 3178; x_wconf 89' lang='lat' dir='ltr'><strong>contra</strong></span> <span class='ocrx_word' id='word_1_465' title='bbox 1778 3139 1963 3193; x_wconf 87' lang='lat' dir='ltr'><strong>Pompeii</strong></span> <span class='ocrx_word' id='word_1_466' title='bbox 2002 3141 2113 3184; x_wconf 85' lang='lat' dir='ltr'><strong>filios</strong></span> <span class='ocrx_word' id='word_1_467' title='bbox 2171 3143 2193 3202; x_wconf 59' lang='grc' dir='ltr'><strong>’ξ</strong></span> 
     </span>
     <span class='ocr_line' id='line_1_45' title="bbox 274 3192 2182 3264; baseline -0.003 -12"><span class='ocrx_word' id='word_1_468' title='bbox 274 3211 385 3254; x_wconf 83' lang='grc'><strong>767.</strong></span> <span class='ocrx_word' id='word_1_469' title='bbox 421 3215 619 3264; x_wconf 84' lang='lat' dir='ltr'><strong>quartum</strong></span> <span class='ocrx_word' id='word_1_470' title='bbox 649 3206 918 3248; x_wconf 88' lang='lat' dir='ltr'><strong>consulatum</strong></span> <span class='ocrx_word' id='word_1_471' title='bbox 951 3195 1005 3259; x_wconf 84' lang='lat' dir='ltr'><strong>(a.</strong></span> <span class='ocrx_word' id='word_1_472' title='bbox 1029 3192 1152 3259; x_wconf 89' lang='grc'><strong>709)</strong></span> <span class='ocrx_word' id='word_1_473' title='bbox 1188 3204 1298 3255; x_wconf 81' lang='lat' dir='ltr'><strong>gerit</strong></span> <span class='ocrx_word' id='word_1_474' title='bbox 1328 3201 1437 3245; x_wconf 88' lang='lat'><strong>768.</strong></span> <span class='ocrx_word' id='word_1_475' title='bbox 1480 3204 1780 3246; x_wconf 77' lang='lat' dir='ltr'><strong>consolatorias</strong></span> <span class='ocrx_word' id='word_1_476' title='bbox 1813 3205 1976 3247; x_wconf 88' lang='lat' dir='ltr'><strong>litteras</strong></span> <span class='ocrx_word' id='word_1_477' title='bbox 2013 3209 2115 3256; x_wconf 74' lang='lat' dir='ltr'><strong>scri·</strong></span> <span class='ocrx_word' id='word_1_478' title='bbox 2179 3247 2182 3251; x_wconf 76' lang='grc'>,</span> 
     </span>
     <span class='ocr_line' id='line_1_46' title="bbox 268 3268 2187 3329; baseline -0.004 -11"><span class='ocrx_word' id='word_1_479' title='bbox 268 3279 335 3329; x_wconf 80' lang='lat' dir='ltr'><strong>bit</strong></span> <span class='ocrx_word' id='word_1_480' title='bbox 368 3279 419 3318; x_wconf 89' lang='lat' dir='ltr'><strong>ad</strong></span> <span class='ocrx_word' id='word_1_481' title='bbox 452 3278 695 3318; x_wconf 86' lang='lat' dir='ltr'><strong>Ciceronem</strong></span> <span class='ocrx_word' id='word_1_482' title='bbox 723 3274 775 3313; x_wconf 90' lang='lat' dir='ltr'><strong>de</strong></span> <span class='ocrx_word' id='word_1_483' title='bbox 820 3276 954 3312; x_wconf 86' lang='lat' dir='ltr'><strong>morte</strong></span> <span class='ocrx_word' id='word_1_484' title='bbox 989 3271 1146 3314; x_wconf 88' lang='lat' dir='ltr'><strong>Tulliae</strong></span> <span class='ocrx_word' id='word_1_485' title='bbox 1179 3268 1288 3311; x_wconf 89' lang='grc'><strong>770.</strong></span> <span class='ocrx_word' id='word_1_486' title='bbox 1324 3269 1448 3310; x_wconf 82' lang='lat' dir='ltr'><strong>victis</strong></span> <span class='ocrx_word' id='word_1_487' title='bbox 1478 3270 1664 3324; x_wconf 86' lang='lat' dir='ltr'><strong>Pompeii</strong></span> <span class='ocrx_word' id='word_1_488' title='bbox 1697 3271 1797 3311; x_wconf 85' lang='lat' dir='ltr'><strong>filiis</strong></span> <span class='ocrx_word' id='word_1_489' title='bbox 1828 3273 1879 3311; x_wconf 91' lang='lat' dir='ltr'><strong>ad</strong></span> <span class='ocrx_word' id='word_1_490' title='bbox 1915 3274 2109 3320; x_wconf 76' lang='lat' dir='ltr'><strong>Mundam</strong></span> <span class='ocrx_word' id='word_1_491' title='bbox 2167 3291 2187 3318; x_wconf 63' lang='grc' dir='ltr'><strong>χ.</strong></span> 
     </span>
     <span class='ocr_line' id='line_1_47' title="bbox 274 3327 2179 3395; baseline -0.002 -10"><span class='ocrx_word' id='word_1_492' title='bbox 274 3346 447 3395; x_wconf 85' lang='lat' dir='ltr'><strong>urbem,</strong></span> <span class='ocrx_word' id='word_1_493' title='bbox 480 3342 708 3383; x_wconf 81' lang='lat' dir='ltr'><strong>revertitur</strong></span> <span class='ocrx_word' id='word_1_494' title='bbox 740 3341 909 3379; x_wconf 83' lang='lat' dir='ltr'><strong>Romam</strong></span> <span class='ocrx_word' id='word_1_495' title='bbox 947 3335 1055 3380; x_wconf 82' lang='lat'><strong>774.</strong></span> <span class='ocrx_word' id='word_1_496' title='bbox 1091 3336 1290 3389; x_wconf 87' lang='lat' dir='ltr'><strong>quintum</strong></span> <span class='ocrx_word' id='word_1_497' title='bbox 1323 3336 1592 3378; x_wconf 91' lang='lat' dir='ltr'><strong>consulatum</strong></span> <span class='ocrx_word' id='word_1_498' title='bbox 1625 3327 1680 3392; x_wconf 85' lang='lat' dir='ltr'><strong>(a.</strong></span> <span class='ocrx_word' id='word_1_499' title='bbox 1713 3327 1824 3394; x_wconf 87' lang='lat'><strong>710)</strong></span> <span class='ocrx_word' id='word_1_500' title='bbox 1860 3340 1969 3391; x_wconf 79' lang='lat' dir='ltr'><strong>gerit</strong></span> <span class='ocrx_word' id='word_1_501' title='bbox 1999 3338 2107 3389; x_wconf 74' lang='lat'><strong>776,</strong></span> <span class='ocrx_word' id='word_1_502' title='bbox 2175 3341 2179 3391; x_wconf 66' lang='lat' dir='ltr'>s</span> 
     </span>
     <span class='ocr_line' id='line_1_48' title="bbox 272 3403 2175 3460; baseline -0.003 -6"><span class='ocrx_word' id='word_1_503' title='bbox 272 3411 460 3454; x_wconf 84' lang='lat' dir='ltr'><strong>diadema</strong></span> <span class='ocrx_word' id='word_1_504' title='bbox 493 3409 631 3452; x_wconf 79' lang='lat' dir='ltr'><strong>reiicit</strong></span> <span class='ocrx_word' id='word_1_505' title='bbox 663 3405 962 3460; x_wconf 86' lang='lat' dir='ltr'><strong>Lupercalibus</strong></span> <span class='ocrx_word' id='word_1_506' title='bbox 999 3403 1051 3444; x_wconf 80' lang='lat' dir='ltr'><strong>ab</strong></span> <span class='ocrx_word' id='word_1_507' title='bbox 1086 3403 1272 3443; x_wconf 87' lang='lat' dir='ltr'><strong>Antonio</strong></span> <span class='ocrx_word' id='word_1_508' title='bbox 1300 3403 1380 3443; x_wconf 87' lang='lat' dir='ltr'><strong>sihi</strong></span> <span class='ocrx_word' id='word_1_509' title='bbox 1411 3403 1653 3458; x_wconf 86' lang='lat' dir='ltr'><strong>impositum</strong></span> <span class='ocrx_word' id='word_1_510' title='bbox 1686 3403 1793 3448; x_wconf 83' lang='lat'><strong>776.</strong></span> <span class='ocrx_word' id='word_1_511' title='bbox 1830 3405 1974 3455; x_wconf 77' lang='lat' dir='ltr'><strong>Idibus</strong></span> <span class='ocrx_word' id='word_1_512' title='bbox 2008 3407 2110 3455; x_wconf 68' lang='lat' dir='ltr'><strong>Mar·</strong></span> <span class='ocrx_word' id='word_1_513' title='bbox 2171 3419 2175 3422; x_wconf 86' lang='grc'><strong>’</strong></span> 
     </span>
     <span class='ocr_line' id='line_1_49' title="bbox 263 3468 1525 3532; baseline -0.009 -13"><span class='ocrx_word' id='word_1_514' title='bbox 263 3480 340 3532; x_wconf 70' lang='lat' dir='ltr'><strong>-tiis</strong></span> <span class='ocrx_word' id='word_1_515' title='bbox 376 3479 419 3520; x_wconf 89' lang='lat' dir='ltr'><strong>in</strong></span> <span class='ocrx_word' id='word_1_516' title='bbox 456 3477 571 3518; x_wconf 82' lang='lat' dir='ltr'><strong>curia</strong></span> <span class='ocrx_word' id='word_1_517' title='bbox 603 3474 787 3528; x_wconf 87' lang='lat' dir='ltr'><strong>Pompeii</strong></span> <span class='ocrx_word' id='word_1_518' title='bbox 823 3471 1057 3516; x_wconf 83' lang='lat' dir='ltr'><strong>trucidatur</strong></span> <span class='ocrx_word' id='word_1_519' title='bbox 1091 3485 1115 3517; x_wconf 85' lang='lat' dir='ltr'><strong>a</strong></span> <span class='ocrx_word' id='word_1_520' title='bbox 1148 3470 1378 3518; x_wconf 81' lang='lat' dir='ltr'><strong>coniuratis</strong></span> <span class='ocrx_word' id='word_1_521' title='bbox 1418 3468 1525 3520; x_wconf 79' lang='lat'><strong>777.</strong></span> 
     </span>
    </p>
   </div>
   <div class='ocr_carea' id='block_1_3' title="bbox 2191 2333 2210 3970">
    <p class='ocr_par' dir='ltr' id='par_1_6' title="bbox 2191 2333 2210 3970">
     <span class='ocr_line' id='line_1_50' title="bbox 2191 2333 2210 3970; baseline 0 0"><span class='ocrx_word' id='word_1_522' title='bbox 2191 2333 2210 3970; x_wconf 95' lang='lat' dir='ltr'><strong> </strong></span> 
     </span>
    </p>
   </div>
  </div>
 </body>
</html>
