2210 3970
726 230 955 268 Annus
1008 231 1050 268 υ.
1105 233 1148 269 ο.
1205 217 1330 269 697.
1840 215 1947 268 689

119 362 476 428 ε’σηγησαμένου
506 359 884 424 προεβούλευσε,
933 368 1014 410 καὶ
1062 363 1087 409 ὁ
1116 363 1265 424 δῆμος
1301 361 1583 423 ἀμφοτέρων
1617 360 1711 405 τῶν
1753 358 1945 405 ὑπάτων

119 443 463 508 ἃσονεγκόντων
494 441 798 502 ἆψηφίσατο.
836 441 1053 507 ἀντέλεγε
1081 442 1169 504 μὲν
1200 444 1288 505 γάρ
1317 441 1434 504 πρὸς
1468 441 1652 492 αὐτούς
1679 438 1908 492 Κλώδιος
1927 474 1939 495 ,

121 522 225 570 ἀλλ’
259 522 427 586 ἐκείνῳ
455 539 504 568 τε
533 521 560 567 ό
586 522 759 567 Μίλων
789 521 1063 579 ἀντέκειτο,
1101 523 1223 569 ὥστε
1246 521 1393 583 μηδὲν
1419 522 1584 582 βίαιον
1613 522 1791 583 δρᾶσαι
1810 553 1824 575 ,
1860 524 1942 567 καὶ

121 603 186 666 τῷ
217 604 345 664 νόμῳ
380 601 521 648 ἄλλοι
552 618 601 646 τε
626 604 705 647 καὶ
738 600 765 645 ό
793 603 1049 662 Πομπήιος
1081 609 1336 658 συνεῖπον,
1376 601 1498 647 ὥστε
1530 603 1656 649 πολύ
1693 605 1940 663 κρείττους

120 682 304 734 αὐτοὺς
337 680 585 744 γενέσθαι.
650 680 868 725 Plutarch.
894 682 977 726 Cic.
1002 697 1039 727 c.
1057 685 1128 726 33.
1154 684 1194 725 2.
1227 684 1327 726 Καὶ
1359 684 1597 744 Πομπηίῳ
1633 682 1806 727 πολλοὶ
1835 697 1943 726 συν-

119 762 276 819 ῆλθον
299 760 351 806 ἔκ
381 777 431 806 τε
457 763 543 806 τοῦ
573 759 727 819 δήμου
759 762 839 804 καὶ
875 760 966 805 τῶν
1007 758 1146 823 πέριξ
1178 762 1394 807 πόλεων·
1427 763 1541 820 μεθ’
1586 748 1651 805 ὧν
1684 759 1941 822 προελθὼν

117 843 200 887 καὶ
234 838 318 886 τὸν
349 837 569 885 Κλώδιον
611 837 882 898 ἀναστήσας
912 840 966 886 έκ
1005 843 1089 899 τῆς
1123 840 1299 904 ἀγορᾶς
1338 839 1419 886 ἐπὶ
1456 839 1540 898 τήν
1575 842 1739 900 ψῆφον
1774 836 1939 884 ἐκάλει

116 920 236 972 τούς
268 920 488 971 πολίτας.
554 921 646 965 Καὶ
681 918 868 983 λέγεται
903 921 1144 981 μηδέποτε
1188 918 1336 983 μηδὲν
1368 918 1422 965 ἐκ
1455 921 1692 976 τοσαύτης
1727 917 1943 979 ὁμοφρο-

114 999 266 1058 σύνης
301 995 703 1059 ἐπιψηφίσασθαι
737 998 819 1046 τὸν
847 1000 1013 1060 δῆμον.
1078 1001 1200 1047 Idem
1226 1004 1370 1061 Pomp.
1399 1016 1440 1047 c.
1460 1003 1532 1045 49.
1553 1004 1594 1045 3.
1629 1003 1742 1049 Τοῖς
1773 994 1828 1042 δὲ
1854 997 1942 1043 Κι-

116 1075 299 1141 κέρωνα
338 1087 620 1141 καταγαγεῖν
654 1078 904 1135 ἀξιοῦσιν,
943 1078 1092 1140 ἄνδρα
1120 1082 1201 1124 καὶ
1228 1078 1433 1142 Κλωδίῳ
1462 1077 1826 1139 πολεμιώτατον
1857 1077 1940 1123 καὶ

118 1160 175 1217 τῇ
209 1156 356 1219 βουλῇ
401 1156 841 1219 προσφιλέστατον,
891 1157 1130 1216 ἐπείσθη·
1177 1161 1257 1203 καὶ
1292 1157 1570 1222 προαγαγὼν
1598 1157 1680 1205 τὸν
1724 1155 1937 1215 ἀδελφόν

116 1235 272 1284 αὐτοῦ
309 1236 534 1299 δεόμενον
567 1238 660 1283 σύν
697 1240 827 1300 χειρὶ
860 1238 1040 1296 πολλῇ,
1086 1239 1370 1299 τραυμάτων
1403 1237 1453 1283 ἐν
1494 1237 1643 1302 ἀγορᾷ
1676 1228 1942 1302 γένομένων

116 1319 198 1363 καί
229 1333 374 1364 τινων
402 1315 788 1379 ἀναιρεθέντων,
825 1315 1058 1380 ἐκράτησε
1088 1320 1174 1362 τοῦ
1202 1317 1438 1363 Κλωδίου.

167 1446 247 1521 ·(⁸)
289 1444 488 1502 Eodem
530 1446 615 1502 die
662 1447 717 1501 in
763 1446 914 1501 curia
962 1451 1178 1499 senatus
1231 1444 1501 1510 decrevit,
1555 1462 1629 1501 ne
1669 1445 1817 1517 quis
1856 1442 1931 1498 de

114 1546 292 1602 caelo
341 1553 673 1609 servaret,
738 1560 813 1602 ne
866 1547 1011 1617 quis
1070 1562 1309 1600 moram
1373 1544 1570 1600 ullam
1625 1543 1941 1606 afferrem

113 1646 316 1703 addidit
347 1649 509 1703 etiam
532 1645 695 1713 illud,
735 1648 869 1702 nisi
914 1646 1145 1702 dicbus
1185 1648 1515 1720 quinque,
1555 1646 1800 1719 quibus
1838 1647 1943 1719 agi

110 1746 188 1803 de
235 1747 547 1804 Cicerone
598 1748 959 1820 potuisset,
1019 1754 1197 1802 esset
1251 1753 1507 1813 actum,
1571 1746 1835 1803 rediret
1875 1748 1940 1802 in

110 1827 427 1921 patriam;
467 1847 736 1920 simulque
770 1847 1030 1912 decrevit,
1076 1854 1220 1903 utet
1256 1848 1369 1913 iis,
1410 1848 1520 1920 qui
1554 1864 1625 1903 ex
1655 1855 1781 1903 tota
1817 1848 1941 1904 Ita·

107 1947 197 2004 lia
229 1947 470 2005 salutis
507 1949 854 2013 Ciceronis
888 1966 1124 2005 caussa
1157 1957 1631 2015 convenerant,
1672 1966 1938 2022 ageren-

107 2054 218 2105 tur
251 2049 534 2121 gratiae,
575 2055 638 2104 et
671 2050 780 2121 qui
814 2048 1190 2105 Ciceronem
1224 2051 1286 2104 in
1319 2049 1553 2104 exsilio
1590 2049 1936 2108 fovissent.

109 2164 161 2206 v..
205 2166 251 2204 c.
276 2154 366 2206 50.
411 2153 498 2204 76.
529 2166 578 2205 c.
606 2149 695 2203 55.
738 2152 806 2203 85
827 2166 903 2221 sq.
935 2190 944 2209 „

171 2250 256 2295 Cic.
283 2239 378 2311 post
409 2248 534 2294 redit.
569 2248 612 2293 in
642 2257 775 2294 senat.
801 2265 835 2293 c.
857 2253 927 2293 11.
963 2252 1039 2293 27.
1074 2249 1144 2293 Ad
1175 2249 1277 2293 haec
1311 2266 1395 2293 non
1427 2249 1551 2293 modo
1584 2249 1841 2296 adiumenta
1867 2267 1939 2296 εα·

110 2319 246 2387 lutis,
292 2328 372 2372 sed
406 2323 541 2372 etiam
568 2334 824 2371 ornamenta
868 2326 1107 2387 dignitatis
1138 2343 1260 2371 meae
1293 2326 1466 2387 reliqua
1498 2343 1574 2371 cos
1601 2328 1734 2372 iidem
1760 2329 1939 2377 addidi.-

107 2409 221 2454 ctis:
254 2406 541 2461 decrevistis,
574 2421 627 2449 ne
659 2406 763 2466 quis
793 2404 892 2449 ulla
923 2405 1095 2448 ratione
1122 2411 1216 2448 'rem
1250 2404 1510 2465 impediret:
1545 2394 1624 2465 &ui
1651 2405 1701 2449 id
1730 2406 1937 2468 impedis·

106 2493 200 2543 cet,
230 2485 428 2557 gravi-ter
454 2481 719 2543 molesteque
753 2481 949 2527 laturos:
982 2481 1114 2526 illum
1141 2490 1294 2527 contra
1321 2483 1635 2543 rempublicam
1660 2485 1937 2547 salutemque

107 2565 313 2611 bonorum
353 2560 711 2622 concordiamque
742 2561 904 2605 civium
926 2560 1193 2619 facturum:
1237 2568 1282 2604 et
1311 2567 1363 2604 ut
1393 2560 1455 2606 ad
1490 2577 1566 2606 vos
1601 2562 1653 2607 de
1685 2580 1733 2608 eo
1775 2566 1935 2610 statim

105 2626 390 2702 referretur?
415 2654 591 2699 meque,
635 2639 771 2682 etiam
803 2638 846 2681 si
883 2636 1058 2682 diutius
1090 2638 1495 2695 calumniarentur,
1539 2640 1681 2685 redire
1713 2643 1932 2690 iussistis.

111 2719 267 2779 Quid?
298 2725 351 2762 ut
377 2723 613 2779 agerentur
635 2716 836 2776 qratiae‚
871 2717 950 2776 qui
977 2732 998 2759 e
1025 2717 1284 2776 municipiis
1315 2717 1576 2761 venissent?
1608 2719 1756 2779 quid?
1788 2728 1840 2765 ut
1872 2721 1933 2765 ad

108 2796 239 2841 illam
269 2794 414 2851 diem,
455 2810 527 2838 res
558 2809 693 2854 quum
726 2793 974 2846 redissent,
1014 2800 1301 2852 rogarentur,
1333 2801 1387 2837 ut
1409 2796 1519 2854 pari
1550 2796 1700 2840 studio
1733 2801 1930 2843 com-eni-

106 2874 244 2920 κεπτ.)
310 2870 529 2918 Plutarch.
553 2870 637 2915 Cic.
665 2885 702 2914 c.
721 2874 793 2915 33.
823 2873 867 2914 2.
904 2873 977 2915 ‘H
997 2868 1051 2915 δὲ
1076 2872 1343 2933 σύγκλητος
1370 2873 1680 2933 ἁμιλλωμένη
1704 2875 1822 2937 πρὸς
1846 2876 1930 2922 τὸν

107 2954 260 3015 δῆμον
305 2950 504 3015 ἔγραψεν
539 2946 861 3006 ’ἐπαινεθῆναι
897 2951 981 3003 τάς
1014 2952 1205 3007 πόλεις,
1254 2953 1368 2998 ὅσαι
1404 2951 1486 2997 τὸν
1516 2954 1769 3017 Κικέρωνα
1801 2957 1927 3018 παρὰ

106 3034 191 3094 τήν
221 3032 373 3097 φυγήν
403 3029 749 3093 ἑθεράπευσαν.

183 3137 245 3220 (⁹)
289 3137 397 3192 Hoc
432 3134 542 3190 scre
581 3137 819 3207 tempore
853 3136 907 3189 in
942 3135 1000 3204 Q.
1031 3136 1226 3198 Metelli
1261 3137 1516 3192 honorem
1553 3137 1831 3194 funebrem
1862 3140 1924 3208 Q.

106 3238 348 3299 Metellus
371 3236 547 3309 Scipio
569 3235 714 3291 dedit
736 3236 1101 3308 spectaculum
1124 3237 1519 3308 gladiatorium.
1560 3255 1613 3291 v.
1651 3255 1696 3292 c.
1721 3243 1811 3296 51.
1838 3245 1929 3297 80.

102 3375 106 3379 .
164 3338 313 3389 Schol.
346 3337 447 3385 Bob.
481 3337 534 3382 ad
571 3339 689 3381 Orat.
725 3353 798 3397 pro
829 3337 970 3381 Sextio
997 3354 1036 3398 p.
1057 3341 1159 3382 306.
1195 3339 1345 3399 Scipio
1379 3338 1474 3392 hic,
1509 3339 1638 3383 cuius
1661 3338 1789 3397 facit
1812 3359 1929 3387 men·

103 3418 296 3476 tionem,
321 3426 482 3480 postea
513 3418 584 3460 Cn.
620 3416 821 3477 Pompeii
846 3431 968 3460 socer
989 3415 1120 3475 fuit,
1153 3416 1201 3459 in
1227 3416 1353 3460 eaeitu
1382 3415 1489 3461 belli
1511 3419 1659 3462 civilis
1684 3436 1767 3464 sua
1793 3438 1927 3466 manu

105 3497 423 3558 interemptus.-
455 3494 689 3556 adoptione
722 3502 865 3540 tamen
897 3495 1017 3542 venit
1047 3494 1094 3538 in
1119 3492 1355 3552 familiam
1386 3495 1688 3542 Metellorum:
1722 3507 1767 3544 ct
1792 3517 1926 3560 quum

1579 3576 1638 3622 55
