2150 3990
356 193 411 250 L.
436 193 502 250 11.
543 210 588 248 o.
615 191 848 248 XXXIV.
892 190 1027 264 §89
1066 221 1141 230 —
1181 207 1227 245 c.
1253 190 1486 270 xxxiv,
1532 192 1571 265 S
1597 197 1685 247 95.
1871 197 1939 247 95

119 345 404 401 arbitratus
440 343 669 400 alienum
690 385 704 409 ,
757 342 826 398 ad
856 350 905 398 te
936 341 1261 414 perscribere
1305 360 1393 407 ea,
1433 360 1566 414 quae
1602 342 1737 395 mihi
1780 345 1945 399 venie·

124 445 246 500 bant
282 445 338 500 in
382 452 633 510 mentem,
681 443 792 499 dies
831 461 892 499 ac
936 448 1126 498 noctes
1149 442 1214 496 de
1252 442 1500 513 petitione
1542 451 1631 496 tua
1672 444 1949 514 coqitanti:

121 563 223 613 non
259 553 318 598 ut
349 534 555 618 aliquid
586 564 653 600 ex
686 546 753 600 iis
785 546 903 599 novi
934 545 1255 608 addisceres,
1295 544 1387 597 sed
1416 552 1473 597 ut
1506 562 1594 608 ea,
1634 563 1766 615 quae
1799 546 1853 599 in
1894 564 1952 600 re

119 647 354 718 dispersa
378 655 532 719 atque
556 646 765 719 infinita
795 646 1092 701 viderentur
1118 663 1251 710 esse,
1289 646 1489 700 ratione
1515 654 1563 699 et
1594 645 1954 701 distributione

121 746 217 801 sub
262 763 364 802 uno
401 755 611 818 aspectu
641 754 974 818 ponerentur.
1073 745 1399 818 Quamquam
1431 746 1729 817 plurimum
1766 756 1954 802 natura

43 831 54 841 .
122 847 293 913 valet,
347 855 520 903 tamen
569 848 776 903 videtur
817 848 876 902 in
914 864 1206 920 paucorum
1248 847 1507 903 mensium
1561 849 1763 921 neqotio
1801 865 1955 918 posse

119 948 384 1004 simulatio
408 957 652 1004 naturam
672 949 892 1005 vincere.
971 950 1060 1004 92.
1105 947 1298 1003 Civitas
1317 948 1559 1021 quaesit,
1600 948 1799 1020 coqita,·
1830 949 1957 1021 quid

116 1057 299 1121 petas:
353 1049 444 1122 qui
481 1050 571 1104 sis.
663 1049 837 1122 Prope
884 1049 1113 1122 quotidie
1156 1049 1226 1103 ad
1264 1052 1442 1122 forum
1487 1048 1582 1103 tibi
1630 1048 1958 1104 descendenti

122 1151 429 1206 meditatum
455 1149 574 1206 ‘hoc
624 1152 726 1206 sit.-
785 1150 964 1206 Novus
996 1167 1148 1213 sum;
1198 1149 1546 1205 Consulatum
1588 1156 1737 1221 peto;
1789 1149 1959 1205 Roma

123 1256 222 1306 est.
285 1249 552 1306 ‘Nominis
601 1250 879 1304 novitatem
915 1250 1122 1304 dicendi
1158 1249 1331 1321 qloria
1368 1250 1603 1304 maxime
1645 1250 1958 1305 sublevabis.

124 1350 342 1422 Semper
378 1366 438 1404 ea
470 1366 556 1404 res
579 1348 876 1421 plurimum
907 1348 1178 1421 diqnitatis
1216 1348 1414 1403 habuit.
1493 1347 1607 1403 Non
1634 1358 1831 1420 potest,
1870 1351 1963 1422 qui

123 1449 313 1525 diqnus
370 1449 590 1506 liabetur
638 1458 893 1522 patronus
949 1449 1329 1515 consularium,
1386 1450 1635 1522 indiqnus
1692 1450 1963 1506 consulatu

120 1550 315 1624 putari.
405 1549 756 1626 Quamobrem
771 1592 785 1616 ,
839 1551 1085 1624 quoniam
1126 1549 1194 1604 ab
1245 1550 1344 1605 liae
1390 1549 1544 1606 laude
1581 1551 1934 1623 proficisceris
1947 1596 1961 1618 ,

0 1660 1 1667 ’
39 1645 41 1648 ’
126 1661 204 1719 et,
242 1651 499 1726 quidquid
525 1670 608 1718 es,
647 1670 716 1708 ex
751 1652 848 1707 lioc
879 1670 964 1718 es,
1001 1652 1077 1707 ita
1110 1660 1333 1724 paratus
1363 1651 1434 1707 ad
1465 1652 1743 1725 dicendum
1770 1655 1961 1720 venito,

125 1753 276 1827 quasi
313 1753 370 1809 in
408 1753 634 1827 sinqulis
666 1754 866 1810 caussis
907 1754 1162 1809 iudicium
1199 1753 1264 1809 de
1301 1754 1444 1808 omni
1480 1755 1689 1827 inqenio
1720 1759 1965 1829 futurum

125 1855 210 1911 sit.
288 1857 380 1910 95.-
422 1853 557 1910 Eius
589 1855 861 1930 facultatis
891 1854 1219 1919 adiumenta,
1259 1872 1394 1927 quae
1419 1854 1515 1909 tibi
1545 1856 1650 1911 scio
1683 1875 1793 1911 esse
1823 1875 1964 1929 sepo-

51 1991 53 2003 2
125 1953 262 2022 sita,
314 1964 372 2011 ut
409 1965 602 2029 parata
638 1974 700 2013 ac
737 1966 986 2030 prompta
1027 1957 1159 2021 sint,
1202 1974 1361 2018 cura:
1415 1965 1464 2012 et
1502 1975 1678 2028 saepe,
1731 1975 1865 2031 quae
1900 1958 1966 2013 de

23 2100 34 2114 .
128 2056 490 2114 ¹Demosthenis
512 2058 684 2114 studio
716 2067 766 2114 et
797 2059 1165 2114 exercitatione
1195 2058 1406 2130 scripsit
1432 2058 1759 2124 Demetrius,
1796 2077 1965 2115 recor·

129 2154 256 2213 'dare
277 2175 318 2221 ‚··*
346 2158 532 2214 deinde
581 2168 632 2215 et
673 2159 963 2215 amicorum
1004 2158 1284 2214 multitudo
1328 2167 1378 2214 et
1426 2177 1618 2231 qenera
1662 2171 1965 2232 appareant.

131 2256 314 2313 Habes
350 2259 492 2314 enim
535 2277 625 2325 ea,
683 2277 816 2331 quae
864 2259 985 2313 novi
1037 2258 1362 2314 habuerunt:
1414 2277 1593 2315 omnes
1628 2261 1967 2333 publicanos,

132 2366 298 2414 tatum
332 2362 450 2433 fere
485 2368 775 2433 equestrem
817 2359 1081 2424 ordinem,
1133 2358 1301 2413 muaa
1340 2368 1614 2430 praeterea
1650 2362 1938 2434 municipia
1952 2404 1967 2429 ‚

133 2458 324 2514 multos
374 2457 468 2514 abs
510 2468 560 2515 te
595 2459 838 2534 defensos
882 2460 1130 2532 cuiusque
1173 2459 1402 2524 ordinis,
1453 2460 1653 2533 aliquot
1706 2462 1966 2535 colleqia:

125 2568 399 2634 praeterea
446 2561 616 2616 studio
654 2561 862 2616 dicendi
899 2561 1198 2616 conciliatos
1229 2561 1494 2632 plurimos
1531 2562 1967 2629 adolescentulos,

83 2715 87 2718 ,
130 2661 486 2736 quotidianam
509 2663 797 2718 amicorum
814 2662 1173 2717 assiduitatem
1193 2671 1241 2717 et
1267 2665 1636 2736 frequentiam.
1693 2668 1782 2720 94.
1826 2665 1968 2720 Ilaec

131 2780 260 2818 cura
282 2771 343 2818 ut
380 2771 555 2819 teneas
585 2764 988 2819 commendando
1020 2773 1070 2819 et
1099 2765 1330 2837 roqando
1363 2773 1413 2819 et
1451 2766 1593 2820 omni
1622 2768 1823 2822 ratione
1859 2769 1966 2840 effi-

133 2862 340 2929 ciendo,
378 2871 438 2918 ut
473 2864 799 2937 intelliqant,
839 2874 888 2919 et
927 2865 1019 2938 qui
1056 2865 1238 2920 debent
1277 2874 1367 2920 tua
1406 2884 1588 2921 caussa
1607 2907 1627 2932 ,
1662 2868 1971 2940 referendae

133 2963 365 3037 qratiae,
404 2973 454 3019 et
474 2946 565 3038 qui
593 2965 795 3032 volunt,
834 2966 1102 3039 obliqandi
1133 2967 1211 3021 tui
1236 2976 1438 3050 tempus
1459 2968 1562 3021 sibi
1580 2967 1730 3022 aliud
1760 2968 1970 3023 nullum

132 3069 269 3140 2fore.
310 3076 318 3085 ·
347 3064 530 3119 Etiam
567 3065 663 3120 hoc
693 3067 920 3121 multum
957 3067 1162 3122 videtur
1192 3068 1441 3121 adiuvare
1466 3085 1620 3138 posse
1656 3085 1846 3121 novum
1879 3067 1967 3121 bo-

133 3165 366 3229 minem.-
395 3163 664 3221 bominum
695 3167 952 3222 nobilium
971 3168 1242 3233 voluntas,
1271 3176 1320 3222 et
1339 3168 1572 3222 maxime
1596 3167 1966 3223 consularium.

138 3264 384 3331 Prodest,
436 3284 656 3339 quorum
688 3268 743 3320 in
784 3267 953 3322 locum
984 3287 1045 3323 ac
1084 3287 1359 3323 nuncet-um
1386 3270 1662 3339 pervenire
1699 3269 1863 3334 velis,
1902 3270 1969 3323 ab

141 3367 223 3421 liis
254 3367 382 3445 ipsis
402 3368 497 3423 illo
531 3369 638 3423 loco
669 3388 730 3423 ac
758 3388 971 3424 numero
999 3370 1218 3443 diqnum
1239 3371 1438 3442 putari.
1517 3375 1605 3426 95.
1650 3370 1722 3425 Hi
1750 3371 1969 3442 roqandi

138 3485 312 3525 omnes
343 3478 462 3524 sunt
500 3470 805 3542 diliqenter,
861 3481 908 3526 et
941 3471 1010 3526 ad
1047 3490 1130 3527 eos
1163 3471 1499 3542 alleqandum
1539 3481 1614 3528 est
1653 3470 1967 3543 persuaden-
