2210 3970
491 215 546 272 L.
572 214 708 270 vul.
751 231 795 267 c.
821 212 955 268 XIV.
1000 212 1038 285 S
1065 214 1131 265 54
1179 240 1253 249 -—
1295 228 1338 262 c.
1364 210 1472 263 XV.
1519 210 1556 282 ἕ
1583 214 1668 263 57.
1889 211 1995 263 565

178 375 295 429 tor;
342 366 484 422 idem
523 367 686 420 etiam
726 366 885 420 tertio
925 361 1235 425 consulatu,
1274 367 1557 432 postquam
1597 375 1712 413 esse
1753 357 1998 412 dcl'cnsor

176 467 500 541 reipublicae
537 468 734 538 coepit,
782 463 1079 531 contendit,
1119 468 1180 517 ut
1218 460 1403 515 decem
1445 459 1649 515 tribuni
1689 457 1857 531 plebis
1897 457 1996 512 ler—
2039 444 2048 457 ‘

175 575 325 634 rent,
377 575 438 624 ut
475 567 710 622 absentis
750 566 887 620 ratio
926 564 1244 632 haberetur;
1302 560 1443 633 quod
1484 559 1627 615 idem
1668 559 1781 631 ipse
1820 559 1997 612 sanxit

173 670 289 742 lege
325 667 556 741 quadam
595 684 721 731 sua,
762 634 1042 738 Marcoqffe
1080 661 1325 720 Marcello
1357 660 1593 724 consuli,
1636 659 1843 714 finienti
1883 675 1999 730 pro·

174 768 365 824 vinciis
403 767 588 825 Galliis
616 767 979 826 Kalendarum
1012 766 1328 822 Martiarum
1359 762 1530 827 diem,
1569 762 1787 818 restitit.
1870 760 1998 825 Sed,

172 875 234 926 ut
270 868 401 925 haec
441 870 688 925 omittam
711 912 724 934 ,
764 869 894 941 quid
935 867 1176 933 foediuS,
1216 865 1348 939 quid
1386 863 1755 938 perturbatius
1794 862 1893 917 hoc
1933 861 1998 917 ab

172 969 311 1027 Urbe
343 969 613 1036 discessu,
653 970 765 1024 sive
793 969 972 1042 potius
1000 968 1315 1041 turpissima
1353 965 1511 1038 suga?
1592 965 1738 1033 Quae
1764 962 2001 1019 conditio

169 1086 276 1126 non
304 1070 615 1144 accipienda
647 1069 752 1126 fuit
779 1070 982 1143 potiuS‚
1010 1084 1173 1142 quam
1202 1064 1553 1138 relinquenda
1580 1063 1792 1137 patria?
1834 1062 2000 1121 Malae

169 1169 503 1228 conditiones
535 1177 704 1226 erant.
786 1170 1005 1225 Fateor:
1046 1167 1140 1225 sed
1166 1184 1298 1223 num
1338 1165 1467 1238 quid
1507 1164 1605 1220 hoc
1646 1164 1830 1238 peius?
1910 1166 1999 1218 36.

170 1271 251 1328 Ar
275 1270 616 1344 recuperabit
653 1269 1059 1342 rempublicam.
1099 1337 1109 1349 ι
1152 1266 1416 1334 Quando?
1471 1273 1566 1320 aut
1604 1264 1736 1337 quid
1774 1264 1841 1319 ad
1881 1281 1998 1319 eam

168 1371 317 1443 spem
354 1375 438 1425 est
481 1368 699 1441 parati?
790 1367 904 1423 Non
944 1383 1073 1438 ager
1111 1367 1341 1420 Picenus
1381 1363 1656 1419 amissus?
1710 1380 1815 1418 non
1854 1370 1998 1435 pate·

166 1469 378 1527 factum*
411 1469 527 1525 ⁴iter
562 1467 632 1524 ad
673 1466 903 1523 Urbem?
958 1482 1064 1521 non
1111 1465 1339 1538 pecunia
1378 1463 1555 1519 omnis
1593 1470 1647 1517 et
1687 1462 1900 1535 publica
1946 1471 1998 1519 ct

165 1572 379 1645 privata
413 1568 719 1626 adversario
756 1566 999 1623 tradita?
1087 1566 1329 1638 Denique
1367 1563 1513 1620 nulla
1553 1581 1744 1620 caussa
1764 1606 1780 1629 ,
1821 1563 1998 1620 nullae

166 1672 348 1746 vires,
387 1667 534 1727 nulla
571 1667 759 1734 sedes,
797 1683 905 1740 quo
944 1673 1308 1731 concurrant,
1347 1666 1442 1739 qui
1481 1664 1871 1738 rempublicam
1910 1664 1998 1721 dc-

166 1771 371 1830 fensum
407 1770 610 1827 velint..
669 1768 863 1844 Apulia
895 1768 1101 1826 delecta
1138 1775 1251 1848 est,
1292 1768 1610 1823 inanissima
1648 1783 1773 1839 pars
1811 1765 1998 1824 Italiae

163 1879 218 1929 et
268 1871 335 1928 ab
385 1873 591 1946 impetu
635 1870 800 1926 huius
838 1869 963 1926 belli
1010 1868 1400 1926 remotissima:
1455 1867 1582 1938 suga
1627 1874 1682 1922 ct
1721 1868 1997 1924 maritima

162 1972 535 2046 opportunitas
570 1972 686 2027 visa
723 1971 910 2044 quaeri
950 1969 1336 2043 desperatione.

238 2173 381 2229 XV.»
423 2177 520 2228 57.
545 2216 549 2220 .
574 2170 680 2227 Sed
701 2176 719 2209 1
772 2187 901 2227 ecce
936 2171 1147 2234 nuntii,
1187 2167 1518 2225 deliberante
1554 2184 1643 2223 me
1693 2167 1826 2223 baec
1878 2169 1994 2241 ipsa

164 2279 329 2330 noctu
367 2274 423 2329 in
456 2271 682 2339 GalenO,
721 2287 846 2328 ecce
884 2270 1121 2336 litterae,
1173 2268 1533 2326 Caesarem
1577 2268 1661 2324 ad
1695 2267 1993 2341 Corfini-

163 2373 718 2441 um,=-·vaitium
759 2371 1070 2445 Cor-[inii
1116 2387 1262 2425 cum
1306 2371 1520 2442 firmo
1565 2369 1886 2424 exercitu
1932 2378 1994 2424 et

152 2475 849 2550 paquaresoupiente.
941 2471 1056 2527 Non
1103 2470 1358 2543 putabam
1395 2471 1561 2526 etiam
1608 2468 1989 2527 hoc'Cnaeum

157 2581 404 2633 nostrum
469 2576 887 2654 commissurum
907 2615 923 2639 ,
961 2580 1045 2628 ⁴ut
1100 2572 1398 2628 Domitium
1456 2569 1819 2643 relinqueret:
1886 2575 1990 2628 etsi

157 2676 841 2749 Brundisium-Scipionem
874 2691 999 2730 cum
1033 2673 1343 2729 cohortibus
1375 2672 1585 2728 duabus
1610 2674 1985 2745 praemiserat,

159 2778 422 2850 legionem
470 2777 677 2833 Fausto
727 2778 1116 2850 conscriptam,
1168 2777 1227 2830 in
1267 2774 1509 2831 Siciliam
1548 2774 1651 2829 sibi
1695 2774 1907 2846 placere
1958 2793 1989 2831 a

159 2877 558 2943 consficduci,
596 2878 886 2950 scripserat
916 2877 985 2933 ad
1016 2877 1278 2933 consules
1362 2875 1467 2931 Sed
1494 2882 1652 2947 turpe
1690 2876 1987 2932 Domitium

159 2979 332 3035 deseri
382 2977 754 3052 implorantem
805 2979 923 3034 eius
965 2980 1260 3035 auxilium!
1353 2978 1485 3033 Erat
1522 2976 1785 3048 quaedam
1836 2994 1986 3050 spes,

159 3080 294 3136 mihi
327 3079 543 3152 quidem
582 3095 687 3134 non
722 3094 944 3151 magna,
983 3080 1076 3136 sed
1104 3082 1160 3136 in
1194 3080 1280 3135 his
1311 3079 1441 3134 locis
1478 3078 1661 3143 firma,
1701 3077 1983 3134 Afranium

157 3181 526 3255 inPyrenaeo
564 3197 688 3235 cum
730 3181 990 3236 Trebonio
1029 3199 1295 3254 pugnasse
1317 3224 1330 3246 ,
1370 3179 1585 3252 pulsum
1628 3178 1982 3245 Trebonium,

163 3282 321 3342 etiam
370 3282 595 3337 Fabium
642 3284 898 3337 transisse
945 3301 1066 3338 cum
1121 3282 1458 3341 cohortibus;
1513 3297 1722 3336 summa
1764 3289 1979 3346 autem,

12 3241 19 3298 ἒ.

223 3514 260 3568 ²)
293 3509 400 3555 lbid.
436 3513 518 3568 §32
