2210 3970
782 233 809 270 A
834 233 861 269 N
883 233 911 269 a
934 233 963 270 u
985 232 1010 269 s
1053 215 1107 268 ¹11.
1167 234 1208 269 c.
1272 218 1397 269 684.
1897 216 2003 268 587

174 357 371 425 Lucio,
413 360 578 416 fratre
618 363 874 434 patrueli,
918 370 977 417 ut
1007 363 1248 416 omnium
1285 359 1599 432 populorum
1642 361 1997 431 privatorum·

173 475 276 532 que
317 460 542 516 iniurias
579 469 936 534 cognosceret.
979 479 1031 516 u.
1073 478 1118 516 c.
1147 465 1231 516 11.
1271 464 1359 515 51.

239 559 568 606 Pseudo-Ascon.
595 560 643 606 in
677 565 858 623 Argum.
895 560 1060 606 Action.
1092 573 1129 606 ι.
1159 577 1197 622 ρ.
1223 562 1326 605 125.
1378 559 1501 603 Victo
1532 558 1720 603 Caecilio
1746 567 1788 603 et
1821 576 2000 604 accusa·

173 638 292 683 tione
317 636 379 683 ad
401 653 447 682 se
479 636 653 696 delata,
690 640 836 683 Cicero
854 671 867 694 ,
909 655 1044 700 quum
1073 636 1383 699 inquisitionis
1410 643 1582 699 tempus
1614 637 1661 682 in
1689 637 1893 681 Siciliam
1916 654 2001 699 po·

156 713 388 762 ,stulasset
410 714 503 760 dies
532 729 614 774 cx,
651 723 693 760 et
719 733 817 761 cum
825 715 934 777 filio
953 715 1115 778 patrui
1144 715 1219 759 sui
1249 712 1388 758 Tullii
1414 721 1553 758 totam
1573 715 1849 775 provinciam
1875 715 2000 760 colli-

169 790 327 853 gendis
354 790 520 837 litteris
547 794 595 839 in
626 795 798 837 Verrem
831 801 874 838 et
901 791 1216 838 denunciandis
1243 792 1513 837 testimoniis
1531 801 1819 854 peragrasset
1846 792 2000 838 diebus·

171 881 221 925 1.,
255 868 363 930 quia
387 867 593 931 pedestre
629 872 716 915 iter
747 887 804 915 ex
841 870 1003 916 Sicilia
1029 853 1073 915 e'c
1092 877 1278 932 propter
1299 869 1531 932 fugitivos
1564 877 1608 915 et
1626 878 1818 932 propter
1853 873 2000 915 Verris

170 945 363 992 insidias
395 945 658 1004 devitabat,
677 966 706 992 a
735 949 896 1010 Vibone
927 949 1123 994 transiit.
1188 948 1274 994 Cic.
1302 947 1347 991 in
1371 949 1489 992 Verr.
1519 951 1613 992 Act.
1635 960 1684 993 ιι.
1718 951 1763 995 Ι..
1783 961 1846 994 lv.
1874 965 1910 994 c.
1933 953 2005 1008 1¹,

170 1025 244 1070 25.
277 1024 377 1086 Ipsi
407 1022 550 1070 Tullio
560 1026 746 1088 patebat
768 1025 922 1072 domus
951 1024 1301 1087 locupletissima
1327 1033 1372 1070 et
1392 1023 1673 1087 amplissima
1703 1027 1777 1071 Gn.
1802 1028 2003 1088 Pompeii

171 1101 387 1148 Basilici:
420 1119 531 1166 quo,
564 1103 744 1148 etiamsi
759 1111 874 1147 esset
899 1103 1119 1148 invitatus
1141 1123 1169 1150 a
1184 1105 1306 1150 vobis
1328 1102 1661 1163 (Mamertinis),
1689 1111 1834 1148 tamen
1856 1103 2004 1149 ‹lever-

173 1180 317 1226 tisset.
380 1181 499 1227 Erat
526 1183 660 1227 etiam
688 1182 1061 1240 Percenniorum,
1084 1185 1163 1245 qui
1189 1200 1304 1228 nunc
1330 1184 1437 1228 item
1464 1182 1666 1242 Pompeii
1691 1189 1822 1237 sunt,
1850 1181 2005 1228 domus

172 1257 510 1305 honestissima:
543 1275 628 1321 quo
658 1261 706 1304 L.
730 1259 886 1320 frater
917 1276 1039 1305 naeus
1070 1276 1242 1304 summa
1264 1258 1447 1304 illorum
1477 1257 1705 1303 voluntate
1731 1258 1931 1305 devertit.

250 1345 312 1421 (⁷)
354 1346 576 1403 Romam
611 1354 672 1402 ut
705 1347 962 1412 redierat,
1003 1347 1305 1403 Siculorum
1340 1361 1595 1400 caussam
1621 1347 1857 1417 suscepit
1881 1366 2004 1401 con·

171 1453 257 1503 tra
285 1447 661 1512 Hortensium,
690 1449 781 1519 qui
817 1447 1037 1503 Verrem
1065 1445 1396 1502 defendebat.
1440 1462 1494 1499 n.
1526 1462 1571 1499 e.
1600 1450 1692 1499 14.
1720 1450 1811 1501 58.
1845 1464 1894 1504 c.
1920 1454 2001 1504 15.

175 1551 263 1605 40.
306 1551 395 1604 42.

230 1638 565 1685 Pseudo-Ascon-
591 1639 638 1685 in
665 1644 845 1701 Argum.
872 1640 1058 1686 Divinat.
1088 1657 1126 1702 p.
1145 1640 1218 1686 98.
1251 1640 1448 1685 Accessit
1481 1638 1552 1683 lais
1575 1653 1660 1683 non
1689 1638 1898 1700 ignobilis
1917 1642 2003 1701 sn-

145 1723 273 1767 ‚tura
303 1715 401 1762 ideo
433 1716 486 1763 de
521 1719 652 1764 Verre
676 1718 890 1774 victoria,
932 1718 1041 1780 quia
1072 1734 1101 1763 a
1139 1717 1366 1774 Metellis,
1410 1717 1727 1779 Scipionibus,
1770 1726 1812 1762 et
1846 1718 2003 1764 multis

167 1793 276 1840 aliis
305 1794 528 1841 nobilibus
559 1797 695 1852 viris,
730 1803 774 1841 et
798 1796 1039 1858 praecipue
1065 1795 1120 1840 ab
1156 1795 1389 1840 Hortensio
1427 1795 1525 1857 ipso
1563 1793 1896 1854 defenderetur,
1921 1797 2005 1857 sa·

167 1871 253 1919 cilo
283 1879 328 1919 et
352 1873 559 1936 principe
582 1875 632 1920 in
669 1882 827 1921 senatu
856 1882 1039 1937 propter
1068 1873 1376 1930 nobilitatem,
1410 1880 1452 1918 et
1486 1874 1534 1917 in
1555 1871 1670 1931 soro
1705 1875 1757 1918 ob
1800 1874 2004 1937 eloquen-

166 1951 277 1997 tiam
302 1966 404 2014 rege
433 1967 719 2009 caussarum,
752 1960 796 1997 et
828 1951 974 1997 eodem
1000 1952 1178 1998 consule
1205 1950 1436 2013 designato
1463 1967 1563 1997 cum
1599 1951 1650 2010 Q.
1668 1951 1873 2009 Metello,
1896 1953 2002 2012 fra·

167 2037 235 2075 tre
249 2030 549 2088 Metellorum,
577 2031 767 2075 alterius
779 2032 1003 2092 praetoris
1026 2029 1194 2086 Siculi,
1218 2028 1410 2074 alterius
1424 2031 1654 2090 praetoris
1675 2029 1849 2077 urbani.
1883 2031 2002 2076 Idem

166 2106 213 2154 in
233 2109 328 2155 Act.
347 2121 379 2154 1.
412 2107 460 2154 in
489 2111 664 2155 Verrem
697 2125 738 2171 p.
757 2095 851 2153 126
863 2115 908 2152 et
924 2111 1027 2153 127.
1090 2107 1280 2166 Quintil.
1309 2120 1357 2154 x.
1390 2122 1427 2151 c.
1457 2110 1500 2153 1.
1523 2109 1599 2152 22.
1631 2106 1759 2152 Illud
1782 2124 1894 2153 veto
1912 2110 2006 2153 uti-

168 2185 415 2243 lissimum,
445 2201 575 2230 nosse
601 2200 676 2230 eas
692 2201 902 2243 caussas,
933 2202 1121 2247 quarum
1144 2185 1367 2230 orationes
1392 2186 1442 2230 in
1466 2200 1627 2229 utanus
1656 2186 2001 2246 sumpserimus-

164 2263 209 2310 et
239 2261 413 2325 quotics
438 2263 690 2325 continqet,
722 2263 945 2324 utrimque
978 2262 1155 2309 habitas
1188 2262 1329 2325 legere
1354 2263 1551 2308 actiones
1567 2295 1582 2319 ‚
1613 2270 1667 2307 ut
1695 2263 2002 2308 Demosthenis

165 2348 300 2403 atque
345 2341 571 2386 Aeschinis
597 2342 715 2386 inter
744 2356 792 2385 se
823 2342 1072 2386 contrarias
1103 2366 1193 2386 -.
1260 2341 1379 2399 Quin
1411 2342 1576 2397 etiam,
1619 2342 1663 2385 si
1694 2342 1840 2387 minus
1864 2359 2003 2404 pares

164 2417 453 2476 videbuntur,
493 2417 674 2480 aliquae
706 2425 852 2463 tamen
883 2418 944 2462 ad
984 2417 1324 2480 cognoscendam
1363 2418 1513 2463 litium
1551 2421 1853 2481 quaestionem
1886 2431 2002 2467 recte

164 2495 468 2557 requirentur.-
511 2502 564 2540 ut
594 2503 747 2541 contra
777 2497 997 2541 Ciceronis
1029 2498 1281 2553 orationes,
1320 2497 1558 2543 Tuberonis
1583 2499 1633 2543 in
1660 2500 1892 2561 Ligarium
1909 2535 1923 2557 ‚
1956 2510 2000 2546 et

163 2572 394 2618 Hortensii
425 2587 512 2634 pro
553 2573 692 2618 Verre.
768 2577 887 2619 Hanc
919 2589 1043 2631 vero,
1085 2591 1197 2639 quae
1238 2575 1506 2635 Quintiliani
1553 2584 1695 2622 aetate
1726 2577 2000 2624 circumfere-

164 2651 323 2709 batur,
370 2650 586 2696 Hortensii
611 2650 850 2697 orationem
886 2668 962 2715 pro
1000 2655 1151 2710 Verre,
1192 2652 1346 2699 fictam
1392 2653 1524 2700 fuisse
1559 2654 1642 2700 sibi
1679 2656 1813 2702 videri
1850 2658 2004 2703 scribit

165 2727 396 2790 Zumptius
426 2727 481 2774 ad
508 2729 593 2775 eie.
627 2730 826 2775 Verrinas
855 2746 894 2791 p.
911 2733 956 2775 2.
1004 2730 1121 2776 Couf.
1150 2734 1301 2793 Meyer.
1330 2734 1451 2780 Orat.
1481 2735 1604 2779 Rom.
1631 2737 1803 2797 Fragm.
1830 2749 1933 2782 va.
1957 2739 2001 2781 9.

160 2823 202 2869 p.
219 2808 323 2853 869.

240 2908 304 2986 (⁸)
345 2909 562 2975 Cicero,
610 2927 778 2983 quum
832 2911 886 2965 id
934 2928 1093 2984 agere
1143 2911 1349 2968 videret
1388 2912 1739 2969 Hortensium
1776 2922 1839 2970 ut·
1882 2922 1998 2972 tota

162 3027 250 3067 res
288 3011 346 3065 in
384 3016 694 3083 sequentem
735 3027 937 3066 annum
975 3009 1312 3076 differretur,
1361 3012 1657 3068 orationem
1696 3013 1898 3071 habens
1935 3019 1993 3071 in

168 3110 414 3176 Verrem,
472 3126 610 3183 quae
668 3110 870 3165 dieitur
919 3111 1064 3166 Actio
1105 3112 1314 3183 prima,
1372 3112 1538 3167 Nonis
1590 3113 1734 3170 Sext.
1802 3116 1899 3188 [τ.-
1957 3123 1992 3172 5

162 3212 414 3286 August]
473 3210 734 3267 brevitate
784 3211 995 3267 dicendi
1045 3211 1316 3268 consuluit
1373 3213 1649 3269 victoriae.
1706 3232 1760 3270 11.
1811 3234 1857 3272 c.
1904 3222 1987 3273 15.

167 3317 232 3368 41
273 3329 352 3385 sq.

222 3412 556 3460 Pseudo-Ascon.
594 3414 640 3458 in
675 3418 766 3459 Act.
788 3428 817 3460 1.
850 3431 890 3476 p.
910 3417 1010 3460 126.
1049 3416 1195 3474 Qaecum
1227 3414 1393 3459 videret
1423 3413 1476 3458 id
1498 3415 1602 3478 agi,
1638 3424 1690 3460 ut
1715 3433 1745 3460 a
1782 3419 1858 3464 Μ’.
1885 3419 1991 3463 Gla-

164 3492 311 3539 brione
336 3501 540 3555 praetore
573 3501 616 3539 ct
654 3493 708 3538 ab
750 3493 810 3538 iis
843 3493 1090 3552 iudi’cibu5‚
1130 3494 1209 3555 qui
1242 3500 1346 3540 tunc
1375 3500 1526 3551 erant,
1569 3493 1632 3538 ad
1655 3495 1797 3542 alium
1828 3514 1990 3544 annum

1547 3571 1649 3622 112*
