2150 3990
266 273 367 321 1:20
868 287 1074 326 emmo
1115 287 1182 322 DE
1229 286 1360 322 viTA
1403 286 1501 322 sui

262 425 377 473 erat
416 425 574 490 atquc
615 419 776 473 deleri
813 437 916 473 non
957 421 1112 473 modo
1146 420 1280 474 hanc
1314 427 1424 473 tam
1473 418 1708 471 adultam
1753 417 2074 489 reipublicae

184 580 193 586 ἱ
262 524 463 589 pestem
484 560 499 583 ,
539 536 724 573 verum
759 521 931 600 etiam,
955 521 1176 591 stirpem
1211 537 1272 574 ac
1306 534 1484 573 semen
1518 515 1781 571 malorum
1813 519 2069 572 omnium.

336 719 472 774 XVI.
553 723 639 774 45.
681 719 793 789 Ego
822 724 838 756 ¹
875 723 1055 772 autem
1092 717 1187 772 has
1219 723 1399 797 partes
1425 714 1661 770 lenitatis
1693 721 1748 770 et
1778 717 2077 771 misericor·

261 820 409 884 diae,
459 836 594 891 quas
633 836 718 873 me
765 825 958 877 natura
1005 818 1120 889 ipsa
1164 817 1382 880 docuit,
1441 831 1650 887 semper
1693 817 1779 887 egi
1823 816 2092 898 libenter:

261 921 405 975 illam
443 936 570 974 vero
602 919 883 989 gravitatis
923 918 1330 988 severitatisque
1360 932 1642 988 personam
1673 933 1779 971 non
1817 919 2079 990 appetivi,

262 1019 354 1074 sed
393 1019 459 1073 ab
492 1018 764 1090 republica
801 1018 936 1072 mihi
970 1018 1275 1089 impositam
1303 1017 1573 1082 sustinui,
1613 1017 1755 1072 sicut
1774 1016 1948 1072 ‘huius
1980 1001 2112 1073 im?

262 1121 398 1192 perii
448 1119 684 1190 dignitas
705 1161 719 1183 ,
771 1119 829 1172 in
868 1135 1079 1172 summo
1118 1118 1357 1189 periculo
1389 1118 1619 1182 civium,
1657 1117 1986 1190 postulabat:
2027 1123 2080 1172 et

262 1227 408 1284 tum,
449 1236 616 1292 quum
649 1218 951 1291 respublica
977 1220 1086 1272 vim
1114 1224 1167 1273 et
1194 1219 1534 1296 severitatem
1567 1218 1936 1283 desiderabat,
1975 1218 2079 1272 vici

262 1326 542 1386 naturam,
582 1326 636 1375 et
674 1326 786 1374 tam
818 1312 1104 1373 vehemens
1137 1317 1244 1383 fui,
1285 1334 1447 1389 quam
1480 1317 1706 1388 cogebar
1725 1360 1739 1382 ,
1779 1334 1884 1372 non
1917 1333 2078 1389 quam

260 1420 516 1477 volebam.
595 1420 926 1500 Cupiebam-²
959 1420 1106 1474 enim
1141 1436 1228 1474 me
1260 1435 1376 1474 esse
1414 1418 1761 1479 clementem:
1802 1419 2080 1490 cupiebam

265 1523 321 1575 in
360 1523 528 1576 tantis
571 1520 898 1592 reipublicae
940 1519 1198 1591 periculis
1242 1536 1329 1575 me
1374 1536 1480 1574 non
1519 1519 1841 1574 dissolutum
1876 1518 2083 1583 videri,

266 1621 360 1676 sed
392 1622 500 1676 iam
538 1595 772 1693 me⁸ipse
797 1621 1024 1675 inertiae
1063 1620 1439 1691 nequitiaeque
1470 1618 1905 1674 condemnabam.
1984 1620 2085 1691 Igi-

266 1730 357 1777 tur
376 1728 426 1787 3,
466 1739 634 1793 quum
674 1721 816 1775 domi
857 1738 1007 1776 meae
1038 1737 1206 1793 paene
1243 1719 1560 1776 interfectus
1592 1736 1764 1775 essem
1785 1761 1800 1785 ,
1832 1716 2084 1775 'senatum

263 1825 318 1876 in
352 1822 535 1878 aedem
569 1823 709 1877 Iovis
738 1821 965 1877 Statoris
998 1822 1215 1876 vocavi:
1256 1838 1372 1876 rem
1398 1837 1612 1877 omnem
1645 1820 1712 1876 ad
1750 1801 1931 1894 patres
1963 1837 2083 1876 con·

264 1924 491 1996 scriptos
541 1923 727 1978 detuli.
821 1922 936 1990 Quo
988 1939 1156 1994 quum
1201 1922 1428 1978 Catilina
1456 1923 1734 1986 venisset,
1791 1922 1914 1994 quis
1964 1908 2111 1976 eum*

263 2029 478 2079 senator
504 2023 822 2095 appellavit?
864 2023 986 2094 quis
1013 2023 1302 2078 salutavit?
1343 2024 1466 2095 quis
1496 2023 1726 2095 denique
1747 2024 1824 2078 ita
1848 2023 2085 2096 aspexit,

264 2130 326 2177 ut
369 2123 642 2194 perditum
681 2123 882 2186 civem,
934 2139 997 2177 ac
1036 2139 1142 2176 non
1180 2123 1360 2194 potius
1380 2164 1395 2187 ,
1454 2129 1518 2177 ut
1537 2150 1539 2152 v
1560 2123 2084 2195 importunissimum

264 2224 507 2278 hostem?
601 2224 740 2292 Quin
781 2223 944 2278 etiam
978 2223 1249 2295 principes
1283 2223 1400 2278 eius
1438 2217 1642 2279 ordinis
1685 2229 1894 2296 partem
1937 2222 2082 2278 illam

266 2323 669 2388 subselliorum,
709 2323 775 2378 ad
798 2339 959 2395 quam
987 2323 1075 2377 ille
1101 2330 1430 2388 accesserat,
1458 2322 1658 2378 nudam
1685 2329 1845 2396 'atque
1871 2324 2083 2379 inanem

264 2423 617 2494 reliquerunt.
698 2427 787 2477 46.
829 2422 927 2476 Hic
961 2439 1057 2494 ego
1097 2423 1335 2495 quaesivi
1369 2440 1400 2478 a
1438 2423 1693 2490 Catilina,
1733 2424 2089 2479 in’nocturno

187 2601 190 2603 Ι
268 2528 534 2577 conventu
561 2521 702 2594 apud
731 2522 798 2576 M.
821 2522 1046 2577 Laecam
1067 2522 1286 2587 fuisset,
1326 2538 1510 2578 necne.
1572 2524 1749 2592 Quum
1776 2524 1894 2590 ille,
1933 2524 2089 2579 homo

267 2622 688 2687 audacissimuS,
759 2623 1087 2677 conscientia
1146 2623 1454 2703 convictus,
1517 2625 1696 2695 primo
1753 2623 2087 2687 reticuisset,

220 2716 225 2720 ’
267 2722 491 2794 patefeci
520 2730 730 2777 cetera:
772 2723 901 2793 quid
935 2740 997 2778 ea
1023 2729 1179 2778 nocte
1211 2724 1443 2794 egisset,
1482 2722 1799 2778 ubi-fuisset
1820 2723 2003 2795 ‚quid
2030 2724 2085 2777 in

266 2825 565 2895 proximam
592 2824 987 2889 constituisset,
1027 2824 1477 2896 quemadmodum
1509 2825 1650 2879 esset
1675 2826 1724 2879 ei
1758 2825 1896 2879 ratio
1921 2825 2087 2879 totius

266 2923 389 2978 belli
441 2924 742 2995 descripta,
794 2923 999 2978 edocui.
1094 2924 1270 2991 Quum
1310 2925 1630 2991 haesitaret,
1683 2942 1850 2997 quum
1883 2932 2084 2980 tenere·

264 3031 358 3078 tur
377 3067 392 3089 ,
432 3025 700 3096 quaesivi,
741 3024 870 3095 quid
902 3024 1172 3079 dubitaret
1205 3043 1266 3080 eo
1292 3026 1588 3098 proficisci,
1630 3043 1734 3098 quo
1766 3026 2079 3097 iampridem

266 3126 514 3194 pararat:
566 3141 734 3195 quum
768 3139 945 3189 arma,
985 3141 1165 3196 quum
1187 3143 1430 3192 secures,
1470 3144 1637 3199 quum
1678 3120 1875 3191 fasceS,
1915 3143 2080 3197 quum

267 3224 454 3288 tuhaS,
495 3242 660 3296 quum
696 3225 847 3295 signa
874 3225 1157 3290 militaria,
1199 3243 1364 3296 quum
1399 3227 1633 3298 aquilam
1662 3226 1819 3314 illamx
1843 3233 2081 3297 argente-

273 3386 482 3402 m

329 3495 367 3549 Ι)
397 3508 472 3553 pro
500 3496 675 3539 Murena
708 3511 742 3540 c.
765 3499 804 3540 3.
843 3499 925 3553 §6.
959 3522 1015 3532 —--
1053 3500 1091 3557 2)
1122 3498 1168 3542 in
1194 3496 1318 3542 Catil.
1339 3500 1370 3541 1.
1401 3514 1434 3544 c.
1454 3499 1495 3543 2.
1527 3500 1609 3559 §4
1644 3522 1701 3531 —-
1735 3498 1775 3555 5)
1807 3497 1850 3541 in
1885 3496 2007 3543 Catil.
2029 3500 2083 3542 ll.

265 3587 299 3614 c.
321 3574 360 3614 6.
389 3572 412 3627 ᾗ
431 3573 500 3617 12.
