2150 3990
410 252 461 304 1..
488 251 574 306 111.
620 267 663 303 ε.
690 249 874 302 xvffl.
919 248 956 321 g
984 254 1052 302 59
1092 281 1164 288 -
1204 250 1409 303 ‹:.X1x.
1456 250 1493 321 5
1520 255 1606 303 61.
1818 253 1917 302 127

111 402 222 456 Non
246 407 262 440 ¹
306 402 448 458 enim
484 416 652 473 usque
684 415 746 455 eo
772 399 827 454 L.
845 398 1081 454 Catilina
1098 399 1483 471 rempublicam
1506 398 1747 471 despexit
1767 405 1926 470 atque

109 501 458 572 contempsit,
506 509 567 555 ut
604 482 667 555 ea
700 500 879 574 copia,
917 516 1080 571 quam
1108 504 1302 555 'secum
1342 499 1557 566 eduxit,
1595 515 1652 554 se
1686 498 1822 553 hanc
1856 501 1928 553 ci-

110 602 329 657 vitatem
356 617 738 673 oppressurum
766 600 1137 657 arbitraretur.
1198 602 1383 657 Latius
1411 601 1627 675 patebat
1648 601 1793 655 illius
1818 615 1928 653 sce·

107 701 234 756 leris
267 702 548 772 contagio,
588 718 750 774 quam
782 702 1066 775 quisquam
1099 702 1350 775 putabat;
1390 702 1457 756 ad
1490 701 1670 774 plures
1702 700 1931 773 pertine·

106 800 213 857 bat.
274 800 416 856 Nec²
446 807 558 856 tam
585 802 856 858 timendus
883 807 999 857 erat
1018 803 1288 858 exercitus
1308 802 1592 866 Catilinae,
1620 817 1781 873 quam
1817 799 1932 862 isti,

105 901 197 973 qui
226 899 378 956 illum
406 903 705 958 exercitum
733 903 1032 959 deseruisse
1058 901 1390 958 dicebantur.
1470 902 1584 957 Non
1611 902 1756 956 enim
1788 899 1932 955 dese·

0 1018 1 1022 ¹
104 1006 354 1056 ruerant:
395 1001 488 1058 sed
518 1001 586 1057 ab
613 1002 703 1058 illo
735 1004 791 1058 in
823 1003 1055 1076 speculis
1082 1011 1243 1076 atque
1269 1002 1481 1058 insidiis
1514 1002 1719 1066 relicti,
1759 1002 1817 1055 in
1849 1016 1934 1055 ca·

0 1109 2 1167 ff
105 1101 216 1173 pite
253 1107 414 1175 atque
448 1102 506 1158 in
543 1103 846 1159 cervicibus
885 1106 1086 1160 nostris
1124 1105 1454 1160 restiterant.
1533 1106 1624 1159 61.
1668 1102 1815 1157 Hos⁸
1846 1118 1936 1156 vo·

2 1222 3 1225 ¹
106 1200 264 1257 litare
296 1202 352 1256 in
391 1200 534 1269 foro,
574 1202 670 1258 hos
709 1210 853 1259 stare
886 1204 952 1275 ad
991 1204 1231 1269 curiam,
1272 1204 1368 1258 hos
1401 1205 1564 1258 etiam
1599 1204 1655 1256 in
1688 1208 1935 1257 senatum

108 1301 288 1357 venire
314 1301 588 1358 videbam:
629 1304 723 1375 qui
752 1303 995 1357 nitebant
1023 1304 1341 1375 unguentis,
1380 1304 1474 1375 qui
1503 1302 1780 1373 fulgebant
1813 1317 1936 1373 pur·

107 1413 278 1473 pura,
316 1402 411 1475 qui
444 1400 544 1458 hoc
582 1402 748 1459 etiam
787 1410 944 1458 erant
976 1401 1203 1458 timendi
1236 1403 1439 1474 magis,
1479 1401 1650 1475 quod,
1690 1400 1821 1473 quid
1854 1417 1938 1455 co·

6 1497 7 1500 ’
58 1515 62 1525 ’
108 1500 371 1573 gitarent,
410 1516 497 1559 me
523 1492 664 1559 scire
689 1501 1023 1568 sentiebant,
1066 1519 1238 1575 neque
1266 1509 1444 1557 tamen
1470 1500 1938 1574 per-movebantur.

110 1597 396 1670 Videbam,
442 1605 534 1660 cui
567 1602 760 1678 Apulia
799 1611 941 1660 esset
981 1603 1275 1669 attributa,
1314 1604 1438 1676 quis
1475 1602 1698 1658 baberet
1729 1601 1939 1658 Etruri-

10 1776 11 1781 η
110 1718 233 1769 am,
277 1704 400 1776 quis
443 1719 638 1777 agrum
682 1704 971 1771 Picenum,
1030 1706 1154 1778 quis
1193 1704 1495 1770 Gallicum,
1546 1706 1669 1776 quis
1706 1703 1810 1758 sibi
1844 1702 1942 1757 has

112 1803 345 1860 urbanas
396 1804 622 1861 insidias
664 1804 846 1862 caedis
892 1812 1055 1879 atque
1108 1806 1483 1862 incendiorum
1529 1805 1940 1879 depoposcisset.

113 1902 305 1961 Omnia
331 1906 625 1979 superioris
646 1908 819 1962 noctis
840 1907 1062 1963 consilia
1090 1908 1157 1963 ad
1178 1925 1264 1964 me
1285 1908 1458 1964 delata
1485 1925 1600 1963 esse
1621 1905 1942 1962 sentiebant.

12 2037 14 2041 .
112 1995 270 2068 No‘nt
318 2013 474 2064 erant
523 2006 820 2063 mediocres
865 2007 1145 2063 hominum
1192 2007 1470 2073 libidines,
1524 2024 1629 2062 non
1677 2006 1945 2061 humanae

114 2121 176 2160 ac
210 2102 516 2162 tolerandae
553 2106 835 2163 audaciae:
878 2107 1014 2162 nihil
1053 2108 1397 2179 cogitabant,
1435 2108 1541 2162 nisi
1580 2106 1799 2171 caedeS‚
1837 2106 1942 2161 nisi

115 2205 387 2275 incendia,
428 2208 534 2263 nisi
573 2210 816 2281 rapinas:
858 2210 1183 2282 patrimonia
1221 2225 1319 2264 sua
1358 2207 1735 2281 profuderant:
1778 2205 1944 2261 fortu-

118 2321 215 2361 nas
259 2322 386 2362 suas
435 2307 880 2380 abligurrierant:
936 2326 1023 2364 res
1067 2325 1158 2364 eos
1197 2308 1546 2381 iampridem,
1597 2307 1729 2362 fides
1773 2323 1946 2379 nuper

116 2405 342 2463 deficere
373 2414 652 2482 coeperat:
692 2410 879 2466 eadem
906 2417 1087 2466 tamen
1115 2409 1234 2475 illa,
1274 2425 1411 2481 quae
1438 2415 1556 2464 erat
1583 2409 1638 2463 in
1672 2406 1945 2463 abundan-

115 2507 221 2573 tia,
260 2506 424 2565 libido
461 2510 824 2583 permanebat.
905 2511 1056 2580 Quod
1090 2512 1135 2566 si
1165 2512 1219 2566 in
1253 2511 1379 2565 vino
1410 2517 1465 2565 et
1490 2509 1605 2565 alea
1636 2510 1944 2564 commissa·

115 2607 287 2664 tiones
331 2609 504 2665 solum
550 2617 605 2667 et
645 2619 823 2668 scorta
868 2612 1289 2685 quaesivissent,
1338 2610 1566 2666 fuissent
1604 2610 1682 2664 illi
1728 2610 1945 2683 quidem

77 2776 86 2786 l
119 2705 463 2780 desperandi,
503 2712 597 2768 sed
624 2720 806 2770 tamen
840 2712 1070 2770 fuissent
1101 2712 1325 2769 serendi.
1380 2712 1490 2767 Hoc
1511 2729 1638 2767 vero
1664 2714 1787 2786 quis
1807 2712 1948 2769 ferre

120 2809 420 2896 potuisset,¹
444 2811 644 2870 inertes
672 2814 914 2871 homines
947 2814 1257 2870 fortissimis
1288 2813 1422 2868 viris
1442 2812 1717 2879 insidiari,
1742 2814 1946 2869 stultis·

120 2907 284 2965 simos
324 2910 790 2983 prudentissimiS,
830 2915 1066 2970 ebriosos
1105 2914 1299 2978 sobriis
1318 2955 1333 2979 ‚
1373 2913 1699 2969 dormientes
1723 2914 1948 2986 ‘vigilan-

117 3009 295 3067 tibus‘?
334 3013 430 3084 qui
462 3012 598 3069 mihi
629 3016 955 3072 accubantes
987 3018 1045 3072 in
1070 2991 1358 3080 conviviiS‚
1399 3014 1661 3087 complexi
1692 3014 1949 3070 mulieres

119 3103 448 3184 impudicas,
506 3116 631 3171 vino
681 3116 956 3189 languidi,
1004 3117 1230 3174 conferti
1269 3116 1388 3172 cibo
1408 3158 1423 3182 ,
1475 3117 1634 3171 sertis
1678 3116 1947 3181 redimiti,

130 3215 420 3284 unguentis
458 3214 642 3283 obliti,
683 3217 948 3276 debilitati
987 3221 1219 3294 stupris,
1260 3217 1577 3274 eructabant
1615 3218 1951 3274 sermonibus
1991 3296 1997 3298 ὴ

139 3509 147 3514 -
185 3480 223 3536 ¹)
238 3493 315 3540 pro
331 3483 507 3529 Murena
527 3502 564 3531 c.
582 3489 656 3531 37.
690 3489 714 3545 §
735 3490 806 3531 78.
825 3514 883 3522 ·—
903 3491 942 3547 2)
977 3487 1083 3533 lbid.
1110 3490 1224 3545 §va
1246 3514 1302 3524 -·—
1324 3489 1364 3550 ⁵)
1382 3486 1426 3531 in
1459 3487 1584 3534 Catil.
1612 3492 1665 3534 ΙΙ.
1693 3492 1733 3533 3.
1769 3490 1792 3544 §
1812 3492 1852 3531 5.
1888 3511 1945 3520 —-·

121 3558 161 3615 4)
196 3555 303 3605 ibid.
336 3576 372 3607 e.
392 3564 435 3607 5.
464 3563 581 3619 §m
