2158 4030
418 247 474 302 L.
498 246 537 303 1.
579 265 623 300 ο.
649 243 881 300 xxvln.
925 242 965 316 g
990 245 1059 297 92
1099 272 1173 280 -
1212 258 1256 294 ο.
1282 240 1440 295 xxx.
1484 240 1522 313 5
1548 244 1633 294 96.
1862 243 1926 293 41

120 412 316 455 munus
340 393 832 462 tuebatur,›verhis
858 391 1188 465 praecipiens
1220 388 1548 446 discentibus
1567 431 1583 455 ,
1624 387 1791 454 unde,
1830 405 1941 461 quo

118 514 384 573 quamque
415 497 610 553 lineam
643 494 952 551 scriberent.

195 699 381 755 XXIX.
462 703 550 754 94.
577 700 786 754 ‘Totum
807 703 823 735 ¹
879 697 1047 768 igitur
1098 694 1229 749 illud
1279 690 1641 766 philosophiae
1697 689 1939 745 studium

83 848 85 853 .
119 799 252 856 mihi
285 798 502 872 quidem
531 800 644 872 ipse
664 798 902 871 sumpsi,
929 802 984 851 et
1015 795 1082 851 ad
1114 795 1255 850 vitae
1287 793 1643 849 constantiam
1677 797 1939 864 quantum

119 905 399 974 poteram,
427 906 481 955 et
513 899 581 955 ad
614 898 1018 954 delectationem
1045 896 1240 951 animi:
1283 910 1381 950 nec
1413 893 1584 949 ullum
1611 890 1943 955 arbitrabar,

117 1007 180 1056 ut
203 999 346 1074 apud
372 999 645 1056 Platonem
671 1005 781 1065 est,
808 998 984 1054 maius
1003 1003 1098 1053 aut
1122 995 1317 1052 melius
1343 1011 1374 1050 a
1399 994 1503 1050 diis
1528 992 1716 1048 datum
1740 1007 1944 1048 munus

118 1099 339 1157 homini.
425 1099 534 1157 Soli
553 1105 576 1139 ²
613 1105 795 1155 autem
827 1096 1209 1172 propemodum
1243 1111 1339 1151 nos
1376 1092 1761 1168 philosophiam
1795 1091 1942 1148 illam

117 1217 299 1257 veram
331 1207 386 1257 et
422 1202 729 1272 antiquam,
781 1214 918 1270 quae
962 1196 1282 1270 quibusdam
1316 1197 1412 1251 otii
1458 1211 1574 1250 esse
1606 1210 1668 1249 ac
1709 1192 1947 1249 desidiae

119 1298 360 1364 videtur,
417 1298 474 1353 in
514 1297 687 1352 sorum
727 1302 887 1368 atque
938 1296 993 1350 in
1039 1294 1425 1367 rempublicam
1470 1301 1631 1366 atque
1669 1293 1724 1347 in
1771 1294 1942 1364 ipsam

117 1400 286 1456 aciem
317 1414 484 1472 paene
517 1396 854 1453 deduximus,
932 1395 1044 1467 Ego
1064 1400 1085 1434 ³
1118 1395 1261 1450 enim
1296 1393 1491 1459 fateor,
1531 1409 1618 1448 me
1649 1399 1945 1457 oratorem,

116 1500 163 1556 si
201 1497 359 1555 modo
395 1499 498 1555 sim
537 1503 633 1555 aut
670 1497 835 1554 etiam
873 1497 1201 1570 quicumque
1239 1495 1373 1560 sim,
1423 1510 1529 1549 non
1569 1510 1635 1550 ex
1667 1493 1944 1549 rhetorum

116 1599 371 1666 officinis,
409 1599 503 1656 sed
530 1615 595 1656 ex
621 1597 938 1655 Academiae
970 1597 1158 1670 spatiis
1185 1596 1483 1651 exstitisse:
1525 1594 1613 1650 illa
1647 1595 1790 1650 enim
1818 1601 1947 1649 sunt

26 1765 31 1772 ,
119 1701 390 1759 curricula
431 1699 814 1773 multiplicium
848 1699 1227 1770 variorumque
1266 1713 1604 1761 sermonum,
1656 1697 1711 1750 in
1750 1694 1947 1768 quihus

120 1801 354 1857 Platonis
378 1801 615 1874 primum
636 1800 894 1872 impressa
916 1804 1044 1854 sunt
1063 1798 1321 1870 vestigia..
1361 1801 1449 1853 95.
1493 1796 1595 1852 Sed
1629 1803 1679 1851 et
1704 1795 1866 1851 huius
1892 1802 1948 1850 et

13 1913 16 1943 ³
117 1901 344 1957 aliorum
365 1899 799 1974 philosophorum
826 1898 1278 1972 disputationibus
1304 1904 1358 1953 et
1384 1898 1687 1969 exagitatus
1715 1897 1949 1950 maxime

118 2009 302 2059 orator>
327 2009 410 2059 est
447 2008 503 2058 et
545 2001 779 2058 adiutus.
860 1999 1046 2056 Omnis
1089 2001 1234 2055 enim
1274 1998 1491 2054 ubertas
1529 2005 1584 2053 et
1622 1998 1774 2070 quasi
1815 1995 1947 2050 silva

14 2118 15 2170 g
118 2102 331 2159 dicendi
365 2102 527 2159 ducta
565 2102 630 2158 ab
669 2102 777 2157 illis
808 2108 925 2166 est,
965 2117 1064 2155 nec
1097 2101 1228 2155 satis
1262 2107 1441 2155 tamen
1475 2100 1741 2154 instructa
1774 2097 1840 2152 ad
1875 2096 1949 2151 so·

13 2214 15 2226 ’
122 2194 306 2260 rerises
331 2217 575 2264 caussas:
614 2216 777 2273 quaS,
817 2206 879 2255 ut
900 2199 976 2254 illi
1006 2200 1106 2272 ipsi
1134 2199 1311 2254 dicere
1338 2197 1603 2262 solebant,
1642 2197 1948 2269 agrestiori-

120 2302 220 2358 hus
251 2301 417 2358 Musis
442 2301 792 2373 reliquerunt.
873 2299 961 2355 Sic
987 2299 1288 2371 eloquentia
1322 2298 1452 2353 haec
1480 2297 1734 2360 forensiS‚
1768 2302 1948 2368 spreta

13 2448 15 2455 1
118 2421 150 2460 a
180 2401 504 2477 philosophis
537 2407 592 2456 et
623 2399 932 2474 repudiata,
984 2398 1171 2453 multis
1215 2396 1433 2470 quidem
1480 2396 1571 2451 illa
1623 2396 1950 2451 adiumentis

121 2503 434 2576 magnisque
459 2502 664 2567 caruit,
704 2500 796 2556 sed
833 2508 1008 2555 tamen
1041 2506 1229 2555 ornata
1261 2498 1438 2554 verbis
1472 2505 1632 2570 atque
1665 2498 1950 2555 sententiis

123 2603 465 2660 iactationem
497 2601 686 2658 habuit
718 2602 773 2656 in
795 2599 988 2674 populo
1020 2615 1117 2654 nec
1151 2614 1445 2672 paucorum
1480 2596 1742 2652 iudicium
1771 2614 1950 2670 repre·

14 2735 16 2738 ·
123 2703 536 2776 hensionemque
567 2701 864 2775 pertimuit.
946 2699 1026 2755 Ita
1058 2706 1113 2753 et
1145 2698 1316 2754 doctis
1342 2698 1643 2770 eloquentia
1677 2697 1950 2771 popularis

121 2809 176 2860 et
204 2802 420 2860 disertis
451 2801 665 2874 elegans
697 2801 941 2856 doctrina
966 2798 1152 2855 defuit.

198 3005 358 3067 XXX.
437 3007 526 3061 96.
567 3004 808 3059 Positum
839 3003 911 3058 sit
945 3003 1113 3075 igitur
1146 3003 1200 3056 in
1234 3001 1452 3074 primiS,
1504 2998 1645 3071 quod
1677 2999 1780 3054 alio
1811 2998 1949 3054 lihro

124 3106 430 3171 docuimus,
470 3105 586 3160 sine
611 3103 942 3177 philosophia
969 3121 1073 3158 non
1094 3119 1246 3175 posse
1267 3101 1404 3156 effici
1445 3099 1807 3171 eloquentem;
1839 3115 1946 3154 non

125 3206 274 3284 ut'qin
301 3222 364 3261 ea
385 3211 566 3260 tamen
594 3205 772 3259 omnia
805 3205 942 3270 sint,
983 3203 1075 3258 sed
1108 3210 1169 3257 ut
1201 3203 1279 3257 sic
1312 3201 1555 3265 adiuvet,
1595 3206 1657 3254 ut
1682 3199 1948 3272 palaestra

127 3305 455 3361 histrionem.
534 3307 704 3360 Parva
735 3306 879 3360 enim
912 3305 1122 3375 magnis
1155 3319 1309 3376 saepe
1342 3302 1640 3357 rectissime
1667 3300 1946 3356 conserun-

192 3461 231 3518 ¹)
261 3459 389 3507 Acad.
413 3462 570 3506 Poster-
595 3463 630 3505 l.
658 3474 694 3505 c.
717 3462 758 3504 2.
787 3461 873 3517 §7.
906 3486 965 3496 --
998 3461 1038 3519 2)
1071 3458 1201 3521 Epist.
1231 3455 1284 3502 ad
1316 3459 1376 3516 Μ.
1395 3459 1595 3500 Catonem
1622 3454 1696 3512 (ad
1721 3457 1823 3500 Fam
1856 3456 1943 3500 XV.

131 3539 171 3582 4.
197 3539 312 3596 §16.
344 3565 403 3574 —
433 3540 474 3599 5)
505 3540 659 3583 Orator
685 3554 719 3582 c.
736 3541 776 3583 3.
805 3539 920 3597 §12
1842 3561 1847 3565 .
