2210 3970
744 230 978 269 Annus.
1032 229 1078 267 u.
1138 230 1182 266 c.
1243 215 1368 267 691.
1869 218 1978 272 616

146 343 196 421 c.
233 368 283 421 2.
320 368 370 418 4.
426 362 518 435 qui
558 360 808 434 deinceps
848 359 1302 415 familiarissimus
1335 359 1584 431 Pompeio
1616 366 1673 415 et
1707 361 1978 432 particeps

146 465 491 522 consiliorum
531 463 646 518 eius
683 461 799 516 fuit.
838 479 944 516 vm.
982 478 1027 516 c.
1061 463 1149 515 24.
1187 465 1276 515 62.

205 566 346 612 Valer.
367 568 469 610 Max.
487 574 592 608 vm.
615 578 651 607 c.
671 565 744 607 14.
773 567 815 607 3.
847 563 909 606 Ne
937 562 1174 622 Pompeius
1201 560 1378 621 quidem
1404 563 1594 622 Magnus
1620 561 1676 605 ab
1705 561 1782 605 hoc
1809 559 1978 622 affectu

142 645 313 708 gloriae
343 656 523 688 aversus
539 659 553 684 :
586 641 667 701 qui
703 639 1001 700 Theophanem
1025 637 1367 701 Mitylenaeum,
1402 640 1659 699 scriptorem
1691 655 1840 684 rerum
1871 655 1978 684 sua-

143 739 271 779 rum,
301 719 350 765 in
376 718 578 764 concione
603 716 825 773 militum,
857 718 1040 762 civitate
1064 714 1270 760 donavit:
1304 715 1565 776 beneficium
1584 733 1669 778 per
1700 732 1748 760 se
1779 716 1978 778 amplum

145 803 354 844 accurata
380 796 515 841 etiam
541 802 586 840 et
611 802 778 839 testata
804 796 1002 840 oratione
1018 801 1296 856 persecutus.
1364 793 1459 852 Quo
1488 793 1693 854 effectum
1720 802 1814 851 est,
1845 802 1899 839 ut
1924 811 1979 839 ne

143 874 246 935 quis
277 871 533 928 dubitaret,
571 873 682 932 quin
712 873 904 932 referret
934 873 1091 934 potius
1123 873 1346 934 gratiam,
1389 888 1521 933 quam
1553 872 1793 919 inchoaret.
1855 872 1978 934 Cupi·

141 950 309 996 tolinub
340 950 390 996 in
424 948 603 995 Balbino
638 966 675 995 c.
708 954 747 996 7.
792 950 1012 996 Familiae
1043 950 1372 995 vetustissimae
1414 977 1475 986 —-
1520 967 1550 995 a
1591 949 1733 995 Balbo
1778 950 1978 996 Comelio

148 1027 405 1090 Theophane
436 1028 650 1090 originem
673 1028 859 1084 ducens,
892 1030 972 1089 qui
990 1045 1075 1090 per
1098 1030 1170 1075 Cn.
1199 1030 1457 1091 Pompeium
1482 1030 1707 1074 civitatem
1732 1036 1977 1087 meruerat,

141 1122 278 1167 quum
303 1113 420 1151 esset
435 1121 542 1151 suae
556 1107 739 1167 patriae
754 1105 1060 1151 nobilissimus
1074 1141 1086 1162 ,
1121 1105 1322 1168 idemque
1339 1106 1554 1152 historiae
1575 1108 1781 1168 scriptor.
1830 1110 1981 1152 Caesar

141 1188 252 1231 B.'C.
279 1196 347 1231 111.
376 1201 412 1232 c.
431 1188 503 1231 18.
541 1183 791 1241 Vibullius,
824 1184 977 1229 sedato
1010 1184 1209 1229 tumultu
1241 1211 1301 1220 —-
1333 1202 1493 1230 rursus
1519 1184 1719 1230 adhibito
1745 1184 1910 1229 Libone
1935 1191 1981 1229 et

142 1265 193 1308 L.
226 1263 410 1309 Lucceio
437 1271 482 1308 et
517 1262 796 1323 Theophane,
829 1263 992 1323 quibus
1023 1266 1340 1309 communicare
1365 1265 1419 1310 de
1444 1264 1655 1308 moeimie
1686 1263 1816 1307 rebus
1849 1265 1979 1307 Pom-

132 1340 268 1403 peius
299 1348 613 1395 consueverat,
654 1339 706 1384 de
739 1339 964 1384 mandatis
1001 1342 1203 1386 Caesaris
1235 1358 1364 1403 agere
1396 1341 1613 1386 instituit.
1677 1340 1765 1385 eie.
1793 1340 1847 1385 ud
1882 1346 1976 1385 Att.

142 1432 187 1464 v.
212 1422 285 1466 11.
310 1422 350 1464 3.
378 1418 617 1480 Pompeius
638 1417 753 1463 mihi
778 1433 950 1478 quoque
964 1417 1196 1462 videbatur
1227 1445 1286 1454 -
1318 1419 1367 1463 in
1389 1418 1654 1478 Hispaniam
1670 1423 1786 1460 certe
1813 1417 1979 1462 iturus.

139 1495 200 1542 Id
217 1513 294 1559 ego
316 1497 496 1542 minime
516 1494 761 1558 probabam
777 1516 795 1549 ‚·
825 1495 906 1555 qui
936 1494 1114 1556 quidem
1146 1495 1398 1556 Theophani
1418 1494 1570 1555 facile
1590 1494 1829 1555 persuasi,
1861 1493 1983 1539 nihil

140 1590 236 1621 esse
262 1574 445 1633 melius,
481 1590 614 1636 quam
643 1590 863 1637 nusquam
895 1574 1028 1620 illum
1059 1572 1295 1619 discedere.
1359 1574 1484 1634 Ergo
1520 1574 1714 1617 Graecus
1747 1572 1980 1619 incumbet.

145 1652 273 1711 Volet
303 1659 452 1698 autem
493 1653 740 1699 auctoritas
776 1654 874 1699 eius
905 1651 1029 1714 apud
1057 1651 1190 1696 illum
1214 1650 1476 1712 plurimum.
1541 1649 1625 1696 Cfr.
1657 1664 1706 1696 11.
1742 1655 1783 1696 5.
1814 1655 1872 1707 1.,
1902 1654 1975 1696 12.

139 1732 200 1797 2.,
230 1733 301 1775 17.
330 1735 373 1780 8.
436 1729 653 1776 Plutarch.
683 1734 827 1792 Pomp.
858 1747 894 1776 c.
915 1734 986 1776 42.
1014 1734 1056 1776 3.
1092 1733 1194 1777 Καὶ
1223 1730 1311 1792 γὰρ
1334 1733 1406 1783 εἰς
1428 1731 1714 1788 Μιτυλήνην
1742 1728 1980 1789 ἀφικόμε·

140 1824 222 1863 νος
254 1807 341 1868 τήν
375 1825 426 1856 τε
458 1810 608 1856 πόλιν
641 1808 943 1872 ἠλευθέρωσε
984 1808 1069 1856 διαὶ
1106 1810 1328 1868 Θεοφάνη
1353 1812 1434 1855 καὶ
1470 1808 1553 1855 τὸν
1581 1809 1742 1873 ἀγῶνα
1776 1809 1858 1856 τὸν
1884 1810 1981 1856 πά·-

141 1905 279 1953 ‘rotor
317 1887 564 1938 ἐθεάσατο
602 1890 698 1937 τῶν
724 1891 966 1949 ποιητῶν,
1007 1889 1255 1937 ὑπόθεσιν
1286 1892 1403 1949 μίαν
1448 1887 1622 1948 ἔχοντα
1667 1891 1749 1944 τάς
1786 1889 1975 1937 ἐκείνου

139 1969 350 2032 πράξεις.
413 1969 568 2016 strabo
603 1982 707 2017 xm.
742 1987 783 2032 p.
813 1974 917 2016 617.
964 1961 1120 2023 Οὗτος
1160 1968 1216 2016 δὲ
1258 1969 1550 2030 (Θεοφάνης)
1598 1974 1678 2017 καὶ
1713 1970 1975 2023 πολιτικός

139 2048 259 2112 ἀνήρ
288 2047 488 2112 ὑπῆρξε,
523 2052 605 2096 καὶ
630 2052 871 2110 Πομπηίῳ
905 2050 969 2109 τῷ
989 2050 1169 2115 Μάγνῳ
1198 2047 1406 2107 κατέστη
1434 2051 1579 2107 φίλος
1596 2084 1609 2105 ‚
1643 2052 1860 2111 μάλιστα
1886 2049 1972 2095 διὰ

143 2127 228 2187 τήν
270 2127 440 2191 ἀρετήν
488 2126 665 2187 αὗτήν,
708 2131 790 2174 καὶ
821 2130 980 2181 πάσας
1020 2127 1436 2193 συγκατώρθωσεν
1469 2130 1602 2192 αὐτῷ
1641 2131 1727 2182 uic
1759 2130 1970 2192 πράξεις.

141 2205 260 2253 Couf.
285 2210 436 2270 Meyer.
471 2209 590 2252 Orat.
613 2209 747 2269 Rom.
780 2209 951 2267 Fragm.
984 2218 1146 2251 Lxxm.
1181 2209 1221 2251 7.
1255 2224 1296 2268 p.
1315 2210 1419 2253 394.

217 2293 302 2370 (¹³)
343 2292 626 2349 Referente
654 2293 905 2349 Cicerone
934 2299 1052 2365 post
1081 2293 1386 2349 confectum
1416 2294 1841 2351 Mithridaticum
1867 2295 1974 2351 bel-

137 2394 252 2450 lum
290 2393 608 2467 supplicatio
646 2392 860 2448 decreta
901 2399 980 2448 est
1018 2394 1284 2466 Pompeio.
1325 2413 1399 2449 111.
1434 2412 1479 2450 c.
1504 2400 1555 2450 8.
1602 2397 1691 2451 28.

180 2480 286 2540 bic.
320 2492 376 2540 ad
407 2496 450 2539 P.
474 2492 715 2538 Lentulum
742 2492 821 2551 (ad
839 2496 957 2538 Fam.
979 2505 1010 2538 1.
1037 2494 1079 2538 9.
1101 2496 1196 2551 11.)
1228 2494 1374 2552 Quum
1405 2495 1454 2539 in
1486 2494 1712 2556 republica
1748 2497 1821 2540 Cn.
1842 2498 1970 2541 Pom-

127 2573 263 2636 peius
279 2572 489 2635 princeps
514 2578 631 2616 esset
661 2598 721 2605 —
752 2572 882 2616 cuius
915 2586 992 2632 ego
1019 2569 1258 2632 dignitatis
1285 2571 1342 2616 ab
1369 2571 1667 2617 adolescentia
1690 2573 1889 2632 fautor,
1924 2575 1972 2620 in

128 2657 346 2712 praetura
361 2658 508 2695 autem
525 2651 586 2709 [v.
605 2647 660 2693 ad
675 2664 714 2694 a.
733 2651 838 2695 688.
856 2650 922 2707 3.]
950 2656 995 2692 et
1011 2649 1060 2693 in
1075 2648 1310 2694 consulatu
1332 2649 1514 2695 adiutor
1530 2651 1665 2694 etiam
1693 2652 1969 2697 exstitissem

137 2734 218 2774 cet.
282 2727 404 2773 Idem
435 2727 491 2773 ad
517 2731 570 2787 Q.
602 2725 654 2772 fr.
685 2739 757 2771 111.
786 2730 828 2771 4.
860 2729 904 2770 2.
936 2725 1049 2784 Ille,
1085 2743 1222 2786 quum
1247 2743 1277 2770 a
1301 2743 1370 2771 me
1397 2727 1706 2787 singularibus
1737 2731 1848 2774 meis
1875 2739 1972 2775 stu-

141 2802 232 2849 diis
257 2812 442 2850 ornatus
462 2811 603 2861 esset,
638 2819 858 2866 quumque
879 2819 956 2864 eqo
969 2803 1044 2847 illi
1061 2802 1180 2846 nihil
1205 2802 1424 2859 deberem,
1456 2804 1537 2848 ille
1558 2805 1671 2849 mihi
1686 2809 1858 2864 omnia,
1888 2818 1971 2858 cet.

139 2881 313 2927 Orosius
341 2881 421 2927 Π.
440 2897 476 2926 c.
495 2884 535 2927 6.
567 2883 691 2927 Anno
724 2882 779 2926 ab
801 2881 907 2926 urbe
933 2880 1112 2926 condita
1138 2893 1381 2927 nctxxxrx.
1417 2885 1475 2927 M.
1508 2882 1654 2927 Tullio
1690 2885 1892 2931 Cicerone
1926 2896 1971 2932 et

146 2962 190 3004 G.
217 2960 406 3005 Antonio
432 2975 540 3004 coss.
574 2959 812 3020 Pompeius
829 2990 843 3012 ‚
877 2959 1013 3003 occisi
1045 2957 1326 3003 Mithridatis
1356 2961 1513 3003 nuntio
1539 2969 1738 3022 accepto,
1766 2972 1847 3008 cet.

219 3045 304 3121 (¹⁴)
346 3045 545 3101 Eodem
586 3044 848 3100 referente
882 3044 1099 3100 consule
1131 3045 1187 3099 L.
1231 3046 1460 3102 Manlius
1496 3048 1800 3120 Torquatus
1822 3093 1836 3114 ,
1876 3054 1968 3124 qni

140 3163 188 3202 a.
224 3149 349 3200 689.
397 3145 581 3201 consul
622 3144 796 3200 fuerat
815 3187 831 3212 ,
883 3162 948 3200 ex
1000 3145 1307 3201 Macedonia
1360 3147 1602 3213 rediens,
1662 3151 1728 3204 ab
1781 3160 1971 3208 senatu

141 3248 432 3319 imperator
470 3245 765 3318 appellatus
803 3252 899 3301 est.
935 3264 1009 3301 111.
1046 3263 1094 3302 c.
1123 3251 1175 3301 9.
1219 3251 1305 3302 29.

218 3362 302 3438 (¹⁵)
341 3363 399 3419 L.
439 3362 667 3434 denique
708 3363 910 3417 Licinio
967 3363 1188 3418 Lucullo
1210 3391 1232 3431 ,·
1276 3370 1495 3435 propter
1542 3365 1966 3424 Mithridaticum

138 3461 334 3520 bellum
369 3462 594 3520 feliciter
613 3470 822 3536 gestum
847 3465 918 3538 [v.
942 3464 1008 3520 ad
1029 3482 1075 3520 a.
1101 3469 1227 3520 680.
1254 3465 1330 3538 7.]
1354 3507 1369 3532 ,
1415 3466 1648 3523 triennio
1687 3477 1969 3542 postquam
