2210 3970
231 241 338 293 662
698 252 1025 290 ANNALES
1079 251 1589 290 c1c13noN1AN1.

301 382 364 457 (⁹)
406 384 464 437 P.
486 381 696 437 Clodius
720 383 954 436 comitiis
983 381 1290 435 tribuniciis
1325 379 1577 434 tribunus
1603 377 1771 451 plebis
1804 379 2042 452 designa·

224 490 315 538 tur
355 498 584 553 eumque
619 481 957 535 tribunatum
999 480 1110 535 adit
1150 497 1333 534 mense
1371 479 1669 534 Decembri.
1718 480 1836 533 Etsi
1870 487 2049 535 autem

220 583 505 654 Pompeius
543 582 784 636 Clodium
829 582 975 635 omni
1014 582 1262 636 cautione
1296 580 1642 645 devinxerat,
1683 580 1817 634 nihil
1861 581 1918 633 in
1952 582 2044 633 tri-

218 681 427 737 bunatu
459 687 646 736 contra
679 681 986 736 Ciceronem
1019 698 1134 736 esse
1171 680 1475 743 facturum,
1518 681 1606 735 ille
1641 687 1823 735 tamen
1856 681 1911 733 in
1945 680 2046 733 fide

220 799 326 837 non
355 783 590 847 mansit,
632 782 724 837 sed
758 782 1012 836 tribunus
1043 782 1211 854 plebis
1245 781 1420 836 faetus
1449 784 1703 836 continuo
1737 799 1793 837 se
1821 782 1876 835 in
1906 781 2048 836 Cice-

218 899 405 937 ronem
443 882 721 936 convertit.
764 899 831 935 1v.
874 898 919 934 e.
947 886 1033 935 15.
1073 884 1160 934 52.
1196 898 1241 934 e.
1266 884 1354 934 25.
1396 885 1485 936 57.

284 982 364 1026 Dio
383 993 584 1026 xxxvm.
618 995 654 1024 c.
674 983 746 1024 12.
773 983 814 1024 2.
846 983 946 1025 Καὶ
975 981 1166 1042 πρῶτον
1197 978 1285 1040 μὲν
1317 979 1375 1039 (o‘
1400 984 1616 1043 Καῖσαρ)
1647 981 1697 1034 ές
1729 983 1788 1028 τοὶ
1820 986 1908 1029 τοῦ
1932 982 2047 1040 πλή-

222 1065 347 1114 θους
381 1060 691 1119 δικαιώματα
721 1053 874 1112 αὖθις
905 1058 1084 1116 αὐτὸν,
1126 1060 1257 1113 ὅπως
1286 1063 1499 1121 νομίμως
1526 1058 1740 1120 ἒποιηθῇ
1757 1096 1771 1118 ,
1805 1063 2046 1123 συμπράτ-

225 1156 393 1192 τοντος
440 1138 573 1198 αὐτῷ
611 1140 694 1183 καὶ
728 1140 816 1183 τοῦ
851 1140 1112 1197 Πομπηίου
1148 1138 1468 1200 μετέστησεν,
1515 1139 1684 1186 ἔπειτα
1716 1136 1771 1185 δὲ
1803 1138 2048 1201 δήμαρχον

222 1219 387 1271 εὐθύς
419 1216 780 1275 ἀποδειχθῆναι
811 1217 1130 1280 διεπράξατο.
1166 1209 1310 1270 οὗτος
1343 1211 1429 1264 οὖν
1456 1218 1484 1264 ὁ
1506 1217 1725 1270 Κλώδιος
1755 1217 2051 1279 ἐπεστόμισε

225 1297 312 1361 μὲν
355 1300 438 1343 καὶ
477 1295 559 1342 τὸν
589 1294 835 1354 Βίβουλον
867 1296 1142 1344 ἐσελθόντα
1171 1314 1221 1343 τε
1254 1295 1303 1350 ἐς
1334 1297 1418 1356 τήν
1456 1296 1633 1362 ἀγορὰν
1664 1296 1740 1343 ἐπ’
1777 1297 1927 1361 ἐξόδῳ
1965 1300 2049 1355 τῆς

228 1379 404 1443 ἀρχῆς,
442 1381 523 1423 καὶ
561 1377 910 1436 διανοούμενον
942 1379 1062 1438 μετὰ
1097 1380 1181 1435 τῆς
1212 1380 1300 1423 τοῦ
1329 1377 1476 1440 ὅρκου
1500 1375 1784 1429 πιστώσεως
1822 1380 1904 1422 καὶ
1937 1380 2047 1438 περὶ

226 1460 324 1506 τῶν
340 1458 587 1520 παρόντων
604 1456 933 1520 δημηγορῆσαι
947 1492 960 1515 ,
992 1456 1201 1504 ἐπέθετο
1225 1455 1279 1503 δὲ
1297 1460 1379 1503 καὶ
1398 1457 1464 1520 τῷ
1479 1454 1742 1517 Κικέρωνι.
1776 1458 1856 1501 καὶ
1877 1453 2047 1513 ἐπειδή

225 1538 291 1601 μή
316 1536 482 1584 ἐδόκει
514 1538 563 1582 οἱ
596 1536 770 1598 ῥᾴδιον
797 1532 928 1583 εἶναι
961 1536 1110 1600 ἄνδρα
1138 1537 1366 1598 πάμπολυ
1401 1535 1454 1582 ἐν
1485 1539 1542 1596 τῇ
1579 1537 1810 1597 πολιτείᾳ
1843 1533 1929 1580 dod
1962 1533 2046 1592 τήν

226 1618 324 1664 τῶν
357 1618 511 1678 λόγων
532 1616 793 1673 δεινότητα
824 1616 1086 1678 δυνάμενον
1119 1618 1421 1670 καταλῦσαι,
1461 1614 1688 1678 τρέπεται
1721 1613 1840 1676 πρὸς
1867 1616 2050 1660 οἰκείω-

226 1715 308 1744 σιν
351 1696 448 1754 οὐχ
479 1697 561 1742 ὅτι
595 1699 684 1742 τοῦ
727 1697 974 1754 πλήθους,
1019 1695 1143 1743 ἀλλὰ
1180 1699 1263 1742 καὶ
1298 1697 1394 1742 τῶν
1427 1695 1614 1743 ἱππέων
1643 1696 1726 1752 τῆς
1760 1711 1812 1740 τε
1841 1691 2047 1753 βουλῆς,

227 1782 339 1838 παρ’
388 1767 558 1838 οἷσπερ
589 1791 682 1822 που
724 1779 806 1822 καὶ
841 1776 870 1822 o‘
907 1775 1127 1839 Κικέρων
1167 1778 1395 1828 πλεῖστος
1437 1774 1662 1837 ἐφέρετο,
1706 1772 1939 1829 ἐλπίσας,
1986 1772 2047 1818 ἂν

228 1859 435 1908 τούτους
466 1859 841 1916 σφετερίσηται,
884 1855 1062 1918 ῥᾳδίως
1095 1855 1274 1913 αὐτὸν,
1321 1858 1407 1902 ἅτε
1450 1858 1532 1902 καὶ
1561 1854 1646 1900 διὰ
1674 1851 1830 1913 φόβον
1865 1853 2051 1913 μᾶλλον

227 1936 259 1995 ἢ
291 1936 361 1982 δι’
394 1934 595 1981 εὔνοιαν
628 1937 885 1992 ἰσχύοντα,
921 1935 1258 1997 καθαιρήσειν.
1322 1933 1539 1979 Plutarch.
1573 1937 1684 1979 Caes.
1708 1934 1840 1978 c.14.
1877 1935 1917 1976 7.
1949 1933 2048 1977 Αἲ-

227 2032 433 2074 σχιστον
459 2012 513 2061 δὲ
547 2015 644 2060 τῶν
671 2016 786 2060 τότε
816 2015 1179 2075 πολιτευμάτων
1209 2012 1367 2064 ἔδοξεν
1393 2011 1447 2058 ἐν
1477 2016 1535 2072 τῇ
1557 2015 1806 2073 Καίσαρος
1840 2010 2048 2076 ὑπατείᾳ

227 2095 475 2157 δήμαρχον
516 2094 778 2156 αἱρεθῆναι
816 2093 1045 2140 Κλώδιον
1082 2092 1289 2149 ἐκεῖνον,
1333 2090 1417 2151 ὑφ’
1464 2083 1522 2138 οὗ
1559 2093 1618 2138 τὰ
1648 2095 1758 2156 περὶ
1787 2092 1871 2139 τὸν
1898 2095 2047 2157 γάμον

229 2178 313 2222 καὶ
342 2177 448 2227 ’τὰς
493 2173 799 2236 ἀπορρήτους
841 2172 1156 2236 παρενομήθη
1203 2170 1502 2230 παννυχίδας
1547 2174 1609 2230 [v.
1637 2172 1692 2217 acl
1723 2188 1763 2218 a.
1797 2175 1901 2218 692.
1935 2175 2046 2232 12.].

231 2254 444 2319 “Ηιρέθη
474 2253 528 2300 δὲ
560 2253 642 2299 ἐπὶ
682 2257 739 2313 τῇ
772 2251 1046 2313 Κικέρωνος
1074 2252 1350 2298 καταλύσει.
1394 2250 1458 2296 ld.
1484 2250 1568 2297 cic.
1596 2267 1633 2296 c.
1652 2254 1725 2296 30.
1752 2255 1798 2297 1.

306 2370 391 2445 (¹⁰)
435 2369 544 2423 Hoc
573 2383 712 2422 anno
734 2372 982 2421 mortuus
1001 2372 1084 2421 est
1113 2365 1372 2423 Diodotus
1397 2365 1635 2431 StoiouS,
1671 2381 1831 2437 quem
1865 2365 2048 2421 Cicero

224 2471 350 2526 inde
371 2488 402 2525 a
432 2469 664 2542 pueritia
694 2484 878 2523 seeum
900 2467 1148 2538 domique
1169 2484 1298 2522 suae
1329 2466 1607 2522 habuerat.
1641 2485 1675 2523 1.
1713 2484 1758 2520 e.
1785 2470 1872 2521 52.
1919 2471 2042 2521 105.

288 2572 375 2617 eie.
393 2570 447 2616 ad
465 2574 559 2614 Att.
579 2582 631 2613 11.
648 2571 724 2612 20.
750 2571 791 2612 6.
824 2567 1047 2611 Diodotus
1073 2575 1276 2612 mortuus
1307 2575 1406 2620 est,·
1434 2567 1622 2628 reliquit
1645 2567 1771 2611 nobis
1798 2567 2058 2625 II—Sfor-

226 2659 349 2695 tasse
381 2648 557 2693 centies.
635 2645 824 2690 Comitia
866 2644 1060 2689 Bibulus
1101 2671 1162 2678 —-
1203 2647 1253 2690 in
1294 2653 1398 2690 ante
1440 2645 1556 2690 diem
1596 2658 1672 2690 xv.
1711 2645 1813 2689 Kal.
1855 2645 2054 2690 Novemb.

225 2726 424 2773 distulit.
489 2724 620 2770 Acad.
655 2740 718 2785 pr.
752 2737 804 2769 11.
835 2741 870 2769 c.
895 2728 968 2769 36.
999 2728 1104 2770 115.
1152 2710 1343 2768 Diodoto
1373 2723 1485 2784 quid
1509 2723 1689 2782 faciam
1717 2724 1888 2780 Stoico,
1928 2741 2056 2785 quem

227 2824 256 2852 a
278 2820 417 2868 puero
449 2802 640 2847 audivi?
683 2803 764 2863 qui
791 2819 959 2847 mecum
996 2804 1109 2848 vivit
1141 2809 1208 2846 tot
1238 2801 1421 2845 annos?
1463 2803 1544 2862 qui
1583 2801 1756 2846 habitat
1790 2801 1914 2863 apud
1947 2803 2053 2846 me?

226 2900 354 2947 quem
395 2889 440 2926 et
475 2880 672 2925 admiror
706 2887 751 2924 et
781 2879 961 2944 diligo?
1001 2883 1082 2943 qui
1111 2883 1205 2926 ista
1236 2879 1473 2924 Antiochia
1503 2880 1776 2924 contemnit?
1839 2879 1962 2923 Idem
2000 2878 2055 2923 ad

226 2965 390 3007 Caesar.
429 2958 503 3016 (ad
534 2961 654 3003 Fam.
685 2971 789 3003 1111.
814 2963 887 3004 16.
916 2962 981 3018 4.)
1024 2961 1216 3003 Doctum
1249 2957 1466 3001 hominem
1495 2957 1677 3018 cognovi
1716 2955 2019 3017 (Apollonium
2039 2987 2054 3011 ‚

230 3039 382 3084 Crassi
409 3037 637 3095 libertum)
660 3044 703 3080 et
731 3036 898 3080 studiis
929 3037 1113 3098 optimis
1139 3035 1337 3080 deditum
1367 3034 1502 3096 idque
1532 3052 1561 3079 a
1581 3051 1734 3096 puero.
1797 3037 1908 3079 Nam
1934 3034 2054 3078 domn·

224 3134 344 3164 meae
370 3133 469 3161 cum
495 3113 687 3158 Diodoto
719 3114 894 3165 Stoico,
933 3113 1104 3159 homine
1130 3130 1223 3159 meo
1249 3113 1417 3159 iudicio
1450 3114 1775 3169 eruditissimo,
1808 3112 1998 3157 multum
2023 3128 2052 3155 a

219 3212 360 3259 puero
382 3194 501 3253 fuit.
534 3195 596 3251 [v.
631 3191 686 3236 ad
712 3208 751 3236 a.
784 3193 886 3236 669.
915 3192 981 3249 2.]

306 3307 391 3382 (¹¹)
433 3306 487 3361 C.
530 3304 815 3368 OctaviUS,
873 3303 1144 3359 Octaviani
1175 3304 1288 3358 sive
1324 3304 1555 3376 Augusti
1587 3309 1776 3376 pater,
1814 3303 2048 3363 Macedo-

226 3411 371 3465 niam
411 3408 742 3480 provinciam
775 3406 916 3477 regit
949 3411 1277 3477 propraetor.
1320 3423 1408 3461 vu.
1443 3423 1488 3460 o.
1515 3409 1602 3459 27.
1645 3408 1730 3459 72.

287 3509 476 3558 Velleius
522 3523 571 3554 11.
615 3526 650 3556 c.
677 3511 748 3553 59.
781 3512 821 3553 1.
866 3507 974 3551 Fuit
1009 3508 1050 3552 G.
1084 3507 1295 3552 Octavius
1332 3515 1384 3552 ut
1426 3523 1511 3555 non
1535 3507 1765 3568 patricia,
1808 3507 1876 3553 ita
1902 3507 2046 3553 admo-
