2210 3970
763 203 970 243 Annus
1021 203 1070 242 υ.
1116 205 1162 243 c.
1220 188 1353 244 691.·
1865 187 1973 241 657

152 341 234 385 ita
266 351 485 383 censeo:
521 333 888 397 publicandas
921 348 1096 391 eorum
1119 331 1412 392 pecunias,
1453 330 1604 391 ipsos
1630 329 1685 374 in
1726 331 1970 377 vinculis

155 414 422 466 habendos
461 429 550 476 per
589 413 922 474 municipia,
969 426 1103 473 quae
1133 410 1360 454 maa-ime
1390 406 1587 469 opibus
1616 407 1831 454 ualent.-
1875 426 1973 456 neu

153 494 278 558 quis
299 492 361 539 de
382 492 470 538 Itis
487 499 690 553 postea
714 490 785 535 ad
808 498 1051 536 senatum
1072 485 1288 546 referat
1313 501 1439 531 neos
1462 500 1576 530 cum
1594 486 1798 549 populo
1823 495 1974 549 agat.-

152 573 248 634 qui
285 570 456 621 aliter
477 569 713 629 fecerit,
752 574 1000 613 senatum
1037 564 1373 612 existumare
1402 579 1516 608 eum
1544 573 1736 611 contra
1776 582 1978 628 rempu-

157 649 438 707 blicamvet
475 646 710 693 salutem
751 646 980 691 omnium
1000 642 1299 704 facturum.
1363 657 1400 687 c.
1431 644 1503 688 52.
1538 643 1784 705 Postquam
1817 647 1980 690 Caesar

153 724 330 776 dicendi
348 724 495 785 finem
511 724 634 785 fecit
649 755 665 780 ,
695 723 831 768 ceteri
855 721 982 768 verbo
1006 720 1130 767 alius
1161 718 1247 765 alii
1270 720 1394 764 varie
1424 719 1787 767 adsentiebantur
1799 742 1819 776 ,·
1842 730 1892 767 at
1919 724 1977 767 Π.

155 803 345 858 Partim
368 803 500 859 Cato,
518 810 704 864 rogatus
725 801 1014 856 sententiam,
1032 795 1336 856 hujuscemodi
1349 798 1593 845 orationem
1608 797 1788 846 habuit.-
1806 801 1980 861 Longe

153 881 290 931 milui
308 880 428 944 alia
451 896 594 931 mens
623 887 726 936 est,
745 880 802 925 P.
823 880 885 935 0.,
900 894 1058 940 quum
1084 891 1169 923 res
1190 882 1353 936 atque
1369 875 1628 937 pericula
1652 884 1842 923 nostra
1858 892 1982 923 ‘cone

154 956 347 1014 sidero,
369 964 451 1003 cet.
495 983 555 993 --
599 958 775 1016 Quare
803 956 887 1001 ita
917 971 1011 1017 ego
1042 968 1252 1000 censeo.-
1293 970 1452 1016 quum
1482 953 1704 1013 nefario
1746 954 1983 1002 consilio

156 1021 548 1082 sceleratorum
577 1025 774 1080 civium
799 1031 1107 1093 respublica
1133 1031 1189 1078 in
1213 1032 1447 1077 maxima
1469 1031 1723 1093 pericula
1746 1033 1980 1090 venerit,

160 1112 320 1175 Inique
351 1111 557 1160 indicio
590 1115 636 1158 T.
658 1110 938 1157 Vulturcii
964 1116 1015 1154 et
1041 1107 1343 1169 legatorum
1373 1108 1719 1172 Allobrogum
1744 1110 1983 1157 convicti

158 1188 511 1251 confessique
541 1189 679 1246 sint,
710 1188 943 1244 caedem,
976 1185 1259 1243 incendia,
1290 1186 1512 1249 aliaque
1541 1203 1597 1232 se
1618 1186 1792 1247 foeda
1821 1194 1985 1252 atque

156 1265 405 1322 crudelia
426 1265 693 1329 facinora
718 1267 773 1311 in
805 1266 946 1311 civis
966 1264 1318 1325 patriamque
1339 1266 1657 1325 paravisse,
1690 1264 1751 1310 de
1775 1263 1984 1323 confes·

157 1345 276 1402 sit,¹
300 1344 476 1394 sicuti
511 1342 572 1389 de
603 1342 929 1403 manifestis
960 1358 1133 1388 rerum
1165 1340 1519 1402 capitalium,
1560 1356 1700 1386 more
1730 1342 1987 1387 maiorum

156 1406 494 1485 supplicium
525 1419 846 1475 sumendum.
910 1433 947 1471 e.
973 1422 1046 1464 53.
1078 1419 1326 1479 Postquam
1362 1418 1469 1464 Cato
1499 1417 1701 1474 adsedit,
1732 1418 1986 1464 consulares

158 1514 306 1549 omnes
341 1499 534 1561 itemque
571 1505 753 1545 senatus
784 1513 947 1563 magna
965 1510 1080 1559 pars
1110 1494 1376 1540 sententiam
1402 1495 1501 1541 eius
1529 1494 1716 1541 laudant
1732 1528 1746 1552 ‚
1777 1496 1987 1542 virtutem

159 1576 299 1623 animi
331 1574 393 1632 ad
426 1574 597 1621 caelum
612 1574 804 1636 serunt,
849 1574 937 1620 alii
962 1573 1079 1619 alios
1113 1573 1390 1636 increpantes
1426 1572 1609 1619 timidos
1645 1582 1800 1620 vocant
1815 1597 1835 1633 ,-
1880 1578 1988 1621 Cato

157 1645 311 1726 clarus
350 1661 485 1719 atque
515 1668 703 1716 magnus
735 1652 949 1706 habetur,
995 1658 1178 1696 senatus
1210 1649 1430 1695 decretum
1452 1652 1546 1714 fit,
1577 1653 1697 1698 sicut
1723 1652 1804 1699 ille
1833 1669 1987 1700 censu·

158 1738 281 1802 erat.
330 1734 510 1778 Sueten.
541 1734 656 1779 Caes.
684 1734 812 1777 c.14.
843 1732 1034 1776 Praetor
1061 1736 1262 1784 creatus,
1299 1727 1470 1773 detecta
1495 1730 1798 1776 coniuratione
1832 1731 1990 1778 Catili·

159 1825 244 1856 nae
258 1839 274 1867 ,
305 1813 549 1871 senatuque
574 1809 779 1854 universo
803 1808 853 1853 in
874 1808 1017 1852 socios
1034 1805 1266 1867 facinoris
1291 1806 1499 1853 ultimam
1525 1813 1750 1854 statuente
1766 1825 1986 1872 poenam,

156 1872 281 1938 solus
311 1884 625 1949 municipatim
651 1882 907 1933 dividendos
938 1880 1334 1948 custodiendosque
1359 1881 1611 1947 publicatis
1641 1886 1767 1932 bonis
1802 1890 1988 1935 censuit.

163 1947 283 2027 Quin
314 1973 359 2012 et
389 1960 563 2011 tantum
592 1972 756 2012 metum
787 1962 941 2009 iniecit
968 1962 1196 2025 asperiora
1220 1961 1536 2021 suadentibus,
1568 1963 1823 2012 idemtidem
1844 1975 1988 2014 osten·

161 2049 290 2110 tans,
322 2039 493 2109 quanta
521 2057 593 2088 eos
625 2042 674 2087 in.
695 2049 928 2107 posterum
956 2057 985 2085 a
1009 2038 1140 2103 plebe
1164 2041 1363 2085 Romana
1394 2048 1590 2086 maneret
1615 2041 1817 2101 invidia,
1855 2052 1909 2090 ut
1930 2047 1987 2092 D.

162 2111 369 2192 Silanum
391 2120 614 2167 consulem
641 2118 922 2182 designatum
952 2133 1039 2163 non
1052 2116 1259 2180 piguerit
1286 2119 1552 2164 sententiam
1573 2135 1726 2178 suam,
1758 2122 1868 2184 quia
1892 2140 1986 2169 mu-

163 2184 259 2251 tare
290 2184 420 2263 turpe
446 2206 572 2254 erat,
603 2198 969 2259 interpretatione
992 2193 1151 2251 lenire,
1181 2193 1305 2241 velut
1326 2196 1512 2258 gravius
1538 2204 1673 2260 atque
1699 2200 1796 2260 ipse
1821 2201 1986 2268 sensis-

163 2284 233 2325 set
262 2273 512 2339 exceptam:
545 2273 895 2337 obtinuissetque
925 2271 1061 2328 adeo,
1097 2271 1373 2319 transductis
1403 2273 1467 2319 ad
1488 2290 1536 2319 se
1566 2275 1658 2320 iam
1678 2276 1916 2338 pluribus,
1940 2287 1990 2324 et

162 2352 213 2406 in
245 2351 317 2399 his
347 2349 546 2406 Cicerone
572 2351 769 2398 consulis
790 2351 974 2412 fratre,
1006 2350 1099 2395 nisi
1126 2348 1346 2397 labantem
1372 2351 1568 2399 ordinem
1593 2352 1903 2416 confirmasset
1928 2357 1988 2401 M.

170 2431 350 2476 Catonis
379 2428 536 2476 oratio.
598 2428 786 2476 Velleius
814 2443 865 2476 11.
897 2446 932 2475 c.
967 2432 1040 2474 35.
1065 2431 1106 2473 1.
1140 2426 1228 2473 Ille
1258 2437 1442 2475 senatus
1467 2430 1563 2476 dies
1594 2458 1655 2467 -
1686 2433 1898 2479 virtutem
1929 2436 1989 2479 M.

170 2505 382 2566 Catonis,
405 2508 495 2553 iam
517 2507 677 2553 multis
699 2506 748 2553 in
773 2506 902 2552 rebus
928 2505 1210 2567 conspicuam
1237 2515 1371 2570 atque
1382 2510 1734 2571 praenitentem‚
1768 2511 1991 2558 altissime

165 2583 452 2648 illuminavit.
482 2599 546 2623 '—-
579 2586 662 2631 Hic
694 2584 902 2631 tribunus
927 2583 1074 2648 plebis
1100 2585 1361 2650 designatus
1387 2596 1432 2634 et
1462 2588 1608 2635 adhuc
1631 2588 1865 2637 admodum
1887 2590 1991 2637 ado·

169 2661 334 2723 lescen‘s
351 2659 368 2716 ‚'
404 2676 542 2726 quum
572 2659 658 2708 alii
687 2660 925 2707 suaderent
956 2669 1008 2707 ut
1040 2679 1122 2724 per
1150 2665 1397 2726 nuunicipia
1435 2666 1653 2714 lentulus
1683 2668 1992 2733 coniuratique

169 2738 523 2798 custodirentur,
547 2754 662 2802 pene
677 2738 794 2783 inter
807 2738 992 2784 ultimos
1008 2739 1310 2802 interrogatus
1324 2744 1612 2804 sententiam,
1641 2752 1769 2793 tanta
1789 2749 1837 2793 m·
1852 2751 1993 2795 animi

171 2820 304 2878 atque
330 2815 503 2879 ingenii
530 2818 729 2862 insectus
758 2823 826 2861 est
855 2816 904 2860 in
940 2816 1313 2876 coniurationem,
1356 2827 1409 2864 ut
1439 2820 1595 2866 ardore
1624 2823 1717 2867 oris
1748 2826 1991 2871 orationem

169 2892 375 2944 omnium
395 2891 621 2939 lenitatem
648 2891 931 2938 suadentium
961 2893 1182 2938 societate
1210 2894 1391 2940 consilii
1420 2907 1670 2961 suspectam
1693 2899 1894 2960 fecerit.-
1926 2905 1993 2948 sic

169 2957 466 3032 impendentia
497 2987 553 3016 ex
584 2970 731 3016 ruinis
771 2969 1073 3031 incendiisque
1110 2971 1239 3017 Urbis
1277 2982 1321 3018 et
1359 2977 1700 3023 commutatione
1730 2986 1881 3025 status
1902 2998 1993 3043 pu·

171 3048 279 3096 Μία·
299 3049 507 3110 pericula
536 3050 775 3118 exposuit,
807 3049 876 3093 ita
907 3048 1103 3094 consulis
1128 3048 1338 3096 virtutem
1369 3052 1703 3114 amplificam&
1734 3063 1787 3101 ut
1817 3060 1991 3104 univer.

170 3140 250 3177 sus
280 3133 464 3172 senatus
489 3126 538 3172 in
569 3129 666 3172 eius
691 3128 954 3174 sententiam
986 3111 1199 3174 transiret
1215 3163 1228 3186 ,
1261 3128 1778 3197 animadvertendumque
1808 3136 1858 3181 in
1889 3152 1989 3196 eos,

169 3220 281 3266 quos
319 3204 633 3266 praediximus
649 3239 663 3263 ,
713 3213 905 3252 censeret
919 3227 939 3262 ,-
989 3208 1216 3269 maiorque
1258 3223 1373 3269 pars
1420 3207 1590 3254 ordinis
1636 3211 1734 3256 eius
1787 3214 1992 3260 Catonem

165 3289 537 3354 prosequerentur
561 3282 750 3330 dom-um.
783 3328 790 3333 ,
812 3284 963 3330 Florus
981 3297 1048 3331 lv.
1065 3300 1102 3330 c.
1122 3290 1163 3330 1.
1194 3289 1265 3330 10.
1299 3287 1367 3329 De
1381 3286 1603 3347 supplicio
1629 3276 1863 3351 agentibus
1888 3294 1991 3338 Cae·

173 3360 253 3410 ,sar
274 3361 541 3422 parcendum
573 3361 812 3424 dignitati,
846 3364 952 3407 Cato
976 3364 1409 3408 animadvertendum
1445 3364 1660 3410 censebat.
1727 3367 1868 3427 Quam
1896 3386 1992 3416 sen-

176 3439 359 3505 tentiam
383 3441 546 3485 secutis
563 3442 787 3500 omnibus,
810 3443 858 3487 in
880 3445 1062 3488 carcere.
1070 3442 1326 3503 parricidae
1349 3443 1699 3504 strangulantur.
1766 3447 1987 3495 Plutarch.
