2210 3970
505 233 559 289 1..
584 233 646 288 x.
690 250 735 289 ο.
760 233 896 290 xxi.
940 233 1073 308 §58
1113 264 1188 274 -
1227 233 1468 290 0.xxn.
1511 234 1662 309 gei.
1892 241 1997 292 485

159 385 303 451 dixi,
342 384 551 441 litteras
585 401 746 441 senex
779 384 1000 448 didicit;
1042 401 1176 457 quas
1215 390 1395 440 tamen
1425 386 1503 440 sic
1542 384 1696 440 avide
1732 386 1993 457 arripuit,

155 485 311 559 quasi
366 483 682 541 diuturnam
734 484 881 539 sitim
934 484 1148 556 explere
1204 485 1462 556 cupienS,
1522 491 1584 540 ut
1634 501 1696 540 ea
1736 486 1852 557 ipsa
1890 486 1992 541 sibi

154 593 279 643 nota
311 591 521 652 essent,
560 585 757 657 quihus
777 586 954 658 ipsum
977 587 1033 641 in
1068 584 1167 641 hoc
1201 585 1338 641 libro
1375 586 1636 659 exemplis
1669 587 1750 642 uti
1779 586 1991 643 videtis.

229 785 392 844 xxu.
473 789 563 843 60.
605 787 823 855 Quum¹
860 793 1042 844 autem
1085 804 1243 861 saepe
1275 804 1488 845 mecum
1526 794 1710 861 ageret
1751 789 1994 854 AtticuS,

157 893 219 944 ut
253 886 327 943 de
366 887 682 958 Amicitia
716 889 1008 945 scriberem
1048 888 1287 963 aliquid,
1326 889 1489 962 digna
1524 889 1657 945 mihi
1702 906 1791 946 res
1822 906 1992 962 quum

153 988 397 1055 omnium
438 989 772 1061 cognitione,
813 995 931 1045 tum
971 996 1155 1046 nostra
1195 989 1562 1047 familiaritate
1588 992 1703 1047 visa
1734 997 1833 1047 est.
1884 990 1995 1045 lta-

152 1105 256 1163 que
278 1087 381 1146 feci
407 1105 512 1144 non
538 1090 742 1146 invitus
756 1131 771 1156 ,
794 1097 854 1146 ut
876 1090 1182 1163 prodessem
1212 1092 1400 1147 multis
1421 1098 1614 1165 rogatu
1635 1093 1819 1149 Attici.
1861 1091 1963 1148 Sed
1977 1134 1992 1157 ‚

153 1196 217 1246 ut
249 1190 306 1246 in
348 1188 535 1246 Catone
572 1188 806 1256 Maiore,
846 1192 940 1263 qui
981 1197 1063 1246 est
1102 1192 1339 1264 scriptus
1377 1191 1444 1247 de
1489 1198 1795 1258 senectute,
1836 1192 1994 1250 Cato-

155 1306 279 1347 nem
320 1289 510 1346 induxi
548 1307 731 1346 senem
762 1291 1163 1363 disputantem,
1203 1291 1331 1363 quia
1352 1291 1499 1347 nulla
1519 1291 1803 1348 videbatur
1820 1294 1998 1365 aptior

151 1406 414 1464 persona,
454 1405 592 1463 quae
630 1389 696 1448 de
723 1390 814 1445 illa
853 1396 1028 1446 aetate
1060 1390 1400 1463 loqueretur,
1441 1407 1604 1462 quam
1638 1392 1781 1457 eius,
1820 1394 1997 1465 quiet

153 1489 460 1547 diutissime
497 1504 661 1545 senex
699 1488 917 1555 suisset,
975 1496 1030 1545 et
1063 1490 1118 1544 in
1160 1490 1276 1563 ipsa
1325 1495 1605 1546 senectute
1645 1497 1862 1564 praeter
1906 1509 1997 1548 cc-

154 1598 300 1648 teros
320 1588 613 1646 floruisset:
654 1590 758 1656 sic,
779 1605 949 1663 quum
978 1590 1373 1663 accepissemus
1393 1605 1424 1645 a
1445 1590 1720 1663 patribus,
1761 1592 1998 1648 maxime

158 1686 559 1748 memorabilem
597 1691 652 1747 C.
682 1690 849 1748 Laelii
869 1698 924 1747 et
957 1692 1014 1747 P.
1044 1690 1311 1764 Scipionis
1340 1690 1765 1759 familiaritatem
1805 1693 1999 1758 fuisse,

157 1790 348 1849 idonea
384 1790 520 1849 mihi
548 1791 766 1849 Laelii
799 1807 1026 1865 persona
1064 1790 1180 1846 visa
1206 1797 1324 1857 est,
1364 1806 1503 1864 quae
1536 1791 1602 1847 de
1648 1793 1890 1849 amicitia
1935 1811 1998 1851 ca

160 1892 276 1967 ipsa
307 1889 626 1959 dissereret,
665 1908 804 1966 quae
842 1890 1116 1966 disputata
1148 1891 1216 1947 ab
1254 1907 1317 1947 eo
1356 1893 1725 1949 meminissem
1758 1893 1999 1967 aliquan·

159 1992 228 2050 d'o
265 1992 456 2067 audire
492 2009 524 2049 e
576 1992 844 2051 Scaevola.
924 1997 1015 2048 61.
1095 1992 1309 2049 Etenim
1331 1999 1353 2032 ²
1392 2010 1563 2067 quum
1603 2011 1760 2068 saepe
1798 1994 1999 2060 multa,

160 2099 281 2149 tum
318 2092 544 2149 memini
576 2091 721 2148 hunc
743 2133 758 2158 ,
797 2092 1020 2148 domiin
1055 2092 1376 2167 hemicyclio
1414 2092 1689 2149 sedentem
1713 2137 1727 2159 ‚
1769 2101 1831 2150 ut
1868 2094 2001 2150 sole·

157 2192 284 2258 hat,
323 2208 493 2265 quum
532 2199 588 2248 et
625 2209 724 2265 ego
755 2209 927 2249 essem
953 2209 1061 2248 una
1082 2198 1138 2248 et
1177 2193 1335 2265 pauci
1357 2191 1647 2249 admodum
1678 2192 1997 2261 familiareS,

157 2295 213 2349 in
252 2309 378 2350 eum
411 2309 714 2350 sermonem
747 2293 1014 2359 incidere,
1054 2293 1149 2366 qui
1190 2299 1308 2348 tum
1343 2292 1453 2349 sere
1493 2293 1746 2350 omnibus
1782 2302 1902 2351 erat
1940 2297 1996 2352 in

155 2411 274 2451 ore:
314 2410 486 2468 quum
505 2395 650 2451 enim
674 2395 731 2450 P.
763 2394 1066 2467 SulpiciuS,
1106 2394 1360 2450 tribunus
1392 2393 1596 2467 plebis,
1635 2396 1853 2469 capitali
1876 2396 1999 2451 odio

154 2511 187 2551 a
226 2494 288 2564 Q.
325 2494 604 2568 Pompeio,
663 2494 758 2567 qui
811 2500 930 2550 tum
970 2500 1087 2549 erat
1129 2493 1346 2558 consul,
1404 2493 1720 2561 dissideret,
1759 2511 1996 2568 quocum

154 2593 600 2650 coniunctissime
648 2599 704 2650 et
753 2594 1127 2650 amantissime
1167 2593 1403 2659 vixerat,
1461 2601 1665 2667 quanta
1713 2594 1994 2652 hominum

153 2700 272 2750 erat
288 2693 374 2750 vel
392 2693 680 2751 admiratio
705 2694 788 2750 vel
819 2692 1059 2768 querela!
1139 2695 1330 2767 Itaque
1350 2700 1470 2749 tum
1503 2693 1785 2762 Scaevola,
1823 2711 1995 2768 quum

154 2794 212 2849 in
243 2809 361 2850 eam
392 2795 565 2868 ipsam
597 2796 927 2852 mentionem
966 2794 1279 2857 incidisset,
1321 2795 1569 2867 exposuit
1602 2795 1754 2851 nobis
1792 2812 1995 2852 sermo·

155 2907 280 2949 nem
336 2892 502 2949 Laelii
539 2893 608 2950 de
653 2894 924 2960 amicitia,
974 2893 1220 2950 habitum
1272 2893 1340 2949 ab
1386 2894 1481 2948 illo
1527 2911 1716 2950 secum-
1758 2902 1814 2951 et
1863 2912 1998 2951 cum

153 2993 323 3050 altero
360 3009 558 3065 genero
589 2993 644 3048 G.
681 2994 918 3060 Fannio,
956 2995 1024 3050 M.
1046 2995 1127 3062 F„
1165 2996 1354 3068 paucis
1385 2994 1575 3050 diebus
1607 3001 1728 3067 post
1758 3000 1991 3050 mortem

154 3093 409 3151 Africani.
490 3093 624 3150 Eius
649 3093 1029 3167 disputationis
1061 3096 1359 3151 sententias
1384 3094 1677 3149 memoriae
1708 3093 1991 3164 mandavi;

153 3210 287 3268 quas
325 3193 427 3250 hoc
458 3193 597 3250 libro
627 3195 849 3268 exposui
882 3194 1150 3251 arbitratu
1177 3212 1297 3251 meo
1318 3214 1334 3254 :.
1372 3195 1527 3267 quasi
1553 3195 1698 3250 enim
1732 3196 1876 3268 ipsos
1907 3195 1988 3250 in-

157 3292 285 3351 duxi
331 3294 646 3369 loquentes,
698 3312 766 3352 ne
810 3296 1024 3369 inquam
1071 3303 1125 3352 et
1161 3296 1332 3369 inquit
1372 3295 1584 3367 saepius
1625 3295 1987 3369 interponere-

218 3530 254 3586 ¹)
285 3526 337 3574 de
369 3528 503 3574 Amic.
533 3545 568 3575 c.
598 3532 637 3574 1.
668 3531 690 3587 ᾗ
725 3531 765 3574 4.
802 3556 860 3564 -
895 3532 933 3589 2)
968 3529 1078 3577 ibid.
1114 3530 1207 3586 §2
