2210 3970
200 214 306 264 476
783 226 991 265 emano
1040 227 1108 263 DE
1162 224 1296 263 v1TA
1347 226 1454 264 sua

194 359 467 424 Aeoliam,
509 359 748 425 Ioniam,
808 362 1021 425 Asiam,
1062 359 1325 424 Siciliam,
1379 358 1622 424 Italiam,
1674 361 1788 414 sine
1827 361 2020 435 Pythio

194 466 289 514 aut
323 459 601 514 Dodonaeo
635 468 728 515 aut
761 461 1039 516 Ammonis
1071 459 1322 515 oraculo?
1363 467 1459 514 aut
1491 460 1634 532 quod
1665 460 1865 518 bellum
1905 477 2017 517 sus-

193 565 410 630 ceptum
451 560 517 614 ab
563 577 625 616 ea
675 562 793 616 sine
831 561 1053 616 consilio
1092 561 1314 615 deorum
1354 560 1477 616 est?
1573 565 1662 615 44.
1702 561 1810 616 Nec
1849 578 2021 616 unum

195 675 364 728 genus
426 665 507 714 est
572 659 918 716 divinationis
974 661 1184 733 publice
1253 662 1615 734 privatimque
1673 661 2022 717 celebratum.

194 758 357 825 Nam,
417 766 478 814 ut
525 761 772 816 omittam
829 768 1036 816 ceteros
1086 762 1333 834 popuIOS,
1392 768 1575 817 noster
1631 778 1793 834 quam
1851 762 2024 816 multa

194 876 391 930 genera
423 860 732 932 complexus
752 862 857 914 estl
913 861 1185 932 Principio
1215 860 1379 915 huius
1412 861 1562 917 urbis
1601 878 1795 933 parens
1827 862 2022 917 Romu·

194 958 279 1014 lus
309 975 414 1012 non
448 958 622 1013 solum
662 959 940 1031 auspicato
980 959 1175 1014 Urbem
1208 959 1541 1025 condidisse,
1562 960 1667 1015 >sed
1709 962 1822 1033 ipse
1859 963 2024 1018 etiam

196 1061 430 1132 optimus
456 1076 632 1132 augur
662 1059 828 1115 fuisse
860 1059 1116 1117 traditur.
1176 1061 1379 1116 Deinde
1411 1061 1710 1134 auguribus
1744 1069 1798 1117 et
1831 1061 2025 1133 reliqui

194 1178 348 1232 reges
382 1161 501 1227 usi,
534 1168 588 1216 et
607 1161 810 1216 exactis
831 1161 1049 1233 regibus
1083 1161 1218 1216 nihil
1251 1162 1464 1234 publice
1497 1163 1614 1218 sine
1650 1165 1907 1236 auspiciis
1927 1181 2026 1220 nec

195 1262 339 1317 domi
369 1279 467 1317 nec
487 1261 713 1316 militiae
746 1262 1050 1334 gerebatur.
1105 1262 1390 1336 Quumque
1416 1280 1614 1336 magna
1640 1265 1723 1319 vis
1754 1264 2029 1321 videretur

197 1380 313 1418 esse
351 1370 405 1418 et
426 1364 482 1418 in
499 1363 876 1436 vimpetriendis
896 1364 1344 1437 consulendisque
1377 1365 1568 1431 rebuS‚
1596 1373 1650 1421 et
1683 1367 1740 1420 in
1773 1368 2030 1426 monstris

198 1464 616 1536 interpretandis
646 1481 707 1519 ac
729 1464 1083 1536 procurandis
1105 1465 1161 1518 in
1187 1463 1540 1537 haruspicum
1567 1465 1880 1538 disciplina,
1920 1483 2028 1522 om·

200 1581 325 1618 nem
354 1563 493 1619 hanc
526 1581 590 1621 ex
617 1564 837 1620 Etruria
876 1564 1159 1619 scientiam
1191 1563 1547 1630 adhibebant,
1574 1582 1655 1629 ,ne
1688 1576 1859 1637 genus
1891 1573 2032 1622 esset

202 1663 372 1738 ullum
403 1663 778 1726 divinationiS‚
819 1663 960 1736 quod
1000 1663 1314 1736 neglectum*
1346 1663 1412 1719 ab
1452 1664 1519 1719 iis
1556 1665 1848 1723 videretur.
1928 1666 2033 1732 Et,

201 1781 369 1838 quum
415 1764 622 1820 duobus
661 1764 835 1820 modis
870 1765 1038 1820 animi
1090 1766 1207 1820 sine
1254 1765 1463 1821 ratione
1513 1771 1568 1821 et
1618 1766 1844 1829 scientia
1882 1774 2034 1829 motu

200 1869 303 1939 ipsi
343 1883 443 1923 suo
479 1866 654 1922 soluto
681 1873 735 1922 et
772 1866 941 1922 libero
979 1866 1369 1932 incitarentur,
1427 1884 1536 1922 uno
1574 1867 1817 1933 furente,
1863 1868 2032 1924 altero

199 1968 529 2034 somniante,
582 1967 781 2022 suroris
833 1968 1219 2023 divinationem
1262 1967 1540 2042 Sibyllinis
1568 1969 1820 2024 maxime
1870 1971 2034 2025 versi-

202 2069 304 2124 bus
339 2068 606 2124 contineri
645 2068 930 2133 arbitrati,
989 2085 1176 2124 eorum
1217 2068 1403 2124 decem
1444 2070 1766 2142 interpretes
1804 2069 2035 2126 delectos

202 2187 233 2224 e
273 2168 491 2225 civitate
523 2186 640 2226 esse
673 2169 993 2226 voluerunt:
1035 2187 1100 2226 ex
1130 2187 1237 2243 quo
1271 2186 1467 2242 genere
1516 2187 1674 2244 saepe
1706 2171 2038 2228 hariolorum

206 2272 369 2326 etiam
391 2277 446 2326 et
477 2277 663 2326 vatum
697 2269 1016 2326 furibundas
1048 2270 1440 2344 praedictiones
1450 2308 1466 2337 ‚
1506 2278 1569 2327 ut
1590 2270 1883 2328 Octaviano
1899 2273 2038 2329 bello

206 2363 441 2432 Cornelii
478 2370 727 2440 Culleoli,
766 2370 1060 2426 audiendas
1094 2377 1442 2443 putaverunt,
1517 2371 1624 2428 Nec
1664 2388 1791 2428 vero
1829 2374 2038 2428 somnia

207 2471 479 2543 graviora,
520 2472 568 2526 si
608 2488 746 2543 quae
785 2471 854 2526 ad
893 2470 1282 2544 rempublicam
1320 2472 1592 2543 pertinere
1639 2473 1754 2528 visa
1799 2481 1956 2540 sunt,
2009 2491 2041 2529 a

208 2588 422 2630 summo
467 2571 690 2627 consilio
729 2572 974 2643 neglecta
1025 2579 1170 2626 sunt.
1249 2572 1390 2639 Quin
1431 2572 1596 2639 etiam
1635 2575 1896 2629 memoria
1950 2592 2038 2630 no-

208 2681 323 2732 stra
355 2673 617 2747 templum
650 2675 874 2730 Iunonis
902 2673 1143 2747 Sospitae
1182 2673 1239 2728 L.
1281 2673 1486 2738 IuliuS,
1534 2676 1628 2747 qui
1668 2692 1793 2732 cum
1840 2677 1898 2731 P.
1933 2677 2043 2732 Ru«

209 2774 326 2829 tilio
364 2774 552 2829 consul
584 2773 687 2828 fuit
707 2813 722 2840 ,
763 2774 830 2829 de
867 2780 1086 2829 senatus
1126 2774 1394 2829 sententia
1431 2773 1622 2830 refecit
1658 2792 1724 2832 ex
1757 2777 2042 2844 Caeciliae,

210 2870 470 2930 Balearici
509 2873 673 2940 filiae,
715 2874 940 2929 somnio.
1022 2878 1110 2929 45.
1152 2875 1328 2946 Atque
1359 2874 1517 2940 haec,
1557 2882 1620 2931 ut
1650 2893 1748 2947 ego
1779 2877 2043 2944 arbitror,

210 2982 420 3031 veteres
456 2991 641 3031 rerum
683 2976 856 3046 magis
906 2975 1111 3029 eventis
1159 2975 1380 3040 moniti,
1439 2993 1602 3048 quam
1653 2978 1862 3034 ratione
1900 2978 2043 3035 docti

213 3077 590 3148 probaverunt.
688 3075 1130 3148 Philosophorum
1178 3094 1301 3132 vero
1342 3079 1610 3150 exquisita
1649 3079 1912 3151 quaedam
1964 3096 2045 3134 ar-

215 3185 507 3248 gumenta,
559 3195 659 3233 cur
692 3184 835 3260 esset
872 3194 997 3232 vera
1038 3177 1296 3236 divinatio
1318 3221 1332 3244 ,
1393 3178 1612 3234 collecta
1656 3186 1817 3235 sunt:
1875 3197 1904 3236 e
1931 3183 2045 3253 qui-

216 3278 352 3343 hus,
393 3286 454 3334 ut
493 3279 558 3334 de
594 3279 987 3351 antiquissimis
1020 3278 1235 3350 loquar,
1275 3278 1627 3351 Colophonius
1661 3280 2047 3353 XenophaneS‚

221 3394 398 3444 unus,
438 3381 531 3451 qui
572 3380 696 3435 deos
738 3397 854 3435 esse
892 3379 1118 3443 diceret,
1169 3379 1552 3434 divinationem
1593 3378 1836 3435 funditus
1870 3388 2045 3437 sustu-

222 3480 300 3532 lit.
383 3481 592 3553 Reliqui
625 3500 748 3536 vero
789 3499 996 3546 omnes,
1038 3488 1250 3552 praeter
1289 3482 1583 3553 Epicurum
1607 3524 1620 3543 ,
1665 3481 2048 3540 balbutientem

2190 3200 2210 3250 ²9⁴
2180 2853 2210 3186 -ssssfflmn
2198 2818 2210 2824 1
2194 2710 2210 2795 --ι-ζιζ-
2199 2688 2210 2697 ⁴.‹
2192 2668 2197 2670 ¹
2188 2596 2210 2653 :⁴:⁴5⁸
