<?xml version="1.0" encoding="UTF-8"?>
<!DOCTYPE html PUBLIC "-//W3C//DTD XHTML 1.0 Transitional//EN"
    "http://www.w3.org/TR/xhtml1/DTD/xhtml1-transitional.dtd">
<html xmlns="http://www.w3.org/1999/xhtml" xml:lang="en" lang="en">
 <head>
  <title>
</title>
<meta http-equiv="Content-Type" content="text/html;charset=utf-8" />
  <meta name='ocr-system' content='tesseract 3.04.00' />
  <meta name='ocr-capabilities' content='ocr_page ocr_carea ocr_par ocr_line ocrx_word'/>
</head>
<body>
  <div class='ocr_page' id='page_1' title='image "./mtulliiciceronis00suriuoft/mtulliiciceronis00suriuoft_0374.png"; bbox 0 0 2210 3970; ppageno 0'>
   <div class='ocr_carea' id='block_1_1' title="bbox 290 251 350 265">
    <p class='ocr_par' dir='ltr' id='par_1_1' title="bbox 290 251 350 265">
     <span class='ocr_line' id='line_1_1' title="bbox 290 251 350 265; baseline -0.033 0"><span class='ocrx_word' id='word_1_1' title='bbox 290 251 350 265; x_wconf 58' lang='grc' dir='ltr'><strong>μὶ,</strong></span> 
     </span>
    </p>
   </div>
   <div class='ocr_carea' id='block_1_2' title="bbox 288 249 1555 301">
    <p class='ocr_par' dir='ltr' id='par_1_2' title="bbox 288 249 1555 301">
     <span class='ocr_line' id='line_1_2' title="bbox 288 249 1555 301; baseline -0.002 -2"><span class='ocrx_word' id='word_1_2' title='bbox 288 249 392 301; x_wconf 66' lang='grc'><strong>006</strong></span> <span class='ocrx_word' id='word_1_3' title='bbox 891 258 1108 296; x_wconf 65' lang='lat' dir='ltr'><strong>‘emeno</strong></span> <span class='ocrx_word' id='word_1_4' title='bbox 1155 260 1223 295; x_wconf 75' lang='lat' dir='ltr'><strong>m:</strong></span> <span class='ocrx_word' id='word_1_5' title='bbox 1276 258 1411 297; x_wconf 76' lang='lat' dir='ltr'><strong>virA</strong></span> <span class='ocrx_word' id='word_1_6' title='bbox 1451 261 1555 298; x_wconf 74' lang='lat' dir='ltr'><strong>suA</strong></span> 
     </span>
    </p>
   </div>
   <div class='ocr_carea' id='block_1_3' title="bbox 283 391 2118 1456">
    <p class='ocr_par' dir='ltr' id='par_1_3' title="bbox 283 391 2118 1456">
     <span class='ocr_line' id='line_1_3' title="bbox 290 391 2108 465; baseline 0.001 -14"><span class='ocrx_word' id='word_1_7' title='bbox 290 397 494 450; x_wconf 89' lang='lat' dir='ltr'><strong>aerario</strong></span> <span class='ocrx_word' id='word_1_8' title='bbox 527 400 675 457; x_wconf 87' lang='lat' dir='ltr'><strong>erat,</strong></span> <span class='ocrx_word' id='word_1_9' title='bbox 717 391 1033 464; x_wconf 83' lang='lat' dir='ltr'><strong>reliquimus</strong></span> <span class='ocrx_word' id='word_1_10' title='bbox 1072 392 1298 447; x_wconf 80' lang='lat' dir='ltr'>Caesari.</span> <span class='ocrx_word' id='word_1_11' title='bbox 1388 393 1744 448; x_wconf 85' lang='lat' dir='ltr'>Commissum</span> <span class='ocrx_word' id='word_1_12' title='bbox 1766 401 1782 431; x_wconf 82' lang='lat'>1</span> <span class='ocrx_word' id='word_1_13' title='bbox 1825 395 2039 465; x_wconf 83' lang='lat' dir='ltr'><strong>quidem</strong></span> <span class='ocrx_word' id='word_1_14' title='bbox 2075 413 2108 454; x_wconf 83' lang='lat' dir='ltr'><strong>a</strong></span> 
     </span>
     <span class='ocr_line' id='line_1_4' title="bbox 291 492 2107 575; baseline 0.001 -26"><span class='ocrx_word' id='word_1_15' title='bbox 291 496 441 575; x_wconf 88' lang='lat' dir='ltr'><strong>nobis</strong></span> <span class='ocrx_word' id='word_1_16' title='bbox 481 500 627 548; x_wconf 90' lang='lat' dir='ltr'><strong>certe</strong></span> <span class='ocrx_word' id='word_1_17' title='bbox 664 499 781 558; x_wconf 90' lang='lat' dir='ltr'><strong>est,</strong></span> <span class='ocrx_word' id='word_1_18' title='bbox 820 494 931 548; x_wconf 89' lang='lat' dir='ltr'><strong>sive</strong></span> <span class='ocrx_word' id='word_1_19' title='bbox 969 511 999 548; x_wconf 93' lang='lat' dir='ltr'><strong>a</strong></span> <span class='ocrx_word' id='word_1_20' title='bbox 1039 499 1220 547; x_wconf 86' lang='lat' dir='ltr'><strong>nostro</strong></span> <span class='ocrx_word' id='word_1_21' title='bbox 1265 492 1429 559; x_wconf 88' lang='lat' dir='ltr'><strong>duce,</strong></span> <span class='ocrx_word' id='word_1_22' title='bbox 1469 500 1559 559; x_wconf 88' lang='lat' dir='ltr'><strong>ut,</strong></span> <span class='ocrx_word' id='word_1_23' title='bbox 1600 512 1629 548; x_wconf 92' lang='lat' dir='ltr'><strong>e</strong></span> <span class='ocrx_word' id='word_1_24' title='bbox 1667 502 1826 566; x_wconf 89' lang='lat' dir='ltr'><strong>portu</strong></span> <span class='ocrx_word' id='word_1_25' title='bbox 1863 498 1979 551; x_wconf 89' lang='lat' dir='ltr'><strong>sinc</strong></span> <span class='ocrx_word' id='word_1_26' title='bbox 2017 514 2107 567; x_wconf 76' lang='lat' dir='ltr'><strong>gu·</strong></span> 
     </span>
     <span class='ocr_line' id='line_1_5' title="bbox 284 594 2113 669; baseline 0.001 -19"><span class='ocrx_word' id='word_1_27' title='bbox 284 594 589 651; x_wconf 82' lang='lat' dir='ltr'><strong>bernaculis</strong></span> <span class='ocrx_word' id='word_1_28' title='bbox 609 595 833 665; x_wconf 79' lang='lat' dir='ltr'><strong>egressi,</strong></span> <span class='ocrx_word' id='word_1_29' title='bbox 854 595 1161 666; x_wconf 86' lang='lat' dir='ltr'><strong>tempestati</strong></span> <span class='ocrx_word' id='word_1_30' title='bbox 1189 612 1285 649; x_wconf 92' lang='lat' dir='ltr'><strong>nos</strong></span> <span class='ocrx_word' id='word_1_31' title='bbox 1309 595 1663 650; x_wconf 84' lang='lat' dir='ltr'><strong>traderemus.</strong></span> <span class='ocrx_word' id='word_1_32' title='bbox 1743 596 1885 667; x_wconf 86' lang='lat' dir='ltr'><strong>Ergo</strong></span> <span class='ocrx_word' id='word_1_33' title='bbox 1904 601 1926 633; x_wconf 87' lang='lat'><strong>²</strong></span> <span class='ocrx_word' id='word_1_34' title='bbox 1958 597 2113 669; x_wconf 88' lang='lat' dir='ltr'><strong>plane</strong></span> 
     </span>
     <span class='ocr_line' id='line_1_6' title="bbox 290 694 2113 768; baseline 0.001 -18"><span class='ocrx_word' id='word_1_35' title='bbox 290 696 526 768; x_wconf 86' lang='lat' dir='ltr'><strong>oppressi</strong></span> <span class='ocrx_word' id='word_1_36' title='bbox 566 694 912 756; x_wconf 87' lang='lat' dir='ltr'><strong>videbamur;</strong></span> <span class='ocrx_word' id='word_1_37' title='bbox 952 711 1079 759; x_wconf 90' lang='lat' dir='ltr'><strong>nec,</strong></span> <span class='ocrx_word' id='word_1_38' title='bbox 1119 695 1249 766; x_wconf 84' lang='lat' dir='ltr'><strong>quid</strong></span> <span class='ocrx_word' id='word_1_39' title='bbox 1287 694 1496 750; x_wconf 87' lang='lat' dir='ltr'><strong>consilii</strong></span> <span class='ocrx_word' id='word_1_40' title='bbox 1536 712 1812 768; x_wconf 80' lang='lat' dir='ltr'><strong>caperem,</strong></span> <span class='ocrx_word' id='word_1_41' title='bbox 1851 696 2113 758; x_wconf 78' lang='lat' dir='ltr'><strong>sciebam:</strong></span> 
     </span>
     <span class='ocr_line' id='line_1_7' title="bbox 288 794 2112 857; baseline -0.001 -5"><span class='ocrx_word' id='word_1_42' title='bbox 288 814 387 857; x_wconf 89' lang='lat' dir='ltr'><strong>nec</strong></span> <span class='ocrx_word' id='word_1_43' title='bbox 425 795 731 851; x_wconf 84' lang='lat' dir='ltr'><strong>mehercule</strong></span> <span class='ocrx_word' id='word_1_44' title='bbox 769 795 835 849; x_wconf 90' lang='lat' dir='ltr'><strong>de</strong></span> <span class='ocrx_word' id='word_1_45' title='bbox 873 811 959 849; x_wconf 87' lang='lat' dir='ltr'><strong>me</strong></span> <span class='ocrx_word' id='word_1_46' title='bbox 998 794 1329 850; x_wconf 82' lang='lat' dir='ltr'><strong>laborabam:</strong></span> <span class='ocrx_word' id='word_1_47' title='bbox 1383 795 1490 851; x_wconf 80' lang='lat' dir='ltr'><strong>de³</strong></span> <span class='ocrx_word' id='word_1_48' title='bbox 1529 795 1874 851; x_wconf 79' lang='lat' dir='ltr'><strong>Ciceronibus</strong></span> <span class='ocrx_word' id='word_1_49' title='bbox 1913 798 2112 851; x_wconf 88' lang='lat' dir='ltr'><strong>nostris</strong></span> 
     </span>
     <span class='ocr_line' id='line_1_8' title="bbox 286 894 2114 965; baseline 0 -13"><span class='ocrx_word' id='word_1_50' title='bbox 286 897 596 952; x_wconf 84' lang='lat' dir='ltr'><strong>dubitabam</strong></span> <span class='ocrx_word' id='word_1_51' title='bbox 635 894 765 965; x_wconf 86' lang='lat' dir='ltr'><strong>quid</strong></span> <span class='ocrx_word' id='word_1_52' title='bbox 804 910 1037 964; x_wconf 84' lang='lat' dir='ltr'><strong>agerem.</strong></span> <span class='ocrx_word' id='word_1_53' title='bbox 1116 895 1251 948; x_wconf 89' lang='lat' dir='ltr'><strong>Nam</strong></span> <span class='ocrx_word' id='word_1_54' title='bbox 1295 896 1431 950; x_wconf 89' lang='lat' dir='ltr'><strong>mihi</strong></span> <span class='ocrx_word' id='word_1_55' title='bbox 1470 897 1744 952; x_wconf 86' lang='lat' dir='ltr'><strong>interdum</strong></span> <span class='ocrx_word' id='word_1_56' title='bbox 1791 897 2114 952; x_wconf 85' lang='lat' dir='ltr'><strong>amandandi</strong></span> 
     </span>
     <span class='ocr_line' id='line_1_9' title="bbox 284 992 2113 1062; baseline 0.001 -13"><span class='ocrx_word' id='word_1_57' title='bbox 284 995 605 1049; x_wconf 82' lang='lat' dir='ltr'><strong>videbantur</strong></span> <span class='ocrx_word' id='word_1_58' title='bbox 651 993 707 1046; x_wconf 92' lang='lat' dir='ltr'><strong>in</strong></span> <span class='ocrx_word' id='word_1_59' title='bbox 760 992 1057 1048; x_wconf 80' lang='lat' dir='ltr'><strong>Graeciam.</strong></span> <span class='ocrx_word' id='word_1_60' title='bbox 1148 993 1224 1047; x_wconf 92' lang='lat' dir='ltr'><strong>De</strong></span> <span class='ocrx_word' id='word_1_61' title='bbox 1271 993 1445 1048; x_wconf 91' lang='lat' dir='ltr'><strong>Tullia</strong></span> <span class='ocrx_word' id='word_1_62' title='bbox 1495 1001 1678 1050; x_wconf 89' lang='lat' dir='ltr'><strong>autem</strong></span> <span class='ocrx_word' id='word_1_63' title='bbox 1729 1003 1782 1050; x_wconf 92' lang='lat' dir='ltr'><strong>et</strong></span> <span class='ocrx_word' id='word_1_64' title='bbox 1835 998 2113 1062; x_wconf 86' lang='lat' dir='ltr'><strong>Terentia,</strong></span> 
     </span>
     <span class='ocr_line' id='line_1_10' title="bbox 285 1092 2115 1169; baseline 0.001 -18"><span class='ocrx_word' id='word_1_65' title='bbox 285 1112 455 1169; x_wconf 85' lang='lat' dir='ltr'><strong>quum</strong></span> <span class='ocrx_word' id='word_1_66' title='bbox 506 1094 641 1151; x_wconf 88' lang='lat' dir='ltr'><strong>mihi</strong></span> <span class='ocrx_word' id='word_1_67' title='bbox 680 1092 1030 1148; x_wconf 87' lang='lat' dir='ltr'><strong>barbarorum</strong></span> <span class='ocrx_word' id='word_1_68' title='bbox 1075 1092 1338 1149; x_wconf 83' lang='lat' dir='ltr'><strong>adventus</strong></span> <span class='ocrx_word' id='word_1_69' title='bbox 1369 1095 1793 1167; x_wconf 89' lang='lat' dir='ltr'><strong>proponebatur,</strong></span> <span class='ocrx_word' id='word_1_70' title='bbox 1831 1099 2012 1152; x_wconf 90' lang='lat' dir='ltr'><strong>omnia</strong></span> <span class='ocrx_word' id='word_1_71' title='bbox 2049 1099 2115 1152; x_wconf 91' lang='lat' dir='ltr'><strong>ti·</strong></span> 
     </span>
     <span class='ocr_line' id='line_1_11' title="bbox 283 1193 2116 1270; baseline -0.001 -17"><span class='ocrx_word' id='word_1_72' title='bbox 283 1198 523 1258; x_wconf 80' lang='lat' dir='ltr'><strong>mebam3</strong></span> <span class='ocrx_word' id='word_1_73' title='bbox 555 1211 724 1267; x_wconf 85' lang='lat' dir='ltr'><strong>quum</strong></span> <span class='ocrx_word' id='word_1_74' title='bbox 758 1199 939 1249; x_wconf 89' lang='lat' dir='ltr'><strong>autem</strong></span> <span class='ocrx_word' id='word_1_75' title='bbox 973 1193 1270 1249; x_wconf 88' lang='lat' dir='ltr'><strong>Dolabellae</strong></span> <span class='ocrx_word' id='word_1_76' title='bbox 1302 1194 1550 1250; x_wconf 88' lang='lat' dir='ltr'><strong>veniebat</strong></span> <span class='ocrx_word' id='word_1_77' title='bbox 1575 1196 1631 1250; x_wconf 90' lang='lat' dir='ltr'><strong>in</strong></span> <span class='ocrx_word' id='word_1_78' title='bbox 1663 1203 1930 1262; x_wconf 86' lang='lat' dir='ltr'><strong>mentem,</strong></span> <span class='ocrx_word' id='word_1_79' title='bbox 1969 1197 2116 1270; x_wconf 89' lang='lat' dir='ltr'><strong>paul-</strong></span> 
     </span>
     <span class='ocr_line' id='line_1_12' title="bbox 286 1294 2118 1370; baseline 0.002 -18"><span class='ocrx_word' id='word_1_80' title='bbox 286 1299 401 1354; x_wconf 92' lang='lat' dir='ltr'><strong>lum</strong></span> <span class='ocrx_word' id='word_1_81' title='bbox 452 1295 780 1370; x_wconf 83' lang='lat' dir='ltr'><strong>respirabam</strong></span> <span class='ocrx_word' id='word_1_82' title='bbox 802 1338 817 1360; x_wconf 88' lang='lat'><strong>,</strong></span> <span class='ocrx_word' id='word_1_83' title='bbox 870 1294 1010 1367; x_wconf 87' lang='lat' dir='ltr'><strong>quod</strong></span> <span class='ocrx_word' id='word_1_84' title='bbox 1059 1294 1324 1351; x_wconf 87' lang='lat' dir='ltr'><strong>Dolabella</strong></span> <span class='ocrx_word' id='word_1_85' title='bbox 1372 1302 1555 1352; x_wconf 90' lang='lat' dir='ltr'><strong>noster</strong></span> <span class='ocrx_word' id='word_1_86' title='bbox 1574 1302 1597 1335; x_wconf 77' lang='lat'>⁴</span> <span class='ocrx_word' id='word_1_87' title='bbox 1649 1297 1790 1370; x_wconf 85' lang='lat' dir='ltr'><strong>apud</strong></span> <span class='ocrx_word' id='word_1_88' title='bbox 1837 1298 2118 1357; x_wconf 86' lang='lat' dir='ltr'><strong>Caesarem</strong></span> 
     </span>
     <span class='ocr_line' id='line_1_13' title="bbox 287 1407 419 1456; baseline -0.008 0"><span class='ocrx_word' id='word_1_89' title='bbox 287 1407 419 1456; x_wconf 91' lang='lat' dir='ltr'><strong>erat.</strong></span> 
     </span>
    </p>
   </div>
   <div class='ocr_carea' id='block_1_4' title="bbox 286 1597 2190 3181">
    <p class='ocr_par' dir='ltr' id='par_1_4' title="bbox 286 1597 2190 3181">
     <span class='ocr_line' id='line_1_14' title="bbox 360 1597 2120 1671; baseline -0.002 -13"><span class='ocrx_word' id='word_1_90' title='bbox 360 1603 449 1658; x_wconf 91' lang='lat' dir='ltr'><strong>IX.</strong></span> <span class='ocrx_word' id='word_1_91' title='bbox 531 1605 618 1656; x_wconf 72' lang='lat'><strong>20.</strong></span> <span class='ocrx_word' id='word_1_92' title='bbox 656 1600 921 1654; x_wconf 82' lang='lat' dir='ltr'><strong>Interim⁵</strong></span> <span class='ocrx_word' id='word_1_93' title='bbox 975 1598 1259 1653; x_wconf 79' lang='lat' dir='ltr'><strong>Trebatius</strong></span> <span class='ocrx_word' id='word_1_94' title='bbox 1292 1597 1512 1670; x_wconf 89' lang='lat' dir='ltr'><strong>quidem</strong></span> <span class='ocrx_word' id='word_1_95' title='bbox 1551 1600 1769 1671; x_wconf 84' lang='lat' dir='ltr'><strong>scripsit</strong></span> <span class='ocrx_word' id='word_1_96' title='bbox 1815 1616 1873 1655; x_wconf 90' lang='lat' dir='ltr'><strong>se</strong></span> <span class='ocrx_word' id='word_1_97' title='bbox 1917 1600 1991 1655; x_wconf 72' lang='lat' dir='ltr'><strong>ab·</strong></span> <span class='ocrx_word' id='word_1_98' title='bbox 2029 1601 2120 1657; x_wconf 90' lang='lat' dir='ltr'><strong>illo</strong></span> 
     </span>
     <span class='ocr_line' id='line_1_15' title="bbox 286 1699 2121 1771; baseline -0.001 -13"><span class='ocrx_word' id='word_1_99' title='bbox 286 1721 356 1758; x_wconf 76' lang='lat' dir='ltr'><strong>ix.</strong></span> <span class='ocrx_word' id='word_1_100' title='bbox 380 1701 496 1759; x_wconf 88' lang='lat' dir='ltr'><strong>Kal.</strong></span> <span class='ocrx_word' id='word_1_101' title='bbox 535 1700 692 1756; x_wconf 87' lang='lat' dir='ltr'><strong>Febr.</strong></span> <span class='ocrx_word' id='word_1_102' title='bbox 726 1708 976 1771; x_wconf 84' lang='lat' dir='ltr'><strong>rogatum</strong></span> <span class='ocrx_word' id='word_1_103' title='bbox 1015 1715 1161 1764; x_wconf 89' lang='lat' dir='ltr'><strong>esse,</strong></span> <span class='ocrx_word' id='word_1_104' title='bbox 1200 1706 1262 1755; x_wconf 89' lang='lat' dir='ltr'><strong>ut</strong></span> <span class='ocrx_word' id='word_1_105' title='bbox 1301 1699 1562 1755; x_wconf 87' lang='lat' dir='ltr'><strong>scriberet</strong></span> <span class='ocrx_word' id='word_1_106' title='bbox 1595 1699 1662 1754; x_wconf 90' lang='lat' dir='ltr'><strong>ad</strong></span> <span class='ocrx_word' id='word_1_107' title='bbox 1701 1716 1788 1756; x_wconf 90' lang='lat' dir='ltr'><strong>me</strong></span> <span class='ocrx_word' id='word_1_108' title='bbox 1809 1742 1822 1764; x_wconf 93' lang='lat'><strong><em>‚</em></strong></span> <span class='ocrx_word' id='word_1_109' title='bbox 1861 1709 1919 1755; x_wconf 79' lang='lat' dir='ltr'><strong>ut</strong></span> <span class='ocrx_word' id='word_1_110' title='bbox 1957 1719 2121 1757; x_wconf 84' lang='lat' dir='ltr'><strong>essem</strong></span> 
     </span>
     <span class='ocr_line' id='line_1_16' title="bbox 287 1800 2119 1873; baseline -0.001 -14"><span class='ocrx_word' id='word_1_111' title='bbox 287 1805 356 1860; x_wconf 78' lang='lat' dir='ltr'><strong>ad</strong></span> <span class='ocrx_word' id='word_1_112' title='bbox 402 1803 624 1864; x_wconf 85' lang='lat' dir='ltr'><strong>Urbem,·</strong></span> <span class='ocrx_word' id='word_1_113' title='bbox 677 1801 814 1855; x_wconf 73' lang='lat' dir='ltr'><strong>nihil</strong></span> <span class='ocrx_word' id='word_1_114' title='bbox 852 1802 900 1856; x_wconf 81' lang='lat' dir='ltr'><strong>ei</strong></span> <span class='ocrx_word' id='word_1_115' title='bbox 950 1817 1034 1855; x_wconf 83' lang='lat' dir='ltr'><strong>me</strong></span> <span class='ocrx_word' id='word_1_116' title='bbox 1071 1801 1274 1873; x_wconf 72' lang='lat' dir='ltr'><strong>yralius</strong></span> <span class='ocrx_word' id='word_1_117' title='bbox 1323 1804 1498 1873; x_wconf 80' lang='lat' dir='ltr'><strong>facere</strong></span> <span class='ocrx_word' id='word_1_118' title='bbox 1548 1818 1718 1872; x_wconf 81' lang='lat' dir='ltr'><strong>posse.</strong></span> <span class='ocrx_word' id='word_1_119' title='bbox 1811 1800 1955 1859; x_wconf 87' lang='lat' dir='ltr'><strong>Haec</strong></span> <span class='ocrx_word' id='word_1_120' title='bbox 2004 1818 2119 1858; x_wconf 86' lang='lat' dir='ltr'><strong>ver·</strong></span> 
     </span>
     <span class='ocr_line' id='line_1_17' title="bbox 287 1901 2119 1977; baseline -0.001 -16"><span class='ocrx_word' id='word_1_121' title='bbox 287 1906 371 1962; x_wconf 86' lang='lat' dir='ltr'><strong>bis</strong></span> <span class='ocrx_word' id='word_1_122' title='bbox 422 1903 688 1977; x_wconf 89' lang='lat' dir='ltr'><strong>plurimis.</strong></span> <span class='ocrx_word' id='word_1_123' title='bbox 786 1902 1030 1958; x_wconf 86' lang='lat' dir='ltr'><strong>Intellexi</strong></span> <span class='ocrx_word' id='word_1_124' title='bbox 1076 1911 1146 1958; x_wconf 71' lang='lat' dir='ltr'><strong>&#39;ex</strong></span> <span class='ocrx_word' id='word_1_125' title='bbox 1205 1901 1418 1957; x_wconf 88' lang='lat' dir='ltr'><strong>dierum</strong></span> <span class='ocrx_word' id='word_1_126' title='bbox 1474 1903 1682 1958; x_wconf 87' lang='lat' dir='ltr'><strong>ratione</strong></span> <span class='ocrx_word' id='word_1_127' title='bbox 1702 1947 1716 1967; x_wconf 91' lang='lat'><strong>,</strong></span> <span class='ocrx_word' id='word_1_128' title='bbox 1770 1909 1830 1958; x_wconf 89' lang='lat' dir='ltr'><strong>ut</strong></span> <span class='ocrx_word' id='word_1_129' title='bbox 1882 1905 2119 1976; x_wconf 87' lang='lat' dir='ltr'><strong>primum</strong></span> 
     </span>
     <span class='ocr_line' id='line_1_18' title="bbox 288 2001 2120 2077; baseline -0.001 -17"><span class='ocrx_word' id='word_1_130' title='bbox 288 2006 355 2060; x_wconf 87' lang='lat' dir='ltr'><strong>de</strong></span> <span class='ocrx_word' id='word_1_131' title='bbox 405 2005 647 2060; x_wconf 85' lang='lat' dir='ltr'><strong>discessu</strong></span> <span class='ocrx_word' id='word_1_132' title='bbox 686 2009 869 2058; x_wconf 89' lang='lat' dir='ltr'><strong>nostro</strong></span> <span class='ocrx_word' id='word_1_133' title='bbox 912 2002 1106 2057; x_wconf 87' lang='lat' dir='ltr'><strong>Caesar</strong></span> <span class='ocrx_word' id='word_1_134' title='bbox 1144 2001 1411 2067; x_wconf 89' lang='lat' dir='ltr'><strong>audisset,</strong></span> <span class='ocrx_word' id='word_1_135' title='bbox 1468 2001 1710 2058; x_wconf 88' lang='lat' dir='ltr'><strong>laborare</strong></span> <span class='ocrx_word' id='word_1_136' title='bbox 1758 2019 1883 2059; x_wconf 88' lang='lat' dir='ltr'><strong>eum</strong></span> <span class='ocrx_word' id='word_1_137' title='bbox 1922 2006 2120 2077; x_wconf 85' lang='lat' dir='ltr'><strong>eoepis-</strong></span> 
     </span>
     <span class='ocr_line' id='line_1_19' title="bbox 289 2101 2122 2176; baseline -0.001 -15"><span class='ocrx_word' id='word_1_138' title='bbox 289 2123 375 2170; x_wconf 86' lang='lat' dir='ltr'><strong>sc,</strong></span> <span class='ocrx_word' id='word_1_139' title='bbox 429 2121 496 2160; x_wconf 89' lang='lat' dir='ltr'><strong>ne</strong></span> <span class='ocrx_word' id='word_1_140' title='bbox 547 2121 732 2159; x_wconf 88' lang='lat' dir='ltr'><strong>omncs</strong></span> <span class='ocrx_word' id='word_1_141' title='bbox 783 2103 1110 2158; x_wconf 80' lang='lat' dir='ltr'><strong>abessemuS.</strong></span> <span class='ocrx_word' id='word_1_142' title='bbox 1195 2102 1383 2174; x_wconf 89' lang='lat' dir='ltr'><strong>Itaque</strong></span> <span class='ocrx_word' id='word_1_143' title='bbox 1433 2118 1539 2157; x_wconf 88' lang='lat' dir='ltr'><strong>non</strong></span> <span class='ocrx_word' id='word_1_144' title='bbox 1584 2101 1932 2169; x_wconf 81' lang='lat' dir='ltr'><strong>dubitabam,</strong></span> <span class='ocrx_word' id='word_1_145' title='bbox 1991 2107 2122 2176; x_wconf 89' lang='lat' dir='ltr'><strong>quin</strong></span> 
     </span>
     <span class='ocr_line' id='line_1_20' title="bbox 290 2201 2123 2276; baseline -0.001 -15"><span class='ocrx_word' id='word_1_146' title='bbox 290 2207 357 2262; x_wconf 90' lang='lat' dir='ltr'><strong>ad</strong></span> <span class='ocrx_word' id='word_1_147' title='bbox 408 2207 684 2269; x_wconf 88' lang='lat' dir='ltr'><strong>Pisonem,</strong></span> <span class='ocrx_word' id='word_1_148' title='bbox 735 2205 867 2276; x_wconf 85' lang='lat' dir='ltr'><strong>quin</strong></span> <span class='ocrx_word' id='word_1_149' title='bbox 908 2203 976 2258; x_wconf 88' lang='lat' dir='ltr'><strong>ad</strong></span> <span class='ocrx_word' id='word_1_150' title='bbox 1017 2202 1266 2258; x_wconf 85' lang='lat' dir='ltr'><strong>Servium</strong></span> <span class='ocrx_word' id='word_1_151' title='bbox 1305 2201 1625 2274; x_wconf 87' lang='lat' dir='ltr'><strong>scripsisset.</strong></span> <span class='ocrx_word' id='word_1_152' title='bbox 1717 2202 1856 2258; x_wconf 87' lang='lat' dir='ltr'><strong>Illud</strong></span> <span class='ocrx_word' id='word_1_153' title='bbox 1893 2202 2123 2260; x_wconf 89' lang='lat' dir='ltr'><strong>admira·</strong></span> 
     </span>
     <span class='ocr_line' id='line_1_21' title="bbox 290 2302 2122 2378; baseline -0.001 -16"><span class='ocrx_word' id='word_1_154' title='bbox 290 2309 416 2371; x_wconf 88' lang='lat' dir='ltr'><strong>bar,</strong></span> <span class='ocrx_word' id='word_1_155' title='bbox 449 2324 554 2361; x_wconf 91' lang='lat' dir='ltr'><strong>non</strong></span> <span class='ocrx_word' id='word_1_156' title='bbox 590 2307 766 2378; x_wconf 90' lang='lat' dir='ltr'><strong>ipsum</strong></span> <span class='ocrx_word' id='word_1_157' title='bbox 801 2305 868 2360; x_wconf 91' lang='lat' dir='ltr'><strong>ad</strong></span> <span class='ocrx_word' id='word_1_158' title='bbox 901 2322 989 2360; x_wconf 88' lang='lat' dir='ltr'><strong>me</strong></span> <span class='ocrx_word' id='word_1_159' title='bbox 1021 2304 1332 2376; x_wconf 88' lang='lat' dir='ltr'><strong>scripsisse,</strong></span> <span class='ocrx_word' id='word_1_160' title='bbox 1365 2319 1471 2357; x_wconf 88' lang='lat' dir='ltr'><strong>non</strong></span> <span class='ocrx_word' id='word_1_161' title='bbox 1504 2318 1601 2375; x_wconf 88' lang='lat' dir='ltr'><strong>per</strong></span> <span class='ocrx_word' id='word_1_162' title='bbox 1627 2302 1978 2372; x_wconf 88' lang='lat' dir='ltr'><strong>Dolabellam,</strong></span> <span class='ocrx_word' id='word_1_163' title='bbox 2018 2323 2122 2361; x_wconf 91' lang='lat' dir='ltr'><strong>non</strong></span> 
     </span>
     <span class='ocr_line' id='line_1_22' title="bbox 293 2404 2126 2480; baseline 0.001 -19"><span class='ocrx_word' id='word_1_164' title='bbox 293 2425 390 2480; x_wconf 85' lang='lat' dir='ltr'><strong>per</strong></span> <span class='ocrx_word' id='word_1_165' title='bbox 434 2406 675 2462; x_wconf 87' lang='lat' dir='ltr'><strong>Caelium</strong></span> <span class='ocrx_word' id='word_1_166' title='bbox 721 2407 922 2477; x_wconf 87' lang='lat' dir='ltr'><strong>egisse:</strong></span> <span class='ocrx_word' id='word_1_167' title='bbox 975 2420 1305 2477; x_wconf 84' lang='lat' dir='ltr'><strong>quamquam</strong></span> <span class='ocrx_word' id='word_1_168' title='bbox 1356 2420 1462 2458; x_wconf 88' lang='lat' dir='ltr'><strong>non</strong></span> <span class='ocrx_word' id='word_1_169' title='bbox 1514 2404 1839 2476; x_wconf 87' lang='lat' dir='ltr'><strong>aspernabar</strong></span> <span class='ocrx_word' id='word_1_170' title='bbox 1890 2406 2126 2462; x_wconf 87' lang='lat' dir='ltr'><strong>Trebatii</strong></span> 
     </span>
     <span class='ocr_line' id='line_1_23' title="bbox 291 2504 2126 2583; baseline 0.001 -21"><span class='ocrx_word' id='word_1_171' title='bbox 291 2509 529 2571; x_wconf 81' lang='lat' dir='ltr'><strong>litteraS,</strong></span> <span class='ocrx_word' id='word_1_172' title='bbox 570 2523 600 2560; x_wconf 91' lang='lat' dir='ltr'><strong>a</strong></span> <span class='ocrx_word' id='word_1_173' title='bbox 639 2523 746 2577; x_wconf 83' lang='lat' dir='ltr'><strong>quo</strong></span> <span class='ocrx_word' id='word_1_174' title='bbox 779 2522 865 2559; x_wconf 94' lang='lat' dir='ltr'><strong>me</strong></span> <span class='ocrx_word' id='word_1_175' title='bbox 904 2506 1064 2559; x_wconf 89' lang='lat' dir='ltr'><strong>unice</strong></span> <span class='ocrx_word' id='word_1_176' title='bbox 1096 2505 1248 2575; x_wconf 85' lang='lat' dir='ltr'><strong>diligi</strong></span> <span class='ocrx_word' id='word_1_177' title='bbox 1282 2504 1534 2560; x_wconf 89' lang='lat' dir='ltr'><strong>sciebam.</strong></span> <span class='ocrx_word' id='word_1_178' title='bbox 1586 2508 1706 2583; x_wconf 71' lang='lat'><strong>21.</strong></span> <span class='ocrx_word' id='word_1_179' title='bbox 1748 2506 2019 2579; x_wconf 89' lang='lat' dir='ltr'><strong>Rescripsi</strong></span> <span class='ocrx_word' id='word_1_180' title='bbox 2059 2508 2126 2563; x_wconf 90' lang='lat' dir='ltr'><strong>ad</strong></span> 
     </span>
     <span class='ocr_line' id='line_1_24' title="bbox 294 2604 2124 2679; baseline 0 -16"><span class='ocrx_word' id='word_1_181' title='bbox 294 2608 636 2671; x_wconf 87' lang='lat' dir='ltr'><strong>Trebatium,</strong></span> <span class='ocrx_word' id='word_1_182' title='bbox 677 2606 824 2679; x_wconf 84' lang='lat' dir='ltr'><strong>(nam</strong></span> <span class='ocrx_word' id='word_1_183' title='bbox 865 2604 931 2659; x_wconf 88' lang='lat' dir='ltr'><strong>ad</strong></span> <span class='ocrx_word' id='word_1_184' title='bbox 971 2606 1150 2676; x_wconf 91' lang='lat' dir='ltr'><strong>ipsum</strong></span> <span class='ocrx_word' id='word_1_185' title='bbox 1183 2604 1492 2670; x_wconf 83' lang='lat' dir='ltr'><strong>Caesarem,</strong></span> <span class='ocrx_word' id='word_1_186' title='bbox 1532 2607 1625 2677; x_wconf 86' lang='lat' dir='ltr'><strong>qui</strong></span> <span class='ocrx_word' id='word_1_187' title='bbox 1659 2606 1793 2661; x_wconf 93' lang='lat' dir='ltr'><strong>mihi</strong></span> <span class='ocrx_word' id='word_1_188' title='bbox 1828 2607 1963 2662; x_wconf 91' lang='lat' dir='ltr'><strong>nihil</strong></span> <span class='ocrx_word' id='word_1_189' title='bbox 1994 2611 2124 2663; x_wconf 90' lang='lat' dir='ltr'><strong>scri-</strong></span> 
     </span>
     <span class='ocr_line' id='line_1_25' title="bbox 293 2704 2126 2782; baseline -0.001 -18"><span class='ocrx_word' id='word_1_190' title='bbox 293 2710 516 2782; x_wconf 88' lang='lat' dir='ltr'><strong>psisset,</strong></span> <span class='ocrx_word' id='word_1_191' title='bbox 564 2706 739 2778; x_wconf 89' lang='lat' dir='ltr'><strong>nolui)</strong></span> <span class='ocrx_word' id='word_1_192' title='bbox 786 2722 944 2776; x_wconf 81' lang='lat' dir='ltr'><strong>quam</strong></span> <span class='ocrx_word' id='word_1_193' title='bbox 979 2704 1119 2758; x_wconf 83' lang='lat' dir='ltr'><strong>illud</strong></span> <span class='ocrx_word' id='word_1_194' title='bbox 1158 2704 1252 2759; x_wconf 80' lang='lat' dir='ltr'><strong>hoc</strong></span> <span class='ocrx_word' id='word_1_195' title='bbox 1295 2713 1522 2777; x_wconf 81' lang='lat' dir='ltr'><strong>tempore</strong></span> <span class='ocrx_word' id='word_1_196' title='bbox 1565 2715 1698 2761; x_wconf 80' lang='lat' dir='ltr'><strong>esset</strong></span> <span class='ocrx_word' id='word_1_197' title='bbox 1747 2706 1990 2778; x_wconf 78' lang='lat' dir='ltr'><strong>difficilc;</strong></span> <span class='ocrx_word' id='word_1_198' title='bbox 2043 2726 2126 2763; x_wconf 84' lang='lat' dir='ltr'><strong>mc</strong></span> 
     </span>
     <span class='ocr_line' id='line_1_26' title="bbox 295 2805 2127 2881; baseline -0.001 -16"><span class='ocrx_word' id='word_1_199' title='bbox 295 2820 467 2865; x_wconf 76' lang='lat' dir='ltr'><strong>lamen</strong></span> <span class='ocrx_word' id='word_1_200' title='bbox 510 2809 567 2861; x_wconf 77' lang='lat' dir='ltr'><strong>in</strong></span> <span class='ocrx_word' id='word_1_201' title='bbox 600 2806 834 2878; x_wconf 80' lang='lat' dir='ltr'><strong>praediis</strong></span> <span class='ocrx_word' id='word_1_202' title='bbox 865 2806 996 2859; x_wconf 74' lang='lat' dir='ltr'><strong>meis</strong></span> <span class='ocrx_word' id='word_1_203' title='bbox 1035 2823 1181 2862; x_wconf 78' lang='lat' dir='ltr'><strong>esse:</strong></span> <span class='ocrx_word' id='word_1_204' title='bbox 1223 2823 1388 2877; x_wconf 78' lang='lat' dir='ltr'><strong>neque</strong></span> <span class='ocrx_word' id='word_1_205' title='bbox 1425 2805 1681 2860; x_wconf 76' lang='lat' dir='ltr'><strong>delectum</strong></span> <span class='ocrx_word' id='word_1_206' title='bbox 1717 2806 1925 2872; x_wconf 82' lang='lat' dir='ltr'><strong>ullum,</strong></span> <span class='ocrx_word' id='word_1_207' title='bbox 1963 2827 2127 2881; x_wconf 69' lang='lat' dir='ltr'><strong>‘neque</strong></span> 
     </span>
     <span class='ocr_line' id='line_1_27' title="bbox 294 2906 2190 2982; baseline -0.001 -17"><span class='ocrx_word' id='word_1_208' title='bbox 294 2911 555 2982; x_wconf 73' lang='lat' dir='ltr'><strong>neqotium</strong></span> <span class='ocrx_word' id='word_1_209' title='bbox 607 2908 906 2978; x_wconf 78' lang='lat' dir='ltr'><strong>suscepisse.</strong></span> <span class='ocrx_word' id='word_1_210' title='bbox 1002 2906 1157 2976; x_wconf 70' lang='lat' dir='ltr'><strong>Ego¹3</strong></span> <span class='ocrx_word' id='word_1_211' title='bbox 1207 2907 1353 2960; x_wconf 88' lang='lat' dir='ltr'><strong>enim</strong></span> <span class='ocrx_word' id='word_1_212' title='bbox 1413 2906 1588 2962; x_wconf 87' lang='lat' dir='ltr'><strong>adhuc</strong></span> <span class='ocrx_word' id='word_1_213' title='bbox 1647 2924 1770 2962; x_wconf 82' lang='lat' dir='ltr'><strong>orae</strong></span> <span class='ocrx_word' id='word_1_214' title='bbox 1821 2910 2125 2964; x_wconf 84' lang='lat' dir='ltr'><strong>maritimae</strong></span> <span class='ocrx_word' id='word_1_215' title='bbox 2186 2928 2190 2931; x_wconf 93' lang='lat'>·</span> 
     </span>
     <span class='ocr_line' id='line_1_28' title="bbox 299 3002 2126 3089; baseline -0.001 -23"><span class='ocrx_word' id='word_1_216' title='bbox 299 3027 575 3083; x_wconf 89' lang='lat' dir='ltr'><strong>praeeram</strong></span> <span class='ocrx_word' id='word_1_217' title='bbox 628 3026 659 3063; x_wconf 90' lang='lat' dir='ltr'><strong>a</strong></span> <span class='ocrx_word' id='word_1_218' title='bbox 710 3007 957 3062; x_wconf 85' lang='lat' dir='ltr'><strong>Formiis.</strong></span> <span class='ocrx_word' id='word_1_219' title='bbox 1056 3002 1272 3060; x_wconf 91' lang='lat' dir='ltr'><strong>Nullum</strong></span> <span class='ocrx_word' id='word_1_220' title='bbox 1319 3007 1496 3089; x_wconf 88' lang='lat' dir='ltr'><strong>maius</strong></span> <span class='ocrx_word' id='word_1_221' title='bbox 1534 3008 1808 3078; x_wconf 87' lang='lat' dir='ltr'><strong>negotium</strong></span> <span class='ocrx_word' id='word_1_222' title='bbox 1856 3010 2126 3082; x_wconf 88' lang='lat' dir='ltr'><strong>suscipere</strong></span> 
     </span>
     <span class='ocr_line' id='line_1_29' title="bbox 299 3105 2124 3181; baseline -0.002 -14"><span class='ocrx_word' id='word_1_223' title='bbox 299 3112 596 3174; x_wconf 87' lang='lat' dir='ltr'><strong>volueram,</strong></span> <span class='ocrx_word' id='word_1_224' title='bbox 636 3126 742 3180; x_wconf 86' lang='lat' dir='ltr'><strong>quo</strong></span> <span class='ocrx_word' id='word_1_225' title='bbox 769 3108 888 3181; x_wconf 87' lang='lat' dir='ltr'><strong>plus</strong></span> <span class='ocrx_word' id='word_1_226' title='bbox 928 3105 1068 3178; x_wconf 90' lang='lat' dir='ltr'><strong>apud</strong></span> <span class='ocrx_word' id='word_1_227' title='bbox 1102 3106 1253 3161; x_wconf 91' lang='lat' dir='ltr'><strong>illum</strong></span> <span class='ocrx_word' id='word_1_228' title='bbox 1288 3123 1437 3162; x_wconf 91' lang='lat' dir='ltr'><strong>meae</strong></span> <span class='ocrx_word' id='word_1_229' title='bbox 1469 3106 1680 3162; x_wconf 90' lang='lat' dir='ltr'><strong>litterae</strong></span> <span class='ocrx_word' id='word_1_230' title='bbox 1713 3107 2124 3164; x_wconf 89' lang='lat' dir='ltr'><strong>cohortationes-</strong></span> 
     </span>
    </p>
   </div>
   <div class='ocr_carea' id='block_1_5' title="bbox 307 3287 518 3299">
    <p class='ocr_par' dir='ltr' id='par_1_5' title="bbox 307 3287 518 3299">
     <span class='ocr_line' id='line_1_30' title="bbox 307 3287 518 3299; baseline 0 671"><span class='ocrx_word' id='word_1_231' title='bbox 307 3287 518 3299; x_wconf 95' lang='lat' dir='ltr'><strong> </strong></span> 
     </span>
    </p>
   </div>
   <div class='ocr_carea' id='block_1_6' title="bbox 307 3401 2125 3620">
    <p class='ocr_par' dir='ltr' id='par_1_6' title="bbox 307 3401 2125 3620">
     <span class='ocr_line' id='line_1_31' title="bbox 366 3401 2123 3464; baseline 0 -15"><span class='ocrx_word' id='word_1_232' title='bbox 366 3409 404 3464; x_wconf 77' lang='grc'><strong>1)</strong></span> <span class='ocrx_word' id='word_1_233' title='bbox 435 3405 486 3450; x_wconf 73' lang='lat' dir='ltr'><strong>aa</strong></span> <span class='ocrx_word' id='word_1_234' title='bbox 522 3409 610 3449; x_wconf 63' lang='grc' dir='ltr'><strong>Λα.</strong></span> <span class='ocrx_word' id='word_1_235' title='bbox 630 3407 723 3449; x_wconf 84' lang='lat' dir='ltr'><strong>vn.</strong></span> <span class='ocrx_word' id='word_1_236' title='bbox 756 3407 823 3447; x_wconf 82' lang='grc'><strong>13.</strong></span> <span class='ocrx_word' id='word_1_237' title='bbox 846 3420 884 3449; x_wconf 76' lang='lat' dir='ltr'><strong>a.</strong></span> <span class='ocrx_word' id='word_1_238' title='bbox 918 3406 1003 3461; x_wconf 69' lang='lat'><strong>52.</strong></span> <span class='ocrx_word' id='word_1_239' title='bbox 1037 3431 1094 3436; x_wconf 92' lang='lat'><strong>—</strong></span> <span class='ocrx_word' id='word_1_240' title='bbox 1129 3407 1169 3463; x_wconf 71' lang='grc'><strong>2)</strong></span> <span class='ocrx_word' id='word_1_241' title='bbox 1204 3402 1432 3448; x_wconf 75' lang='lat' dir='ltr'><strong>1bid.V11.</strong></span> <span class='ocrx_word' id='word_1_242' title='bbox 1469 3405 1631 3448; x_wconf 82' lang='lat'><strong>19..-—-</strong></span> <span class='ocrx_word' id='word_1_243' title='bbox 1665 3404 1704 3461; x_wconf 82' lang='grc'><strong>5)</strong></span> <span class='ocrx_word' id='word_1_244' title='bbox 1742 3401 1847 3447; x_wconf 78' lang='lat' dir='ltr'><strong>ibid.</strong></span> <span class='ocrx_word' id='word_1_245' title='bbox 1874 3406 1964 3449; x_wconf 85' lang='lat' dir='ltr'><strong>vn.</strong></span> <span class='ocrx_word' id='word_1_246' title='bbox 2000 3408 2068 3449; x_wconf 85' lang='lat'><strong>13.</strong></span> <span class='ocrx_word' id='word_1_247' title='bbox 2087 3421 2123 3450; x_wconf 77' lang='lat' dir='ltr'><strong>a.</strong></span> 
     </span>
     <span class='ocr_line' id='line_1_32' title="bbox 307 3481 2125 3543; baseline -0.001 -16"><span class='ocrx_word' id='word_1_248' title='bbox 307 3486 392 3542; x_wconf 79' lang='lat'><strong>§3.</strong></span> <span class='ocrx_word' id='word_1_249' title='bbox 425 3510 484 3517; x_wconf 92' lang='lat'><strong>—</strong></span> <span class='ocrx_word' id='word_1_250' title='bbox 516 3484 557 3536; x_wconf 80' lang='lat'><strong>4)</strong></span> <span class='ocrx_word' id='word_1_251' title='bbox 582 3483 719 3543; x_wconf 78' lang='lat' dir='ltr'><strong>Epist.</strong></span> <span class='ocrx_word' id='word_1_252' title='bbox 737 3482 789 3525; x_wconf 85' lang='lat' dir='ltr'><strong>ad</strong></span> <span class='ocrx_word' id='word_1_253' title='bbox 821 3481 1021 3527; x_wconf 86' lang='lat' dir='ltr'><strong>Tironem</strong></span> <span class='ocrx_word' id='word_1_254' title='bbox 1047 3481 1121 3539; x_wconf 85' lang='lat' dir='ltr'><strong>(ad</strong></span> <span class='ocrx_word' id='word_1_255' title='bbox 1147 3484 1264 3528; x_wconf 75' lang='lat' dir='ltr'><strong>Fam.</strong></span> <span class='ocrx_word' id='word_1_256' title='bbox 1292 3485 1404 3526; x_wconf 91' lang='lat' dir='ltr'><strong>XVl.</strong></span> <span class='ocrx_word' id='word_1_257' title='bbox 1431 3483 1502 3524; x_wconf 84' lang='lat'><strong>12.</strong></span> <span class='ocrx_word' id='word_1_258' title='bbox 1534 3482 1643 3538; x_wconf 47' lang='lat'><strong>§50</strong></span> <span class='ocrx_word' id='word_1_259' title='bbox 1674 3508 1732 3513; x_wconf 86' lang='lat'>-</span> <span class='ocrx_word' id='word_1_260' title='bbox 1766 3484 1805 3540; x_wconf 76' lang='lat'><strong>⁵)</strong></span> <span class='ocrx_word' id='word_1_261' title='bbox 1839 3481 1891 3527; x_wconf 80' lang='lat' dir='ltr'><strong>ad</strong></span> <span class='ocrx_word' id='word_1_262' title='bbox 1918 3487 2009 3527; x_wconf 79' lang='lat' dir='ltr'><strong>Att.</strong></span> <span class='ocrx_word' id='word_1_263' title='bbox 2032 3484 2125 3527; x_wconf 83' lang='lat' dir='ltr'><strong>Vll.</strong></span> 
     </span>
     <span class='ocr_line' id='line_1_33' title="bbox 308 3558 1740 3620; baseline -0.003 -13"><span class='ocrx_word' id='word_1_264' title='bbox 308 3567 377 3607; x_wconf 86' lang='lat'><strong>17.</strong></span> <span class='ocrx_word' id='word_1_265' title='bbox 412 3564 497 3619; x_wconf 82' lang='lat'><strong>§3.</strong></span> <span class='ocrx_word' id='word_1_266' title='bbox 532 3587 590 3594; x_wconf 89' lang='lat'>—</span> <span class='ocrx_word' id='word_1_267' title='bbox 624 3563 662 3617; x_wconf 81' lang='grc'><strong>6)</strong></span> <span class='ocrx_word' id='word_1_268' title='bbox 697 3559 827 3620; x_wconf 81' lang='lat' dir='ltr'><strong>Epist.</strong></span> <span class='ocrx_word' id='word_1_269' title='bbox 851 3558 905 3604; x_wconf 82' lang='lat' dir='ltr'><strong>ad</strong></span> <span class='ocrx_word' id='word_1_270' title='bbox 939 3559 1138 3605; x_wconf 78' lang='lat' dir='ltr'><strong>Tironem</strong></span> <span class='ocrx_word' id='word_1_271' title='bbox 1173 3559 1244 3617; x_wconf 89' lang='lat' dir='ltr'><strong>(ad</strong></span> <span class='ocrx_word' id='word_1_272' title='bbox 1282 3563 1396 3604; x_wconf 80' lang='lat' dir='ltr'><strong>Fam.</strong></span> <span class='ocrx_word' id='word_1_273' title='bbox 1427 3561 1535 3604; x_wconf 87' lang='lat' dir='ltr'><strong>XVI.</strong></span> <span class='ocrx_word' id='word_1_274' title='bbox 1571 3561 1641 3604; x_wconf 82' lang='lat'><strong>12.</strong></span> <span class='ocrx_word' id='word_1_275' title='bbox 1678 3561 1740 3617; x_wconf 85' lang='lat'><strong>5.)</strong></span> 
     </span>
    </p>
   </div>
  </div>
 </body>
</html>
