2210 3970
828 207 1032 247 Annus
1076 207 1124 246 υ.
1163 208 1211 245 e.
1253 195 1379 246 691.
1909 197 2013 248 611

183 343 458 399 quaestuosa
489 338 766 382 concursatio
798 337 1102 383 decemviralis
1122 336 1296 396 sutura
1325 338 1389 382 eit
1406 369 1421 393 ‚
1453 351 1538 381 non
1569 335 1730 382 videtis
1747 338 1775 380 ?
1841 338 2020 381 Heredi-

185 421 332 459 tatum
362 414 655 460 obeundarum
686 430 877 471 caussa,
910 414 1072 476 quibus
1105 431 1183 460 νοε
1215 415 1457 476 quationee
1487 413 1702 471 dedistis,
1738 414 1818 475 qui
1849 421 1893 457 et
1918 415 2014 474 pri-

181 494 280 537 vati
320 500 364 538 et
400 493 628 555 privatum
666 492 727 536 ad
765 493 989 553 negotium
1027 492 1260 549 exierunt,
1302 507 1390 536 non
1429 492 1640 535 maximis
1675 490 1834 552 opibus
1875 506 2015 551 neque

179 586 353 616 summa
377 572 646 616 auctoritate
664 569 886 630 praediti,
920 577 1065 615 tamen
1087 569 1260 615 auditis
1270 569 1500 630 profecta,
1532 584 1662 629 quam
1683 583 1842 630 graves
1868 583 2016 613 eorum

182 647 398 695 adventus
414 648 564 705 ‚sociis
594 648 756 692 vestris
788 662 883 691 esee
915 646 1099 694 soleant.

257 765 318 840 (⁶)
363 765 538 834 Quum
589 765 735 839 plebs
776 765 841 820 ad
882 781 1035 822 suam
1076 764 1425 837 ignominiam
1465 765 1735 837 pertinere
1771 773 2015 821 censeret

172 865 344 936 legem
370 865 684 922 theatralem
708 884 738 921 a
769 867 958 922 Roscio
990 865 1152 920 latam
1181 881 1229 920 a.
1252 867 1407 929 687.,
1446 880 1509 920 ea
1536 871 1810 920 auctorem
1843 865 2014 920 sibilis

159 966 228 1030 sin
256 964 467 1021 theatro
503 973 807 1022 consectata
839 973 948 1031 est,
989 982 1155 1037 quum
1188 965 1395 1038 equites
1422 971 1609 1020 contra
1636 965 1787 1020 illum
1821 966 2013 1039 plausu

173 1075 514 1141 exceperunt.
574 1066 791 1122 Sublato
819 1065 1010 1122 deinde
1037 1066 1240 1121 maiore
1273 1063 1399 1120 hinc
1426 1064 1609 1130 sibilo,
1642 1064 1766 1121 inde
1791 1066 2010 1139 plausu,

175 1166 442 1223 tumultus
481 1174 593 1223 tota
623 1183 783 1224 cavea
821 1173 1142 1222 consecutus
1181 1170 1279 1221 est.
1360 1163 1476 1232 Quo
1510 1164 1693 1237 audito
1733 1167 1919 1222 consul
1954 1168 2008 1224 in

170 1266 444 1323 theatrum
484 1269 628 1324 venit
667 1267 1053 1340 et-populum,
1094 1267 1148 1319 in
1189 1263 1374 1320 aedem
1413 1264 1657 1321 Bellonae
1696 1274 2007 1333 evocatum,

171 1366 606 1440 reprehendendo
653 1374 703 1422 et
746 1365 1080 1421 admonendo
1133 1365 1436 1436 castigavit.
1520 1364 1635 1432 Qua
1674 1367 1899 1422 oratione
1937 1368 2009 1422 es-

170 1466 368 1524 fectum
411 1474 521 1534 est,
569 1473 630 1522 ut
670 1465 817 1542 plebs
859 1465 1123 1536 ignoverit
1164 1464 1373 1519 auctori
1415 1462 1566 1535 legis.
1619 1481 1691 1521 ιιι.
1732 1482 1782 1522 c.
1823 1470 1871 1520 7.
1916 1471 2012 1523 21.

169 1586 216 1624 c.
242 1573 332 1625 55.
379 1573 499 1625 115.

226 1667 392 1716 Plinius
417 1671 469 1714 Η.
487 1670 534 1713 Ν.
553 1680 638 1713 vu.
671 1683 709 1714 c.
728 1670 802 1713 30.
829 1669 949 1727 (31.)
986 1670 1041 1711 Te
1067 1667 1147 1725 (M.
1181 1665 1321 1726 Tulli)
1349 1664 1585 1721 madente,
1617 1667 1775 1711 Roscio
1805 1667 2006 1714 theou-a-

163 1745 226 1790 tie
267 1745 441 1790 auctori
482 1744 596 1808 legis
638 1746 900 1808 ignoverunt
942 1745 1156 1804 (tribuo),
1201 1751 1466 1805 notatasque
1508 1758 1556 1787 ee
1596 1743 1851 1790 discrimine
1881 1746 2003 1792 sedit

161 1837 302 1886 aequo
333 1822 482 1869 animo
509 1822 722 1869 tulerunt.
787 1822 1007 1868 Plutarch.
1042 1824 1125 1869 Cic.
1158 1840 1195 1870 c.
1225 1828 1298 1870 13.
1334 1827 1374 1868 1.
1408 1827 1597 1886 Δεῖγμα
1627 1820 1681 1869 δέ
1717 1822 1873 1870 αὐτοῦ
1916 1827 2000 1882 τῆς

164 1904 276 1965 περὶ
311 1900 395 1948 τόν
426 1902 573 1966 λόγον
599 1901 801 1963 χάριτος
835 1904 917 1946 καὶ
948 1901 1004 1948 τὸ
1039 1903 1150 1964 περὶ
1184 1902 1269 1955 τᾶς
1295 1900 1419 1955 θέας
1450 1901 1503 1948 ἓν
1538 1906 1594 1963 τῇ
1624 1902 1831 1965 ὑπατείᾳ
1858 1906 2000 1968 γενό-

160 1996 315 2042 μενον.
381 1981 487 2027 Τῶν
515 1982 606 2046 γὰρ
635 1981 848 2029 ἱππικῶν
875 1981 1110 2044 πρότερον
1140 1980 1194 2027 ἐν
1216 1990 1321 2035 τοῖς
1343 1984 1577 2046 θεάτροις
1606 1982 1999 2048 ἀναμεμιγμένων

163 2066 268 2113 τοϊς
310 2061 510 2114 πολλοῖς
559 2065 642 2107 καὶ
677 2062 797 2122 μετὰ
834 2064 922 2107 τοῦ
967 2059 1121 2120 δήμου
1164 2060 1449 2121 θεωμένων,
1495 2061 1560 2115 ὡς
1603 2060 1766 2120 ἔτυχε,
1811 2061 2000 2124 πρῶτος

161 2136 402 2201 διέκρινεν
444 2138 526 2186 ε’πὶ
561 2144 676 2202 τιμῇ
717 2141 836 2192 τούς
871 2137 1046 2192 ἱππέας
1086 2137 1182 2185 οἷπὸ
1223 2140 1316 2185 τῶν
1349 2138 1510 2186 ἄλλων
1541 2142 1753 2188 πολιτῶν
1794 2144 1996 2205 Μάρκος

157 2220 326 2266 ’Όθων
351 2221 630 2284 στρατηγῶν
657 2221 739 2266 καὶ
767 2218 1010 2280 διένειμεν
1038 2217 1171 2264 ἰδίαν
1199 2215 1407 2272 ἒκείνοις
1430 2219 1579 2275 θέαν,
1612 2219 1668 2279 ἢν
1699 2220 1773 2267 ἔτι
1800 2224 1882 2268 καὶ
1908 2225 1998 2268 νῦν

158 2296 404 2362 ἐξαίρετον
439 2297 624 2358 ἔχουσι.
689 2302 848 2346 Τοῦτο
880 2299 1002 2361 πρὸς
1030 2297 1231 2359 ἀτιμίας
1258 2298 1286 2344 ό
1313 2298 1463 2359 δῆμος
1495 2298 1659 2361 ἔλαβε,
1695 2305 1778 2348 καὶ
1813 2301 1994 2360 φανέν-

159 2395 241 2432 τος
274 2377 326 2425 ἐν
351 2380 546 2442 θεάτρῳ
573 2382 660 2426 τοῦ
688 2381 910 2431 ’Όθωνος
929 2376 1199 2441 ἐφυβρίζων
1226 2376 1508 2441 ἐσύριττεν,
1543 2379 1591 2424 οἱ
1619 2378 1663 2424 δ’
1689 2381 1854 2433 ἱππεῖς
1880 2379 1990 2427 ὑπέ-

159 2457 308 2520 λαβον
337 2459 495 2523 κρότῳ
531 2459 618 2506 τὸν
651 2457 803 2521 ἄνδρα
835 2457 1076 2520 λαμπρῶς.
1137 2451 1308 2510 Αὖθις
1334 2456 1389 2504 δὲ
1424 2456 1452 2503 ό
1479 2457 1629 2517 δῆμος
1655 2457 1871 2506 ἐπέτεινε
1905 2460 1989 2507 τὸν

152 2537 416 2603 συριγμὸν,
446 2533 539 2586 εἶτ’
566 2535 746 2584 ἐκεῖνοι
767 2536 850 2583 τὸν
868 2538 1062 2600 κρότον.
1131 2539 1220 2581 Ἐκ
1251 2533 1306 2582 δὲ
1340 2538 1516 2583 τούτου
1548 2540 1839 2601 τραπόμενοι
1870 2538 1990 2602 πρὸς

153 2616 390 2678 ἀλλήλους
425 2615 639 2680 ἐχρῶντο
681 2617 956 2680 λοιδορίαις
999 2619 1082 2663 καὶ
1121 2615 1178 2663 τὸ
1223 2616 1438 2680 θέατρον
1484 2617 1699 2679 α’κοσμία
1741 2628 1984 2678 κατεῖχεν.

155 2699 297 2744 Ἐπεὶ
336 2695 379 2743 δ’
409 2695 438 2743 ό
469 2695 690 2759 Κικέρων
723 2688 805 2756 ἧκε
835 2698 1110 2758 πυθόμενος
1142 2698 1226 2741 καὶ
1264 2696 1349 2743 τὸν
1380 2697 1532 2759 δῆμον
1571 2695 1834 2751 ἐκκαλέσας
1861 2700 1984 2762 πρὸς

153 2774 210 2823 ’τό
243 2778 326 2834 τῆς
356 2779 564 2829 Ἐνυοῦς
608 2774 738 2838 ἱερὸν
768 2774 1026 2837 ἐπετίμησε
1057 2777 1139 2820 καὶ
1171 2776 1458 2837 παρῄνεσεν,
1500 2775 1805 2832 ἀπελθόντες
1832 2773 1988 2833 αὖθις

150 2857 224 2908 είς
252 2853 308 2901 τὸ
334 2853 546 2918 θέατρον
574 2853 805 2917 ἐκρότουν
828 2854 912 2903 τὸν
939 2857 1139 2902 ’Όθωνα
1159 2854 1382 2917 λαμπρῶς
1410 2858 1492 2901 καὶ
1514 2854 1633 2917 πρὸς
1663 2859 1781 2910 τούς
1803 2858 1983 2911 ἱππέας

153 2936 363 2996 ἅμιλλαν
387 2933 647 2981 ἐποιοῦντο
671 2937 782 2997 περὶ
808 2935 959 2996 τιμῶν
984 2938 1066 2980 καὶ
1090 2933 1234 2993 δόξης
1258 2938 1347 2980 τοῦ
1372 2932 1562 2997 ἀνδρός.
1589 2937 1651 2994 [ν.
1668 2935 1723 2981 ad
1739 2953 1777 2982 a.
1792 2940 1896 2982 687.
1914 2941 1982 2998 3.]

227 3037 291 3114 (⁷)
332 3038 516 3094 Cicero
541 3038 777 3094 defendit
813 3039 865 3094 G.
898 3039 1197 3104 Rabirium,
1237 3040 1327 3094 cui
1361 3037 1740 3111 perduellionis
1772 3040 1980 3097 crimen

147 3138 452 3195 intenderat
488 3140 546 3194 T.
570 3141 748 3195 Attius
770 3139 1060 3204 LabienuS‚
1098 3138 1240 3211 quod
1272 3140 1320 3193 is
1352 3139 1407 3192 L.
1438 3138 1759 3211 Appuleium
1794 3140 1979 3197 Satur—

148 3240 368 3302 ninum,
405 3239 685 3296 trihunum
708 3239 905 3312 plehiS,
944 3256 1031 3294 res
1063 3256 1227 3294 novas
1263 3239 1571 3295 molientem
1600 3239 1973 3298 interfecisset.

155 3340 227 3412 [v.
249 3339 316 3395 ad
336 3356 383 3398 a.
406 3344 532 3395 654.
558 3341 632 3414 2.]
690 3340 952 3396 Eumdem
993 3358 1204 3412 quoque
1243 3338 1479 3395 defendit
1522 3340 1855 3400 Hortensius.
1897 3363 1984 3400 ιιι,

153 3458 199 3496 c.
225 3444 278 3496 8.
323 3443 391 3500 22
426 3458 506 3513 sq.
553 3459 597 3496 c.
625 3446 711 3498 55.
757 3446 879 3500 115.
919 3459 987 3498 lx.
1023 3460 1069 3498 c.
1094 3443 1180 3499 25.
1225 3446 1312 3497 74.

1528 3542 1633 3591 45*
