2210 3970
277 271 381 322 766
737 256 1067 316 ΑΝΝΛιΪΕε
1121 280 1628 318 mennonium.

334 412 523 471 Quintil.
554 424 626 456 111.
655 425 689 455 c.
708 413 750 453 3.
782 413 824 453 7.
856 411 911 452 In
935 409 1264 452 Partitionibus
1295 410 1516 453 oratoriis
1543 408 1604 452 ad
1624 407 1819 464 eadent,
1854 409 1906 453 de
1927 410 2088 470 quibus

271 506 408 551 supra
436 489 603 533 dictum
630 495 698 532 est
714 519 727 543 ,
759 486 954 547 quinque
973 486 1174 545 pervenit
1182 494 1340 546 partes
1363 486 1676 545 [inventionem
1695 521 1708 543 ,
1742 487 2086 548 dispositionem,

270 565 585 620 elocutionem,
634 565 888 608 memoriam
909 598 921 619 ,
972 564 1372 625 pronunciationem
1414 579 1446 608 s.
1485 565 1733 624 actionem}
1812 568 1923 610 Nam
1954 583 2089 626 quum

270 642 510 704 dupliciter
531 642 732 703 primum
753 641 1004 699 divisisset,
1038 644 1087 688 in
1113 643 1403 688 inventionem
1435 649 1570 703 atque
1597 643 1908 700 elocutionem3
1939 659 2012 686 res
2039 659 2090 686 ac

270 720 605 781 dispositionem
646 720 913 777 inventioni,
961 721 1090 766 verba
1132 729 1176 765 et
1216 720 1628 780 pronunciationem
1670 720 1907 765 elocutioni
1939 719 2061 764 dedit
2077 739 2092 763 .-

271 797 558 858 quintamque
589 798 853 853 constituit,
886 815 1182 852 communem,
1214 815 1265 842 ac
1281 798 1403 842 velut
1433 798 1655 843 custodem
1686 800 1904 853 omnium,
1938 814 2094 841 memo·

270 876 398 921 riam.
460 874 583 918 Idem
598 875 646 918 in
667 875 872 930 Oratore,
897 877 1089 937 quinque
1115 877 1244 920 rebus
1270 885 1471 921 constare
1497 877 1790 937 eloquentiam
1817 875 1940 920 dicit.
1975 875 2092 920 Conf.

269 952 371 997 Erh.
410 952 608 1009 Reusch,
659 953 787 1013 Disp.
828 952 881 995 de
927 953 1146 996 Ciceronis
1197 954 1525 998 Partitionibus
1571 954 1804 997 Orator-iis.
1854 953 2089 998 Helmstad.

270 1033 405 1074 1723.
441 1033 506 1074 40.

346 1117 432 1191 (¹2)
472 1117 650 1171 Mense
691 1115 988 1188 Septembri
1029 1115 1211 1170 Cicero
1252 1117 1393 1189 apud
1433 1117 1711 1172 Caesarem
1751 1117 1940 1171 hahuit
1979 1134 2092 1171 ora-

266 1221 468 1273 tionem
507 1234 602 1290 pro
645 1217 702 1281 Q.
725 1216 973 1289 LiqariO,
1015 1235 1173 1289 quem
1210 1218 1271 1285 Q.
1296 1218 1477 1273 Aelius
1518 1218 1727 1273 Tubero
1761 1218 1824 1273 de
1853 1219 1905 1272 vi
1939 1234 2094 1271 accu-

267 1325 479 1375 saverat
510 1361 526 1383 ‚
585 1318 726 1390 quod
790 1319 845 1372 in
900 1318 1080 1372 Africa
1146 1318 1478 1374 Caesarianis
1534 1319 1776 1391 partibus
1841 1319 2095 1372 inimicus

270 1420 477 1476 fuisset.

332 1513 416 1558 Cic.
449 1511 503 1556 ad
530 1511 750 1572 Ligarium
775 1509 850 1568 (ad
873 1513 990 1553 Fam.
1020 1523 1084 1555 vr.
1110 1513 1182 1554 14.
1213 1513 1278 1570 2.)
1315 1511 1460 1569 Quum
1486 1528 1527 1555 a.
1547 1510 1588 1555 d.
1609 1524 1652 1554 v.
1670 1510 1777 1555 Kal.
1805 1510 2095 1554 intercalares

268 1592 442 1652 priores
485 1591 570 1648 [Ξ
607 1592 666 1633 26
695 1588 847 1633 Novhr.
882 1590 973 1631 708
1019 1603 1082 1630 Ξ
1127 1591 1185 1631 23
1219 1587 1372 1649 Septb.
1409 1592 1468 1633 46
1499 1592 1659 1648 a.vc.]‚
1701 1596 1859 1649 rogatu
1891 1588 2098 1647 fratrum

269 1677 478 1724 tuorum,
508 1667 722 1711 venissem
753 1682 879 1709 mane
910 1664 972 1708 ad
1005 1667 1232 1709 Caesarem.
1250 1700 1262 1722 ,
1296 1675 1430 1728 atque
1461 1684 1629 1712 omne-m
1653 1666 1846 1711 adeundi
1873 1674 1916 1710 et
1948 1682 2095 1709 conve-

261 1745 421 1792 'niendi
456 1745 587 1790 illius
617 1744 930 1805 indignitatem
962 1750 1005 1786 et
1041 1743 1289 1788 molestiam
1321 1745 1610 1806 pertulissem
1626 1766 1643 1799 ;
1685 1762 1820 1806 quum
1843 1745 2022 1803 fratres
2055 1750 2098 1787 et

261 1825 511 1887 propinqui
542 1824 613 1868 tui
652 1825 846 1867 iacerent
882 1820 943 1864 ad
964 1820 1101 1880 pedes
1120 1855 1132 1875 ,
1175 1830 1219 1866 et
1251 1839 1328 1884 ego
1367 1840 1506 1868 essem
1535 1824 1729 1879 locutus,
1762 1838 1874 1883 quae
1906 1836 2097 1874 caussa,

269 1920 383 1966 quae
408 1911 534 1948 tuum
561 1910 733 1962 tempus
749 1898 1038 1961 postulabat:
1071 1915 1157 1943 non
1188 1901 1332 1945 solum
1356 1919 1411 1947 ex
1433 1904 1630 1947 oratione
1661 1901 1888 1952 Caesaris,
1924 1925 1985 1933 --
2017 1897 2097 1942 sed

271 1982 408 2024 etiam
440 1996 496 2023 ex
537 1978 679 2023 oculis
706 1986 750 2022 et
780 1978 910 2023 vultu
938 2004 1001 2014 -—
1035 1978 1144 2022 lianc
1177 1979 1224 2022 in
1257 1979 1502 2039 opinionem
1535 1978 1750 2034 discessi,
1794 1985 1847 2021 ut
1877 1976 1989 2020 mihi
2015 1984 2095 2020 tua

271 2057 399 2102 salus
432 2056 567 2100 dubia
596 2072 682 2099 non
714 2065 842 2102 esset.
875 2083 936 2090 —
967 2058 1068 2117 Ego
1097 2057 1190 2100 tuis
1222 2056 1351 2100 rebus
1382 2057 1448 2100 sic
1485 2055 1647 2111 adero,
1690 2063 1743 2099 ut
1779 2053 2095 2115 difficillimis,

271 2151 411 2196 neque
445 2135 625 2179 Caesari
651 2133 822 2188 solum,
852 2133 933 2178 sed
957 2135 1094 2178 etiam
1120 2133 1279 2177 amicis
1309 2134 1407 2178 cius
1442 2134 1643 2178 omnibus
1675 2160 1735 2167 —-
1758 2148 1845 2193 pro
1879 2141 1946 2187 te,
1979 2132 2098 2174 sicut

271 2214 414 2259 adhuc
429 2213 555 2272 feci,
590 2212 881 2257 libentissime
896 2213 1167 2274 supplicabo.
1231 2211 1295 2258 Id.
1314 2211 1367 2256 ad
1391 2216 1484 2256 Att.
1502 2224 1607 2257 XIII.
1630 2215 1704 2256 12.
1732 2214 1773 2254 2.
1808 2209 2117 2271 Ligarianam¹

264 2291 496 2354 praeclare
517 2290 768 2335 vendidisti.
835 2291 1026 2336 Posthac
1054 2289 1278 2351 quidquid
1297 2291 1536 2351 scripsero,
1570 2289 1654 2334 tibi
1667 2290 1955 2350 praeconium
1972 2287 2095 2346 defe-

271 2387 379 2415 ram.
442 2369 552 2414 Ibid.
582 2371 654 2413 19.
688 2372 730 2413 2.
765 2369 1082 2430 Ligarianam,
1114 2377 1167 2414 ut
1191 2368 1340 2420 video,
1369 2366 1601 2429 praeclare
1617 2369 1863 2412 auctoritas
1880 2375 1961 2411 tua
1986 2383 2097 2411 com-

274 2447 510 2492 mendavit.
575 2447 771 2507 Scripsit
796 2447 911 2490 enim
933 2446 994 2491 ad
1014 2464 1081 2490 me
1104 2446 1275 2490 Balbus
1299 2453 1343 2490 et
1367 2446 1563 2507 Oppius,
1595 2445 1790 2506 mirifice
1815 2462 1861 2489 se
1882 2445 2069 2506 probare
2081 2469 2099 2502 ,-

273 2527 326 2570 ob
369 2541 548 2586 eamque
580 2539 784 2568 caussam
810 2524 871 2567 ad
909 2526 1138 2569 Caesarem
1170 2541 1267 2568 eam
1298 2540 1345 2568 se
1382 2522 1708 2568 oratiunculam
1738 2524 1932 2568 misisse.
2008 2525 2100 2568 Hoc

273 2604 419 2664 igitur
448 2601 564 2646 idem
596 2609 648 2645 tu
673 2601 787 2645 mihi
809 2609 949 2667 ¹antea
975 2604 1233 2664 scripseras.
1296 2600 1406 2646 lbid.
1441 2604 1513 2645 44.
1543 2605 1584 2645 3.
1617 2603 1789 2645 Brutus
1816 2601 1929 2644 mihi
1961 2603 2004 2645 T.
2024 2601 2100 2649 Li·

271 2680 395 2742 garii
420 2677 563 2723 verbis
594 2678 845 2734 nuntiavit,
889 2679 1009 2740 quod
1037 2679 1287 2742 appelletur
1318 2681 1367 2723 L.
1406 2677 1632 2739 Corfidius
1663 2679 1711 2722 in
1742 2679 1939 2722 oratione
1965 2679 2099 2739 Liga—

274 2760 430 2814 riana,
481 2764 678 2800 erratum
710 2772 804 2799 esse
827 2774 1000 2801 meum.-
1044 2758 1150 2815 sed,
1196 2764 1250 2801 ut
1291 2758 1450 2812 aiunt,
1499 2758 1795 2817 μνημονικὸν
1830 2758 2102 2818 ἁμάρτημα.

274 2835 474 2880 Sciebam
521 2832 764 2894 Corfidium
801 2837 1183 2895 pernecessarium
1220 2834 1536 2895 Ligariorum:
1587 2835 1667 2879 sed
1706 2852 1804 2879 eum
1835 2835 1958 2879 video
1998 2842 2102 2879 ante

275 2928 372 2957 esse
404 2919 653 2970 mortuum.
722 2912 910 2970 Quintil.
941 2927 1004 2958 VI.
1038 2930 1074 2958 c.
1109 2919 1150 2958 5.
1186 2917 1258 2958 10.
1306 2911 1547 2972 Infinitum
1579 2921 1648 2957 est
1680 2930 1930 2958 enumerare
1961 2941 2020 2947 —-
2051 2921 2105 2959 ut

244 3044 248 3048 Ι
267 3006 354 3052 pro
381 2990 564 3051 Ligario
595 3005 642 3033 se
668 2991 934 3050 opposuerit.
970 3003 1030 3036 lx.
1049 3009 1087 3038 c.
1106 2995 1146 3035 2.
1182 2995 1253 3035 38.
1319 2990 1540 3036 Plutarch.
1564 2991 1644 3036 Cic.
1665 3006 1700 3035 c.
1720 2994 1791 3036 39.
1822 2995 1862 3037 3.
1895 2991 2102 3055 Λέγεται

276 3066 330 3115 δὲ
365 3071 475 3124 καὶ,
503 3067 719 3114 Κοΐντου
750 3071 988 3131 Λιγαρίου
1012 3070 1151 3129 δίκην
1178 3071 1462 3133 φεύγοντος,
1513 3071 1594 3116 ὅτι
1628 3070 1718 3115 τῶν
1734 3075 1981 3133 Καίσαρος
2014 3090 2105 3119 πο·

278 3150 454 3209 λέμίων
482 3139 554 3201 εἷς
585 3146 826 3211 ἐγεγόνει,
864 3151 945 3194 καὶ
976 3149 1253 3211 Κικέρωνος
1288 3150 1420 3213 αὐτῷ
1459 3150 1785 3210 βοηθοῦντος,
1827 3155 1982 3198 εἰπεῖν
2020 3151 2104 3197 τὸν

276 3232 504 3289 Καίσαρα
532 3227 651 3290 πρὸς
681 3230 796 3281 τούς
822 3231 996 3287 φίλους
1014 3245 1026 3260 ·
1068 3233 1120 3276 Τί
1149 3233 1327 3277 κωλύει
1353 3231 1437 3276 διὰ
1454 3232 1638 3292 χρόνου
1663 3231 1936 3294 Κικέρωνος
1955 3231 2104 3278 ἀκοῦ-

278 3326 373 3363 σαι
404 3307 651 3370 λέγοντος,
687 3307 795 3355 ἐπεὶ
829 3311 979 3357 πάλαι
1022 3311 1241 3372 κέκριται
1284 3311 1491 3373 πονηρὸς
1525 3311 1554 3357 o‘
1589 3310 1704 3373 ἀνήρ
1732 3315 1812 3357 καὶ
1839 3311 2095 3372 πολέμιος;

276 3389 421 3432 Ἐπεὶ
459 3387 503 3431 δ’
540 3387 797 3450 ἀρξάμενος
836 3389 992 3455 λέγειν
1030 3391 1057 3437 o‘
1090 3389 1303 3452 Κικέρων
1346 3390 1596 3452 ὑπερφυῶς
1640 3388 1790 3436 ἐκίνει
1835 3395 1915 3436 καὶ
1951 3385 2100 3454 προῦ·

282 3466 446 3527 βαινεν
471 3467 603 3530 αὐτῷ
631 3473 786 3516 πάθει
817 3489 867 3517 τε
895 3473 1119 3523 ποικίλος
1150 3474 1230 3516 καὶ
1258 3471 1429 3531 χάριτι
1457 3473 1745 3531 θαυμαστὸς
1780 3469 1806 3514 ὀ
1838 3473 1979 3532 λόγος
2012 3497 2101 3517 --.

282 3549 378 3595 Τὸν
411 3551 528 3610 γοῦν
557 3547 815 3611 ἄνθρωπον
848 3551 1054 3597 ἀπέλυσε
1088 3551 1139 3607 (ὁ
1175 3554 1386 3614 Καῖσαρ)
1418 3555 1499 3610 τῆς
1536 3555 1695 3603 αἰτίας
1729 3548 2057 3611 βεβιασμένος.
