2210 3970
227 232 340 284 526
748 240 1040 281 ANNALES
1077 233 1522 278 monacnum.

218 374 426 422 Metellus
452 398 511 407 —-
546 370 648 433 qui,
677 387 814 432 quum
833 373 1073 433 florentem
1103 364 1319 414 hominem:
1347 369 1396 412 in
1414 367 1636 430 populari
1663 368 1858 425 ratione,
1889 372 1940 415 L.
1957 372 2041 413 Sa-

220 453 451 498 turninum
467 483 481 508 ,
514 466 665 495 censor
691 458 890 495 notasset
904 483 919 507 ,
962 454 1184 510 quumque
1213 449 1448 492 insitivum
1483 447 1727 491 Gracchum
1763 456 1915 492 contra
1951 449 2042 492 vim

216 530 525 576 multitudinis
546 529 762 574 incitatae
784 543 918 571 censu
930 527 1258 588 prohibuisset,
1284 541 1508 587 quumque
1529 525 1582 568 in
1603 541 1698 568 eam
1720 524 1881 585 legem,
1906 542 2042 585 quam

216 625 302 653 non
324 609 421 652 iure
447 614 650 668 rogatam
671 605 921 661 iudicarat,
953 605 1102 650 iurare
1123 603 1363 659 noluisset,
1395 602 1449 647 de
1475 602 1659 647 civitate
1687 600 1876 657 maluit,
1909 617 2043 661 quam

219 685 273 732 de
313 686 536 731 sententia
565 684 793 729 demoveri.
871 683 955 728 Cic.
990 681 1038 727 in
1075 682 1273 726 Pisonem
1310 697 1347 726 c.
1379 683 1425 726 9.
1454 684 1538 725 20.
1590 678 1850 723 'Aliaenim
1881 693 2047 722 caussa

208 763 597 824 praestantissimi
620 762 738 817 viri,
783 761 836 819 Q.
867 759 1068 815 Metelli,
1091 759 1220 817 fuit.-
1251 775 1378 820 quem
1413 775 1491 820 ego
1520 758 1688 812 civem,
1718 772 1812 800 meo
1843 755 2044 811 iudicio,

215 859 316 887 cum
355 842 533 886 deorum
562 839 883 885 immortalium
924 837 1054 882 laude
1085 838 1326 897 coniungo:
1363 837 1451 897 qui.
1489 837 1535 880 G,
1565 835 1641 885 illi
1675 836 1815 879 Mario
1830 867 1845 890 ,
1875 834 2050 892 fortis-.

218 920 331 962 simo
362 919 457 962 viro
489 926 533 962 et
563 916 737 961 consuli
765 923 809 960 et
834 922 1011 959 sextum
1041 913 1246 970 consuli,
1279 921 1323 958 et
1352 914 1451 957 eius
1469 913 1660 957 invictis
1690 912 1958 973 legionibus,
1990 928 2049 956 ne

216 997 356 1039 armis
384 995 658 1054 ,confligeret
675 1026 690 1048 ,
736 991 973 1037 cedendum
1019 1008 1116 1036 esse
1156 991 1303 1036 duxit.
1377 990 1550 1051 [eL-pro
1581 989 1751 1035 Plancio
1791 1007 1829 1035 c.
1863 995 1936 1035 36.
1970 993 2045 1034 89.

220 1072 272 1129 Q.
287 1071 464 1115 Metello
499 1069 625 1114 laudi
653 1069 810 1114 datum
841 1062 938 1126 est,
973 1069 1184 1130 hodieque
1215 1076 1282 1113 est
1313 1076 1356 1113 et
1386 1084 1555 1129 semper
1585 1068 1673 1111 erit
1702 1069 1922 1112 maa-imae
1948 1068 2044 1129 glo-

215 1150 311 1193 riae
328 1171 345 1204 ,-
376 1165 505 1209 quem
536 1174 597 1182 —
628 1156 827 1204 constat,
868 1149 1160 1193 invitissimis
1187 1148 1300 1192 viris
1331 1147 1486 1202 bonis,
1528 1146 1715 1190 cessisse
1731 1164 1746 1188 :
1787 1162 1866 1190 nec
1887 1145 2046 1204 fuisse

217 1227 423 1282 dubium,
468 1226 579 1286 quin
609 1227 884 1271 contentione
915 1234 959 1270 et
990 1226 1130 1270 armis
1161 1226 1365 1286 superior
1386 1231 1544 1286 posset
1574 1239 1683 1268 esse.
1746 1227 1846 1268 Post
1877 1223 1966 1268 red.
1996 1224 2045 1268 in

218 1320 307 1349 sen.
337 1319 373 1349 c.
403 1307 475 1348 10.
509 1307 582 1348 25.
650 1298 810 1348 Omnes
835 1302 1067 1360 Metellos,
1095 1290 1513 1364 praestantissimos
1542 1303 1680 1358 cives,
1712 1327 1773 1334 —
1804 1301 1855 1344 in
1883 1300 2047 1361 quibus

219 1381 500 1427 Numidicum
529 1380 686 1436 illum,
734 1381 864 1425 cuius
891 1380 1111 1442 quondam
1147 1381 1200 1426 de
1226 1381 1384 1442 patria
1410 1380 1634 1425 discessus
1667 1377 1880 1422 molestus
1908 1379 2047 1423 omni·

220 1461 330 1516 b'us,
357 1460 454 1521 >ipsi
492 1475 547 1503 ne
574 1458 804 1503 luctuosus
833 1458 1010 1519 quidem
1039 1459 1165 1503 visus
1195 1466 1277 1503 est.
1307 1451 1610 1503 'Aut-Victor
1626 1456 1680 1501 de
1704 1457 1793 1501 Vir.
1820 1456 1900 1501 ill.-
1916 1471 1954 1502 ο.
1973 1459 2050 1501 62.-

221 1539 274 1597 ρ.
309 1538 529 1592 Caecilius
559 1535 790 1592 Metellus,
822 1535 1107 1592 Numidicus,
1137 1537 1220 1598 qui
1249 1536 1408 1586 consul
1437 1538 1497 1596 [a.
1514 1539 1564 1582 U.
1582 1539 1625 1581 C.
1644 1537 1773 1594 645.]
1807 1533 1860 1578 de
1884 1536 2046 1595 Iugur-

217 1617 298 1661 tha
328 1633 428 1677 rege
459 1614 693 1659 Numidiae
724 1613 1050 1674 triumphavit,
1082 1630 1236 1659 censor
1265 1616 1327 1674 [a.
1352 1617 1400 1660 U.
1417 1617 1462 1672 C.
1481 1615 1610 1672 652.]
1647 1613 1935 1672 Quinctium,
1969 1616 2049 1675 qui

217 1710 266 1739 se
301 1694 464 1738 Tiberia·
500 1680 689 1737 Gracchi
716 1690 878 1753 filium
907 1691 1203 1737 mentiebatur
1216 1726 1230 1750 ‚
1277 1685 1335 1738 ιη’
1349 1686 1535 1737 'censum
1565 1696 1654 1737 mn
1673 1687 1862 1754 'ra-epit.
1924 1692 2049 1738 Idem

220 1774 268 1817 in
315 1771 453 1833 legem
483 1770 763 1832 Appuleiam:
777 1785 863 1830 per
892 1769 989 1813 vim
1015 1768 1156 1815 latam
1186 1771 1340 1816 iurare
1368 1770 1538 1826 noluit,
1576 1782 1716 1830 quare
1739 1765 1796 1814 in
1835 1771 2051 1816 exsilium

218 1858 379 1906 actus,
419 1852 632 1924 Smyrnae
664 1847 903 1899 exsulavit.
978 1846 1217 1897 1d.c.73.
1262 1850 1448 1894 Lucius
1461 1846 1731 1917 Appuleius
1740 1849 2016 1893 Saturninus
2032 1882 2051 1906 ,

221 1929 426 1984 tribunus
456 1926 607 1988 plebis
638 1924 909 1981 seditiosus,
950 1932 1002 1968 ut
1029 1914 1228 1986 gratiam
1268 1928 1582 1999 Marianorum
1609 1925 1805 1970 militum
1835 1935 2047 1987 pararet,

223 2006 359 2069 legem
386 2006 519 2062 tulit,
553 2013 606 2050 ut
629 2003 851 2048 veteranis
875 2010 1057 2048 centena
1078 2006 1181 2066 'agri
1204 2003 1360 2079 iugera
1367 1990 1432 2049 in
1454 1989 1619 2074 Africa
1637 2001 1963 2059 dividerentur5
1986 2031 2047 2039 —-

222 2080 339 2146 aqua
373 2092 418 2129 et
443 2085 544 2145 igni
574 2079 813 2128 interdixit
842 2082 886 2125 ei
899 2114 913 2138 ,
938 2082 1028 2142 qui
1055 2082 1107 2127 in
1123 2083 1257 2144 leges
1285 2088 1413 2126 suas
1422 2088 1511 2126 nan
1536 2081 1748 2125 iurasset.
1811 2082 1927 2126 Huic
1959 2082 2053 2143 legi

223 2161 382 2229 multis
412 2160 634 2206 nobilibus
661 2158 976 2222 abrogantibus
997 2174 1151 2222 quum
1159 2159 1422 2225 tonuisset,¹
1429 2158 1671 2222 clamavit.-
1684 2159 1846 2216 Iam,
1876 2159 2055 2221 inquit,

225 2240 343 2285 nisi
382 2239 698 2301 quiescitis,
730 2238 1100 2300 grandinabit.
1162 2237 1370 2283 Metellus
1399 2210 1664 2294 Numidicus
1685 2235 1891 2281 exsulare
1920 2254 2056 2298 quam

224 2314 374 2363 iurare
388 2317 563 2362 maluit.
596 2317 749 2363 Florus
768 2329 838 2363 111.
856 2333 892 2362 c.
910 2322 984 2363 16.
1008 2322 1050 2363 1.
1073 2317 1320 2380 Appuleius
1336 2312 1608 2361 Saturninus
1628 2311 1908 2373 Gracchanas
1930 2331 2050 2360 asse-

223 2411 317 2440 rere
336 2396 452 2456 leges
465 2400 553 2440 'non
568 2395 758 2440 destitit.
776 2423 835 2430 —-
857 2396 1000 2455 Quum
1016 2403 1083 2441 tot
1099 2397 1328 2457 tantisque
1341 2371 1552 2440 ludibriis
1565 2391 1814 2438 exsultaret
1839 2374 2017 2455 impune
2031 2427 2048 2450 ,

221 2471 431 2533 rogandis
457 2472 747 2517 Gracchorum
778 2473 948 2535 legibus
978 2475 1047 2518 ita
1077 2473 1349 2518 vehementer
1378 2472 1600 2529 incubuit,
1630 2478 1683 2515 ut
1714 2479 1914 2518 senatum
1943 2488 2058 2533 qua--

221 2566 305 2612 que
334 2557 506 2615 cogeret
535 2550 586 2593 in
604 2550 744 2595 >verba
772 2551 923 2595 iurare
929 2573 948 2606 ,-
972 2567 1105 2612 quum
1136 2550 1569 2614 abnuentibusvaqua
1599 2555 1649 2609 et
1666 2549 1765 2609 igni
1785 2548 2047 2609 interdictu·

220 2646 318 2678 rum
350 2644 399 2673 se
429 2629 688 2693 minaretur.
756 2630 876 2675 Unus
905 2636 1052 2689 tamen
1084 2627 1265 2688 exstitit
1279 2660 1294 2684 ,
1325 2627 1404 2689 qui
1432 2625 1590 2689 mallet
1617 2625 1843 2686 exsilium.
1890 2626 2046 2681 ,Valen

222 2711 326 2753 Max.
360 2720 446 2753 111..
464 2723 500 2752 e.
530 2709 570 2752 8.
599 2710 640 2751 4.
711 2706 917 2769 Metellus
939 2705 1209 2767 >Numidicus
1250 2731 1311 2740 —-
1353 2720 1488 2766 quum
1511 2701 1921 2765 ‘animadverteren
1962 2721 2054 2766 quo

222 2785 448 2830 tenderent
477 2784 714 2830 Saturnini
744 2786 914 2830 tribuni
928 2785 1080 2847 plebis
1098 2783 1282 2843 funesti
1306 2789 1514 2840 conatus,
1539 2788 1790 2847 quantoque
1820 2781 1939 2826 malo
1964 2784 2050 2828 rei-

214 2862 444 2925 publicae,
476 2863 568 2907 nisi
599 2861 671 2907 his
703 2870 1024 2918 occurreretur,
1058 2862 1260 2924 erupturi
1289 2867 1460 2917 essent,
1490 2859 1541 2904 in
1567 2858 1804 2916 exsilium,
1834 2875 1964 2921 quam
1998 2861 2048 2906 in

223 2941 360 3004 legem
391 2942 517 2999 eius,
550 2942 617 2986 ire
642 2941 819 2987 maluit.
876 2941 1062 3003 Appian.
1092 2946 1140 2988 B.
1158 2945 1203 2987 C.
1232 2944 1264 2986 1.
1293 2942 1433 2987 (3.29..
1469 2938 1721 2998 Ἐξηλάθη
1748 2934 1804 2985 δὲ
1829 2940 1911 2984 καὶ
1939 2938 2048 2985 Μέ-

224 3022 390 3073 τελλος
428 3018 508 3074 ὑπ’
551 3020 740 3078 αὐτῶν,
789 3019 1163 3083 προσλαβόντων
1193 3021 1361 3078 Γάϊον,
1390 3019 1616 3081 Μάριον,
1659 3014 1802 3076 ἕκτην
1835 3016 2050 3079 ἄρχοντα

225 3100 458 3147 ὑπατείαν
471 3134 486 3163 ,¹
519 3099 707 3163 ἐχθρὸν
737 3098 896 3160 ἀφανῆ
914 3105 1000 3148 τοῦ
1020 3101 1290 3159 Μετέλλου.
1328 3102 1430 3146 Καὶ
1453 3095 1749 3159 συνέπραξαν
1774 3085 1869 3143 ὧδε
1893 3099 2049 3145 ἅπαν-

223 3197 298 3233 τες
323 3179 570 3239 ἀλλήλοις.
637 3172 685 3226 ‘O
706 3177 793 3240 μὲν
818 3179 1116 3238 Ἀπουλήϊος
1139 3183 1286 3242 νόμον
1307 3179 1531 3242 ἐσέφερε,
1554 3178 1909 3234 Διαδάσασθαι
1933 3180 2044 3240 γῆν,

225 3260 343 3318 ὅσην
371 3258 422 3304 ἐν
447 3263 501 3319 τῇ
523 3262 612 3305 νῦν
630 3257 731 3306 ὑπὸ
749 3255 995 3322 Ῥωμαίων
1012 3260 1279 3322 καλουμένῃ
1295 3261 1524 3323 Γαλατίᾳ
1537 3258 1753 3322 Κιμβροὶ
1774 3257 1907 3322 γένος
1925 3262 2046 3306 Κελ-

228 3341 324 3386 τῶν
354 3340 733 3399 κατειλήφεσαν·
762 3343 844 3387 καὶ
870 3340 1057 3392 αὖτούς
1085 3340 1114 3386 ό
1129 3341 1324 3402 Μάριος
1348 3339 1549 3403 ἔναγχος
1569 3339 1818 3395 ἐξελάσας,
1855 3339 1939 3397 τήν
1960 3342 2047 3403 γῆν

227 3418 291 3472 ὡς
320 3419 487 3466 οὐκέτι
515 3422 754 3467 Γαλατῶν
776 3419 835 3478 ,ἐς
866 3422 1134 3481 Ῥωμαίους
1166 3422 1509 3481 περιεσπάκει.
1530 3419 1832 3483 Προσὲκειτο
1859 3419 1943 3478 δὲ,
1979 3423 2045 3466 Εἰ

223 3498 452 3561 κυρώσειε
484 3499 565 3545 τὸν
594 3502 744 3561 νόμον
778 3500 804 3546 ὁ
829 3501 1007 3561 δῆμος,
1044 3500 1128 3559 τήν
1151 3500 1331 3560 βουλήν
1362 3499 1520 3546 πένθ”
1538 3498 1737 3563 ἡμέραις
1767 3500 2042 3562 ἐπομόσαι,
