2210 3970
421 239 476 294 L.
502 239 564 294 x.
607 234 915 292 0.xxx1x.
963 233 1135 307 §109
1179 260 1249 271 —
1295 247 1341 283 ο.
1370 229 1471 284 xt.
1516 230 1555 303 g
1586 236 1705 285 111.
1903 234 2010 286 509

177 389 274 445 ne?
316 390 386 445 At
426 404 487 444 ea
513 388 731 462 quidem
765 386 912 442 dedit
946 398 1168 440 usuram
1206 380 1374 447 vitae,
1414 388 1691 454 tamquam
1722 383 2011 454 pecuniae,

177 487 325 544 nulla
376 489 701 562 praestituta
739 486 841 542 die.
923 483 1064 553 Quid
1115 488 1198 539 est
1244 481 1448 554 igitur,
1507 480 1647 554 quod
1676 497 1929 554 querare,
1965 484 2012 538 si

173 587 406 661 repetit,
444 603 616 661 quum
653 585 805 642 vult?
861 586 939 642 Ea
977 583 1121 640 enim
1157 581 1462 638 conditione
1502 598 1803 656 accepera&
1887 586 2011 639 110.

181 685 328 755 Quae
350 694 367 727 ¹
412 700 538 743 vero
569 693 719 744 aetas
762 686 921 758 longa
959 683 1076 742 est?
1118 689 1213 739 aut
1245 679 1376 755 quid
1409 681 1628 737 omnino
1667 680 1873 737 homini
1902 681 2015 739 lon·

175 785 344 858 gum?
421 785 609 842 Nonne

173 883 327 942 Modo
350 902 572 959 pueros,
603 887 753 942 modo
792 885 1166 950 adolescentes,
1204 883 1261 937 in
1281 899 1466 948 cursu,
1496 899 1529 937 a
1549 889 1693 955 terqo
1711 883 2016 957 insequens,

179 1002 274 1043 nee
303 986 571 1060 opinantes
608 995 843 1042 assecuta
883 994 959 1041 est

176 1085 464 1143 senectus?
517 1086 638 1143 Da²
673 1087 820 1143 enim
862 1101 1179 1159 supremum
1212 1090 1453 1157 tempus:
1494 1090 1867 1157 exspectemus
1888 1085 2017 1141 Tar·

176 1185 466 1243 tessiorum
522 1186 668 1259 regis
717 1191 983 1242 aetatem:
1042 1184 1147 1240 fuit
1184 1185 1330 1239 enim
1350 1224 1366 1249 ,
1402 1190 1474 1239 rut
1519 1184 1787 1257 scriptum
1831 1185 1985 1243 video
2004 1229 2021 1254 ,

98 1271 103 1278 ’
177 1285 581 1362 Arganthonius
613 1285 832 1359 quidam
867 1285 1134 1348 Gadibus,
1186 1285 1281 1356 qui
1319 1284 1594 1355 octoginta
1640 1286 1889 1356 regnavit
1926 1291 2020 1343 an-

178 1403 307 1455 nos,
358 1392 580 1445 centum
625 1393 680 1444 et
731 1386 927 1459 viginti
978 1385 1131 1440 vixit.
1226 1383 1332 1439 Sed
1382 1383 1518 1439 mihi
1571 1400 1638 1439 ne
1696 1384 2021 1444 diuturnum

177 1485 415 1562 quidem.
443 1484 740 1560 quidquam
787 1484 1037 1551 videtur,
1079 1484 1135 1539 in
1175 1500 1282 1557 quo
1319 1491 1403 1540 est
1454 1483 1658 1557 aliquid
1698 1492 2021 1544 extremum.

180 1585 360 1656 Quum
391 1585 538 1644 enim
559 1583 614 1642 id
639 1583 892 1651 advenit,
933 1591 1064 1641 tunc
1095 1583 1227 1641 illud
1246 1626 1262 1651 ,
1281 1584 1422 1657 quod
1455 1586 1770 1658 praeteriit,
1791 1586 2022 1644 effluxit:

181 1694 395 1747 tantum
432 1692 706 1753 remanet,
764 1685 906 1759 quod
958 1686 1161 1742 virtute
1206 1692 1262 1742 et
1319 1692 1466 1742 recte
1507 1685 1665 1743 sactis
1702 1695 2028 1746 consecutus

178 1789 273 1847 sis·
351 1787 526 1845 Horae
562 1785 782 1860 quidem
814 1785 1015 1842 cedunt
1053 1792 1108 1843 et
1140 1785 1255 1842 dies
1298 1793 1354 1842 et
1385 1802 1598 1843 menses
1635 1794 1691 1843 et
1722 1789 1887 1844 anni:
1928 1806 2029 1847 nec

138 1919 143 1922 ⁴
180 1889 534 1966 praeteritum
569 1894 784 1962 tempus
837 1904 1096 1961 umquam
1137 1889 1460 1954 revertitur,
1500 1906 1632 1956 nec,
1664 1890 1797 1963 quid
1834 1908 2025 1965 sequa·

181 1997 310 2058 tur,
349 1990 480 2049 sciri
509 1996 702 2064 potest.
782 1989 935 2059 Quod
960 1990 1158 2062 cuique
1188 1990 1447 2063 temporis
1500 1990 1567 2046 ad
1607 1991 1900 2049 vivendum
1932 1993 2023 2049 da·

182 2098 300 2158 tur,
341 2108 405 2149 eo
455 2090 612 2149 debet
660 2107 777 2148 esse
834 2097 1139 2146 contentus,
1218 2091 1401 2163 Neque
1440 2092 1586 2147 enim
1634 2092 1917 2158 histrioni,
1964 2103 2026 2151 ut

182 2191 419 2267 placeat,
457 2191 763 2266 peragenda
803 2190 983 2247 sabula
1022 2198 1131 2253 est;
1171 2190 1329 2247 modo
1349 2233 1364 2256 ,
1399 2192 1455 2246 in
1481 2207 1823 2266 quocumque
1862 2193 2029 2251 fuerit

184 2298 312 2351 actu
332 2334 347 2359 ,
388 2291 679 2367 probetur:
721 2307 819 2348 nec
853 2292 1084 2365 sapienti
1118 2308 1287 2365 usque
1321 2291 1389 2347 ad
1415 2290 1662 2349 Plaudite
1684 2295 2027 2353 veniendum.

261 2496 370 2554 XL.
453 2500 577 2552 111.
632 2495 1014 2568 Quamquam³
1061 2495 1191 2567 quid
1231 2511 1365 2567 opus
1411 2502 1493 2551 est
1551 2497 1607 2551 in
1646 2495 1748 2551 hoc
1800 2497 2028 2571 philoso-

181 2596 369 2671 phari,
407 2612 578 2670 quum
625 2613 741 2652 rem
789 2611 896 2651 non
940 2611 1138 2668 magno
1176 2612 1335 2669 opere
1380 2594 1718 2670 philosophia
1754 2614 1913 2670 egere
1950 2599 2033 2654 vi·

185 2697 410 2756 deamus
430 2691 466 2755 ἴ
531 2698 752 2767 Quoties
793 2714 899 2752 non
938 2696 1096 2752 modo
1124 2696 1377 2753 ductores
1416 2699 1624 2764 nostri,
1664 2698 1759 2754 sed
1793 2700 2033 2757 universi

116 2817 120 2821 ’
186 2799 351 2856 etiam
372 2799 670 2863 exercituS,
699 2797 768 2854 ad
787 2814 894 2853 non
915 2796 1134 2853 dubiam
1169 2803 1399 2852 mortem
1420 2801 1840 2854 concurrerunt!
1883 2799 2034 2869 Quae

185 2898 407 2974 quidem
450 2900 500 2956 si
549 2900 865 2963 timeretur,
918 2915 1024 2953 non
1057 2899 1116 2954 L.
1160 2900 1366 2955 Brutus
1386 2940 1402 2963 ,
1458 2914 1651 2954 arcens
1688 2916 1814 2955 eum
1852 2900 2036 2958 reditu

190 3009 488 3078 tyrannum
508 3043 524 3068 ‚
558 3018 720 3074 quem
755 3001 868 3074 ipse
889 3000 1196 3074 expulerat,
1236 3001 1293 3055 in
1314 2999 1516 3074 praelio
1542 3001 1900 3064 concidisset;
1926 3019 2034 3057 non

188 3119 316 3160 cum
355 3103 564 3159 Latinis
602 3101 883 3158 decertans
934 3108 1088 3174 pater
1121 3101 1321 3156 Decius
1342 3143 1355 3166 ,
1391 3116 1518 3154 cum
1570 3099 1818 3174 Etruscis
1859 3100 2032 3167 filius,

188 3220 315 3260 cum
354 3201 564 3278 Pyrrho
616 3216 781 3275 nepos
838 3218 898 3257 se
930 3201 1170 3257 hostium
1211 3201 1333 3257 telis
1373 3200 1723 3263 obiecissent3
1763 3217 1871 3256 non
1923 3218 2032 3258 uno

190 3304 328 3363 hello
365 3321 463 3379 pro
501 3304 678 3378 patria
716 3302 970 3358 cadentes
1009 3303 1286 3376 Scipiones
1310 3302 1566 3374 Hispania
1594 3301 1847 3365 vidisset,
1872 3302 2033 3358 Paul-

189 3405 306 3462 lum
345 3411 399 3461 et
439 3406 725 3462 Geminum
770 3406 1020 3469 Cannae,
1063 3406 1300 3460 Venusia
1342 3402 1682 3483 Marcellum,
1722 3403 1900 3459 Latini
1940 3404 2033 3459 Al-

253 3547 420 3610 ¹)1bid.
439 3550 463 3609 §
482 3550 555 3595 94.
590 3573 649 3583 -—
684 3550 721 3607 ⁹)
742 3546 795 3593 de
812 3549 978 3593 Senect.
1000 3563 1035 3592 e.
1058 3550 1128 3593 19.
1150 3550 1174 3606 §
1194 3549 1266 3593 69.
1286 3573 1344 3581 -
1377 3547 1416 3607 ⁵)
1449 3548 1573 3592 Tusc.
1592 3549 1627 3594 1.
1659 3563 1694 3592 c.
1714 3550 1785 3593 37.
1819 3549 1844 3609 §
1864 3549 1937 3592 89.
