2150 3990
257 259 358 309 122
847 272 1056 308 1111111110
1102 272 1170 307 DE
1221 271 1355 308 ν1τΑ
1403 272 1506 308 sm

251 405 382 461 lem:
410 411 499 468 tu,
532 421 699 477 quum
721 407 1047 461 conscientia
1067 405 1328 460 scelerum
1349 412 1565 460 tuorum
1593 417 1849 473 agnoscas
1877 399 2057 455 odium

249 505 489 560 omnium
523 505 725 560 iustum
760 511 812 560 et
846 507 952 559 iam
984 505 1082 559 tihi
1117 505 1209 560 diu
1243 505 1510 566 debitum,
1551 502 1792 566 dubitaS,
1831 517 2059 572 quorum

248 613 456 660 mentes
502 622 794 677 sensusque
825 605 1101 669 vulneraS,
1142 622 1325 660 eorum
1365 608 1640 674 aspectum
1678 602 2058 673 praesentiam-

248 723 352 779 que
391 707 595 761 vitare?
689 706 745 760 Si
779 712 832 759 te
870 712 1117 777 parentes
1161 707 1415 760 timerent
1453 710 1613 775 atque
1664 702 1900 757 odissent
1943 702 2059 764 tui,

247 823 419 878 neque
458 823 546 861 eos
572 805 680 860 ulla
705 806 911 859 ratione
943 805 1152 877 placare
1183 821 1392 877 posseS‚
1431 809 1493 857 ut
1525 804 1738 875 opinor,
1778 801 1843 856 ab
1875 817 2062 859 eorum

247 908 415 962 oculis
447 908 624 978 aliquo
670 905 1011 960 concederes:
1054 923 1196 961 nunc
1243 913 1295 960 te
1327 905 1529 976 patria,
1581 919 1717 976 quae
1760 901 2062 958 communis

246 1014 329 1062 est
361 1006 601 1061 omnium
628 1011 874 1060 nostrum
905 1022 1126 1077 parenS,
1166 1006 1278 1060 odit
1315 1021 1378 1059 ac
1410 1004 1639 1068 metuit,
1679 1009 1733 1058 et
1771 1001 1976 1057 iamdiu
2007 1008 2062 1055 te

247 1107 382 1162 nihil
433 1106 635 1160 iudicat
670 1106 773 1160 nisi
813 1106 879 1161 de
930 1105 1219 1178 parricidio
1258 1122 1355 1160 suo
1402 1106 1659 1177 cogitare.
1759 1108 1846 1159 50.
1889 1103 2062 1162 Huius

245 1215 308 1263 tu
347 1224 518 1279 neque
551 1208 928 1263 auctoritatem
961 1207 1211 1262 verebere
1231 1249 1244 1271 ,
1267 1193 1481 1278 *neque
1502 1206 1766 1262 iudicium
1805 1221 2027 1276 sequere
2050 1245 2063 1267 ,
2141 1194 2147 1200 ’

247 1325 420 1380 neque
452 1309 563 1362 vim
601 1307 989 1379 pertimesces?
1069 1307 1214 1374 Quae
1252 1313 1435 1361 tecum
1455 1348 1470 1371 ,
1509 1306 1765 1370 Catilina,
1804 1305 1882 1359 sic
1921 1305 2062 1375 agit,

246 1416 301 1464 et
340 1408 727 1481 quodammodo
765 1409 930 1463 tacita
967 1408 1233 1480 loquitur:
1274 1406 1496 1467 Nullum
1535 1406 1732 1478 aliquot
1767 1386 1876 1459 iam
1913 1404 2065 1459 annis

246 1510 454 1581 facinus
491 1510 718 1573 exstitit,
757 1509 861 1563 nisi
891 1526 992 1580 per
1024 1516 1110 1563 te.-
1163 1507 1371 1561 nullum
1401 1507 1666 1579 flagitium
1703 1506 1922 1559 sinete:
1971 1504 2066 1560 tibi
2139 1553 2143 1556 .

243 1610 338 1663 uni
367 1587 652 1664 multorum
680 1611 871 1664 civium
901 1627 1075 1673 mcccc,
1114 1607 1210 1663 tibi
1235 1608 1440 1662 vexatio
1463 1586 1783 1679 direptioque
1813 1606 2066 1685 sociorum
2104 1595 2115 1602 ’

245 1711 503 1782 impunita
543 1712 649 1784 fuit
685 1729 747 1766 ac
784 1710 983 1765 libera:
1023 1719 1080 1764 tu
1116 1727 1218 1764 non
1255 1709 1426 1764 solum
1456 1708 1526 1763 ad
1561 1707 1897 1782 neqliqendas
1930 1706 2068 1779 loyes

246 1828 307 1865 ac
339 1812 686 1882 quaestionem,
725 1828 916 1866 verumv
945 1811 1102 1866 etiam
1133 1810 1202 1864 ad
1233 1810 1531 1865 evertendas
1561 1808 2068 1882 perfrinyendasque
2134 1861 2138 1870 ,

244 1909 472 1965 valuisti.
564 1911 844 1982 Superiora
881 1910 1007 1975 illa,
1059 1928 1377 1982 quamquam
1412 1910 1630 1983 serenda
1672 1927 1774 1965 non
1823 1913 2066 1981 suerunt,

246 2019 447 2076 tamen,
485 2020 543 2066 ut
566 2013 745 2083 potui,
784 2012 886 2066 tuli
899 2032 917 2067 .·
955 2029 1093 2066 nunc
1123 2029 1242 2067 vero
1267 2029 1352 2066 me
1382 2018 1542 2067 totam
1571 2026 1682 2067 esse
1704 2011 1926 2064 inmota
1943 2027 2064 2081 pro·
2094 2041 2095 2050 κ

240 2119 360 2182 pter
379 2120 428 2168 te
452 2129 648 2175 unum5
683 2112 938 2186 quidquid
954 2113 1296 2184 increpuerit,
1320 2111 1602 2176 Catilinam
1620 2111 1828 2172 timeri:
1859 2110 2066 2166 nullum
2144 2096 2150 2155 ἶ

244 2213 413 2268 videri
450 2221 627 2267 contra
665 2230 749 2267 me
786 2212 1063 2268 consilium
1097 2212 1227 2282 iniri
1256 2230 1410 2284 posse
1428 2253 1445 2279 ,
1502 2211 1657 2285 quod¹
1682 2230 1716 2266 a
1751 2219 1839 2267 tuo
1877 2211 2069 2267 scelere

245 2312 550 2377 abhorreat,
606 2330 708 2366 non
754 2321 828 2367 est
877 2311 1170 2385 ferendum.
1275 2313 1618 2377 Quamobrem
1667 2312 1870 2369 discede
1912 2320 2068 2386 atque

246 2412 384 2467 hunc
414 2413 548 2467 mihi
592 2413 830 2467 timorem
867 2414 1043 2484 eripe.-
1094 2414 1142 2467 ci
1178 2422 1255 2468 est
1273 2411 1280 2418 ‘
1296 2432 1450 2469 verus
1468 2456 1484 2478 ,
1522 2432 1588 2469 ne
1624 2415 1929 2485 opprimar,-
1985 2414 2067 2469 sin

247 2513 448 2586 falsuS,
473 2520 533 2567 ut
551 2513 759 2567 tandem
787 2513 1068 2586 aliquando
1099 2514 1283 2569 timere
1311 2515 1564 2569 desinam.
1609 2515 1759 2570 ‘Haec
1788 2516 1833 2569 si
1854 2521 2065 2580 tecum,
2145 2520 2150 2589 ᾗ

247 2622 311 2669 ut
342 2614 490 2680 dixi,
528 2615 706 2687 patria
722 2614 989 2697 ‘loquatur
1008 2657 1024 2680 ,
1075 2632 1251 2670 nonne
1288 2616 1580 2688 impetrare
1618 2615 1842 2681 debeat,
1883 2616 2068 2671 etiam·
2138 2595 2150 2686 f

247 2715 296 2770 si
326 2716 438 2770 vim
470 2715 724 2779 adhibere
758 2733 863 2770 non
896 2716 1106 2788 possit?
1187 2721 1275 2772 51.
1318 2717 1488 2785 Quid,
1525 2717 1668 2789 quod
1699 2724 1762 2772 tu
1793 2724 1847 2772 te
1873 2717 2068 2790 ipsein
2147 2699 2150 2705 ⁴

246 2815 548 2871 custodiam
582 2815 814 2870 dedisti?
854 2816 1014 2888 quid,
1054 2817 1225 2889 quod,
1257 2808 1507 2872 vitandae
1526 2818 1847 2890 suspicionis
1879 2834 2070 2873 caussa

246 2917 391 2990 apud
422 2917 509 2971 M’.
549 2915 810 2988 Lepidum
841 2923 896 2971 te
927 2917 1170 2973 hahitare
1201 2918 1336 2974 velle
1367 2919 1588 2974 dixisti?
1629 2936 1661 2974 a
1692 2936 1805 2992 quo
1842 2936 1948 2973 non
1987 2935 2067 2973 re-

170 3086 175 3093 ,
247 3023 437 3090 ceptus
457 3059 473 3082 ,
530 3017 694 3072 etiam
739 3017 808 3072 ad
852 3035 939 3073 me
988 3020 1172 3075 venire
1216 3037 1381 3075 ausus
1431 3036 1517 3086 es,
1569 3026 1760 3092 atque,
1813 3025 1875 3074 ut
1926 3019 2069 3073 domi
2135 3031 2150 3074 ζ

249 3135 400 3174 meae
443 3125 498 3174 te
536 3119 867 3174 asservarein
887 3162 903 3184 ,
942 3121 1160 3192 rogasti.
1241 3122 1419 3189 Quum
1458 3138 1490 3176 a
1527 3138 1615 3177 me
1654 3137 1863 3193 quoque
1902 3119 1957 3174 id
1990 3135 2069 3174 re·
2123 3117 2149 3203 J

250 3236 505 3290 sponsum
545 3219 793 3285 tulisses,
845 3237 932 3276 me
971 3221 1116 3275 nullo
1159 3222 1314 3277 modo
1352 3221 1506 3294 posse
1537 3220 1728 3276 iisdem
1773 3219 2071 3292 parietibus

252 3325 370 3373 tuto
408 3337 523 3374 esse
561 3326 783 3384 tecum,
822 3322 915 3393 qui
954 3338 1148 3392 magno
1188 3323 1242 3376 in
1282 3321 1520 3394 periculo
1558 3338 1759 3386 essem,
1800 3321 1940 3392 quod
1981 3321 2068 3375 iis-

251 3419 371 3474 dem
406 3421 684 3475 moenibus
710 3423 1135 3486 contineremur,
1176 3422 1242 3477 ad
1270 3422 1329 3490 Q.
1359 3422 1626 3477 Metellum
1653 3427 1950 3494 praetorem
1985 3437 2067 3475 ve-

253 3519 395 3575 nisti.
479 3522 519 3575 A
567 3540 669 3593 quo
711 3518 1051 3594 repudiatus,
1101 3525 1165 3579 ad
1200 3523 1430 3579 sodalem
1473 3530 1661 3588 tuum,
1715 3504 1891 3578 virum
1939 3522 2068 3594 opti-
