2150 3990
239 219 310 270 90
873 231 1084 271 crosno
1130 228 1201 272 nu
1249 235 1384 274 vlu
1433 235 1538 273 sua

236 381 340 418 nou
387 366 587 436 possim
637 365 885 439 implere;
944 368 1083 439 quod
1135 375 1216 423 est
1262 367 1651 440 impudentiae:
1707 373 1800 420 aut
1847 366 1899 421 id
1954 384 2057 422 non

233 463 471 529 efficere,
524 466 664 537 quod
704 469 931 539 possim;
970 468 1111 539 quod
1150 475 1232 523 est
1276 474 1370 522 aut
1421 466 1702 539 perfidiae,
1753 472 1849 520 aut
1894 468 2058 538 negli-

233 566 461 635 gentiae.
515 567 653 621 Tum
683 584 806 622 vero
828 569 903 621 ita
931 585 1049 622 sum
1077 568 1454 640 perturbatu8‚
1494 572 1555 620 ut
1581 566 1760 620 omnia
1786 567 2056 621 timerem:

232 666 279 719 si
321 666 454 719 nihil
493 667 776 732 dixissem,
831 686 897 722 ne
938 667 1358 727 infantissimus;
1411 666 1456 719 si
1491 665 1662 719 multa
1701 666 1756 718 in
1795 667 2056 721 eiusmodi

232 782 424 819 caussa
462 766 746 831 dixissem,
788 784 854 821 ne
895 767 1394 838 impudentissimus
1428 766 1784 820 existimarer.
1863 767 2058 838 Collegi

229 882 318 920 me
361 865 672 936 aliquando,
713 872 767 920 et
800 867 875 919 ita
914 867 1207 931 constitui,
1248 866 1460 920 sortiter
1491 883 1608 922 esse
1640 866 1942 937 agendum;
1981 866 2059 921 illi

230 965 424 1028 aetati,
465 981 571 1035 qua
604 971 722 1018 tum
755 982 933 1029 eram,
973 965 1142 1020 solere
1173 966 1320 1020 laudi
1355 966 1501 1031 dari,
1541 967 1753 1022 etiamsi
1788 967 1844 1021 in
1876 968 2059 1021 minus

230 1067 402 1121 firmis
447 1065 654 1119 caussis
698 1065 978 1120 hominum
1020 1067 1278 1138 periculis
1322 1084 1430 1122 non
1474 1066 1782 1123 defuissem.
1873 1069 2062 1139 ltaque

227 1166 358 1222 feci:
401 1167 477 1221 sic
517 1168 782 1239 pugnavi,
821 1168 900 1222 sic
927 1168 1074 1222 omni
1106 1169 1314 1224 ratione
1346 1169 1628 1234 contendi,
1667 1170 1746 1225 sic
1779 1169 1847 1224 ad
1880 1169 2060 1224 omnia

228 1268 482 1340 confugi,
535 1275 800 1340 quantum
840 1286 938 1340 ego
971 1271 1183 1342 assequi
1222 1271 1404 1342 potui,
1443 1271 1682 1326 remedia
1715 1287 1776 1326 ac
1814 1269 2061 1343 perfugia

228 1387 573 1435 caussarum,
627 1376 689 1424 ut
727 1369 858 1435 hoc,
905 1370 1047 1442 quod
1084 1370 1274 1425 timide
1313 1370 1516 1436 dicam,
1557 1378 1878 1426 consecutus
1928 1371 2062 1434 sim,

227 1488 296 1527 ne
328 1471 450 1543 quis
476 1471 554 1525 illi
576 1487 810 1526 >caussae
835 1477 1122 1544 patronum
1156 1470 1390 1527 defuisse
1421 1470 1796 1526 arbitraretur.

306 1672 468 1727 XXX.
549 1676 639 1727 80.
681 1673 932 1727 Praetore
954 1677 970 1709 ¹
1006 1688 1124 1736 me,
1176 1671 1407 1726 Catilina
1449 1669 1688 1726 Africam
1726 1669 2061 1742 praetonoh-

227 1772 450 1827 tinehat.
531 1772 764 1828 Secutus
797 1779 879 1828 est
911 1789 1113 1828 annus:
1155 1789 1403 1828 caussam
1436 1771 1503 1828 de
1534 1771 1780 1844 pecuniis
1812 1776 2061 1844 repetun-

227 1873 312 1928 dis
356 1873 587 1929 Catilina
625 1873 779 1929 dixit.
856 1874 1053 1928 ΜιιΙῐί2
1091 1891 1157 1929 ex
1197 1875 1344 1929 omni
1383 1873 1571 1929 ordine
1614 1879 1779 1944 atque
1817 1889 1883 1928 ex
1915 1872 2060 1927 omni

224 1980 401 2030 aetate
452 1973 781 2029 studuerunt
830 1974 1107 2030 Catilinae.
1205 1974 1407 2030 Habuit
1456 1974 1603 2030 enim
1647 1973 1738 2029 ille
1793 1971 2062 2046 permulta

220 2075 613 2140 maximarum,
651 2092 760 2129 non
794 2092 1045 2147 expressa
1073 2076 1256 2147 signa.
1295 2075 1390 2131 sed
1426 2075 1749 2131 adumbrata
1774 2075 2062 2130 virtutum.

222 2175 490 2231 IJtebatur
528 2174 838 2230 hominihus
869 2175 1130 2248 improbis
1159 2175 1376 2231 multis:
1415 2183 1471 2232 et
1502 2176 1722 2248 quidem
1755 2175 1974 2248 optimis
2006 2191 2064 2230 se

226 2277 362 2331 viris
401 2275 644 2331 deditum
678 2293 796 2332 esse
827 2276 1135 2332 simulabat.
1211 2277 1384 2333 Erant
1427 2275 1571 2350 apud
1597 2276 1752 2332 illum
1783 2275 2066 2331 illecebrae

222 2376 514 2432 libidinum
553 2376 783 2431 multae:
833 2383 989 2432 erant
1027 2379 1192 2433 etiam
1237 2377 1539 2433 industriae
1583 2377 1802 2450 quidam
1855 2375 2063 2432 stimuli

225 2494 290 2532 ac
321 2476 537 2531 laboriS.
616 2477 943 2549 Plagrabant
973 2479 1108 2533 vitia
1138 2478 1380 2533 libidinis
1413 2477 1556 2550 apud
1588 2478 1770 2533 illum:
1810 2476 2063 2548 vigebant

223 2578 391 2638 etiam
430 2576 612 2632 studia
643 2578 724 2632 rei
763 2578 1033 2633 militaris.
1113 2578 1297 2651 Neque
1332 2594 1432 2650 ego
1463 2594 1721 2650 umquam
1756 2576 1924 2633 fuisse
1956 2576 2064 2631 tale

224 2685 531 2733 monstrum
558 2678 615 2732 in
648 2680 812 2734 terris
844 2680 1017 2735 ullum
1049 2687 1209 2753 pute,
1249 2687 1362 2735 tam
1391 2696 1460 2734 ex
1493 2679 1780 2734 contrariis
1812 2677 2062 2733 diversis-

220 2796 330 2851 que
369 2779 513 2833 inter
550 2796 608 2834 se
646 2780 1013 2852 pugnantibus
1051 2786 1280 2834 naturae
1317 2778 1516 2833 studiis
1564 2778 2063 2851 cupiditatibusque

225 2879 538 2934 conflatum.
620 2883 709 2934 81.
753 2879 884 2947 Quis
925 2880 1243 2935 clarioribus
1274 2880 1407 2934 viris
1440 2879 1673 2952 quodam
1707 2886 1948 2952 tempore
1983 2880 2062 2933 iu-

223 2980 487 3035 cundior?
543 2981 665 3052 quis
709 2981 1043 3053 turpioribus
1082 2981 1454 3035 coniunctior?
1534 2981 1666 3048 Quis
1698 2982 1833 3036 civis
1877 2979 2058 3035 melio·
2143 2974 2150 3047 s

224 3097 351 3136 rum
388 3082 627 3153 partium
660 3081 981 3154 aliquando?
1023 3083 1145 3154 quis
1178 3084 1402 3137 taetrior
1434 3082 1606 3138 hostis
1643 3082 1771 3136 huic
1812 3081 2057 3136 civitati?

223 3181 360 3248 Quis
399 3182 456 3236 in
489 3182 854 3254 voluptatibus
888 3183 1254 3256 inquinatior?
1298 3183 1421 3255 quis
1459 3183 1517 3237 in
1555 3182 1827 3237 laboribus
1858 3182 2061 3254 patien-

227 3281 368 3336 tior?
410 3283 531 3355 quis
559 3284 614 3338 in
647 3285 942 3358 rapacitate
968 3285 1212 3340 avarior?
1254 3285 1377 3357 quis
1404 3284 1459 3339 in
1494 3284 1778 3357 largitione
1805 3283 2058 3339 ess'usior?

231 3431 444 3446 u*

228 3538 231 3539 ⁷
292 3515 331 3573 ¹)
362 3530 436 3575 pro
468 3512 606 3560 Caelio
639 3531 674 3560 e.
698 3517 738 3560 4.
772 3518 886 3574 §10.
922 3542 977 3551 --
1013 3518 1052 3574 2)
1086 3514 1194 3563 lbid.
1226 3531 1262 3565 c.
1281 3520 1322 3563 5.
1356 3517 1470 3573 §12
