2210 3970
252 246 360 298 690
710 255 1037 294 ANNALES
1093 255 1598 296 clccuoulAul.

250 386 330 430 illi.
348 387 525 447 suisset
557 401 710 431 nomen
747 387 795 430 in
826 385 1122 447 praeteritum
1148 384 1317 444 gentile
1354 385 1525 429 scilieet
1565 395 1609 431 et
1650 396 1835 433 naturae
1870 389 2068 435 Cornelio

253 466 478 526 Scipioni,
509 465 801 525 reformatum
828 471 896 507 est
912 494 925 519 ‚
957 470 1011 506 ut
1037 469 1151 506 esset
1183 461 1232 518 Q.
1250 462 1457 506 Metellus
1484 465 1647 525 Scipio.
1708 467 1773 510 Ab
1802 466 1879 511 hoc
1905 467 2073 512 editum

250 541 574 602 gladiatorium
606 542 907 604 spectaculum
933 541 1045 586 dicit
1077 543 1125 585 in
1154 541 1356 584 honorem
1374 540 1612 599 funebrem
1649 543 1697 600 Q.
1731 544 1915 590 Metelli.

333 645 418 719 (¹⁰)
461 646 643 701 Cicero
685 647 798 718 ipso
839 645 929 699 illo
967 645 1080 710 die,
1122 663 1225 717 quo
1264 645 1349 700 lex
1391 646 1498 700 lata
1540 653 1652 712 cst,
1691 646 1961 718 profectus
2001 653 2081 701 est

257 746 591 821 Dyrrhachio
615 747 726 822 (ubi
748 746 870 801 inde
901 763 947 800 a.
969 746 1017 800 d.
1042 751 1108 800 25
1131 747 1323 801 Novbr.
1342 751 1450 802 696
1478 771 1553 803 =
1585 752 1617 802 9
1639 749 1825 802 Decbr.
1851 752 1920 802 58
1958 747 2078 802 a.C.
2198 739 2210 802 Ξ

257 855 500 902 moratus
529 847 731 912 suerat,
764 864 814 901 v.
840 847 904 901 ad
928 863 973 900 a.
996 851 1120 900 696.
1157 846 1247 919 50)
1272 848 1522 918 venitque
1552 848 1903 902 Brundisium
1923 848 2088 902 Nonis

259 949 442 1003 Sextil.
490 949 588 1022 [ιτ.
627 954 658 1002 5
700 948 843 1002 Sext.
890 945 1072 1020 (Aug.)
1111 950 1218 1000 697
1261 966 1335 996 --
1377 952 1440 1000 11
1484 948 1619 1018 Aug.
1663 953 1730 1002 57
1774 966 1819 1002 a.
1843 949 1921 1021 [L]
1966 946 2089 1001 Tul-

260 1049 364 1103 liae
408 1063 536 1102 suae
575 1047 758 1101 natali.
856 1045 936 1100 Ibi
970 1064 1039 1100 vi.
1077 1045 1152 1099 Id.
1191 1045 1335 1101 Sext.
1380 1046 1472 1119 [z
1505 1051 1538 1102 8
1582 1047 1725 1102 Sext.
1764 1047 1941 1121 (Aug.)
1980 1051 2087 1101 697

260 1167 326 1200 =
369 1152 437 1202 14
471 1149 607 1219 Aug.
647 1152 716 1202 57
752 1165 800 1204 a.
825 1147 906 1221 C.]
952 1146 1151 1201 litteris
1184 1147 1367 1214 Quinti
1409 1146 1592 1202 fratris
1633 1149 1878 1218 cognovit
1915 1147 2088 1219 legem

263 1247 494 1302 mirifico
534 1247 713 1301 studio
753 1248 995 1301 omnium
1037 1252 1275 1301 aetatum
1317 1254 1478 1319 atque
1511 1247 1774 1310 ⁴ordinum
1815 1265 1929 1302 esse
1970 1265 2094 1320 per·

265 1347 450 1403 latam.
492 1364 560 1401 v1.
600 1364 647 1401 c.
675 1352 723 1401 1.
764 1350 814 1400 2.

326 1448 409 1493 Cic.
443 1463 519 1509 pro
553 1447 694 1491 Sextio
721 1463 756 1491 c.
776 1450 850 1492 63.
883 1450 986 1491 131.
1023 1447 1167 1506 Quum
1212 1447 1326 1506 ipsis
1374 1447 1509 1489 Nouis
1542 1447 1667 1490 Sext.
1711 1446 1827 1491 idem
1874 1446 1969 1490 dies
2016 1447 2095 1490 ad-

264 1534 422 1571 ventus
451 1526 539 1570 mei
555 1525 735 1584 fuisset
765 1523 1050 1584 reditusque,
1084 1525 1253 1569 natalis
1285 1524 1400 1569 idem
1431 1525 1689 1569 carissimae
1713 1523 1850 1584 filiae
1882 1550 1942 1557 —
1974 1523 2090 1568 idem

266 1605 401 1649 etiam
426 1604 575 1666 ipsius
606 1603 802 1647 coloniae
833 1600 1161 1657 Brundisinae,
1193 1601 1308 1646 idem
1342 1601 1549 1658 Salutis,
1581 1610 1635 1647 ut
1667 1603 1827 1647 scitis:
1860 1610 1942 1647 cet.

343 1706 431 1782 (¹1)
474 1707 758 1761 Brundisio
811 1705 999 1759 relicto
1034 1703 1305 1776 profectus
1341 1710 1454 1785 cst,
1503 1711 1566 1759 ut
1610 1705 1854 1770 videtur,
1895 1705 2093 1776 Neapo-

267 1810 375 1873 lin,
431 1807 554 1862 inde
594 1808 862 1879 Capuam,
905 1805 1247 1869 Sinuessam,
1287 1805 1618 1867 Minturnas,
1659 1807 1933 1872 FormiaS,
1973 1807 2098 1860 Ter·

266 1910 509 1964 racinam
553 1915 604 1963 et
641 1908 857 1962 demum
893 1908 1156 1971 Ariciam,
1212 1912 1467 1978 exceptus
1506 1906 1704 1978 ubique
1739 1925 1950 1963 summa
1991 1926 2100 1962 om-

269 2012 423 2065 nium
456 2009 874 2081 municipiorum
897 2051 912 2073 ,
953 2007 1421 2079 praefecturarum
1443 2050 1458 2072 ‚
1500 2007 1827 2063 coloniarum
1870 2008 2100 2079 gratula-

269 2112 416 2166 tione
455 2115 509 2165 et
546 2110 756 2181 plausu.
837 2107 1063 2161 Romam
1106 2114 1286 2162 autem
1334 2107 1609 2163 accedenti
1649 2110 1891 2164 Ciceroni
1930 2109 2104 2181 pridie

273 2212 405 2266 Non.
458 2210 602 2282 Sept.
665 2211 759 2282 [z
796 2212 836 2262 4‘
878 2208 1019 2280 Sept.
1068 2211 1174 2262 697
1213 2227 1276 2262 Ξ
1307 2213 1339 2262 8
1373 2207 1516 2280 Sept.
1569 2214 1656 2266 57.
1707 2227 1753 2264 a.
1797 2210 1875 2283 C.]
1931 2211 2105 2264 omnis

279 2313 519 2366 omnium
560 2309 821 2364 bonorum
855 2307 1147 2363 multitudo
1182 2308 1391 2362 obviam
1434 2310 1558 2375 ivit,
1598 2328 1666 2364 νι.
1709 2328 1754 2364 c.
1781 2314 1812 2364 2
1849 2328 1930 2382 sq.
1970 2326 2106 2382 quae

278 2413 489 2485 ipsum,
522 2427 689 2482 quum
740 2427 834 2481 per
864 2427 951 2463 xv1
993 2426 1205 2463 menses
1239 2410 1291 2462 in
1330 2409 1514 2464 exsilio
1548 2409 1768 2473 fuisset,
1811 2417 1962 2465 tanta
2001 2410 2108 2465 lae·
2205 2470 2210 2490 1

277 2513 403 2567 titia
439 2518 694 2581 tantoque
728 2509 905 2563 studio
941 2510 1158 2563 domum
1197 2526 1349 2563 suam
1389 2510 1634 2575 reduxit,
1674 2518 1735 2564 ut
1775 2528 1898 2565 vere
1933 2511 2111 2566 dicere
2202 2494 2210 2575 ξ

281 2606 517 2685 potuerit
549 2626 604 2664 se
641 2609 871 2663 humeris
915 2608 1104 2663 Italiae
1134 2609 1352 2663 Romam
1391 2628 1499 2664 esse
1537 2619 1873 2683 reportatum.
1914 2630 1948 2665 1.
1984 2630 2030 2667 c.
2063 2617 2112 2668 7.
2205 2597 2210 2611 ¹

287 2717 382 2773 19.
415 2730 464 2770 v.
502 2729 554 2769 c.
579 2714 671 2767 54.
705 2713 795 2764 87.

347 2812 540 2859 Velleius
567 2824 620 2856 11.
651 2826 686 2855 c.
707 2813 778 2854 45.
807 2814 849 2854 3.
883 2809 1005 2853 Idem
1039 2811 1230 2869 (Oicero)
1256 2812 1379 2855 intra
1412 2811 1634 2856 biennium
1667 2828 1767 2856 sera
1805 2814 1877 2856 Cn.
1908 2814 2112 2874 Pompeii
2201 2803 2205 2820 ’

286 2908 420 2955 cura,
451 2906 631 2944 verum,
663 2895 718 2932 ut
749 2888 923 2948 coepit,
956 2889 1154 2943 intenta,
1186 2890 1388 2950 votisque
1415 2890 1582 2934 Italiae
1609 2907 1659 2934 ac
1687 2890 1875 2934 decretis
1905 2899 2114 2947 senatus,

290 2971 458 3016 virtute
484 2975 619 3028 atque
646 2967 817 3010 actione
849 2965 987 3009 Annii
1018 2965 1200 3010 Milonis
1228 2967 1398 3011 tribuni
1415 2968 1588 3028 plebis,
1622 2966 1836 3027 dignitati
1853 2969 2119 3029 patriaeque
2207 2975 2210 2977 ’

287 3049 529 3094 restitutus
566 3053 646 3090 est.
709 3043 929 3089 Plutarch.
959 3043 1044 3087 Cic.
1079 3059 1115 3087 c.
1135 3048 1206 3089 33.
1237 3049 1278 3090 3.
1310 3047 1495 3105 Κατῄει
1521 3045 1574 3092 δὲ
1594 3045 1814 3108 Κικέρων
1843 3046 2120 3092 ἑκκαιδεκά-
2199 3055 2210 3087 Σ

293 3146 357 3190 τῳ
383 3129 498 3188 μηνὶ
531 3124 653 3185 μετοὶ
680 3124 763 3182 τήν
795 3121 975 3186 φυγήν·
1013 3125 1094 3167 καὶ
1123 3126 1339 3183 τοσαύτη
1370 3128 1454 3177 τάς
1485 3127 1656 3177 πόλεις
1683 3128 1807 3188 χαρὰ
1839 3126 2123 3185 καὶσπουδή
2194 3171 2210 3175 ,,

293 3209 412 3258 τούς
457 3201 747 3264 ἀνθρώπους
785 3205 896 3264 περὶ
931 3200 1019 3259 τήν
1058 3200 1328 3261 ἀπάντησιν
1360 3200 1521 3262 εἶχεν,
1578 3204 1700 3251 ὥστε
1736 3205 1789 3250 τὸ
1830 3204 1981 3267 ῥηθὲν
2029 3205 2122 3252 ὑπὸ
2206 3236 2207 3240 =

292 3283 570 3345 Κικέρωνος
614 3280 820 3343 ὕστερον
863 3278 1172 3343 ἐνδεέστερον
1217 3278 1347 3329 εἶναι
1397 3288 1480 3342 τῆς
1528 3283 1782 3343 ἀληθείας.
1861 3289 1992 3344 ’Ἐφη
2038 3286 2127 3348 γὰρ

304 3364 457 3412 αὑτὸν
490 3361 572 3408 ἐπὶ
614 3363 710 3407 τῶν
743 3359 880 3420 ὤμων
910 3360 995 3420 τήν
1038 3362 1258 3407 Ἰταλίαν
1291 3364 1531 3427 φέρουσαν
1562 3368 1634 3417 εἰς
1678 3365 1761 3423 τήν
1791 3364 1977 3425 Ῥώμην
2007 3367 2128 3410 εἷσε·

299 3450 496 3507 νεγκεῖν.
561 3441 746 3501 Appian.
777 3443 885 3485 B.C.
914 3453 965 3484 11.
999 3456 1036 3484 c.
1056 3443 1127 3484 16.
1173 3442 1394 3506 Κικέρων
1426 3443 1512 3506 μὲν
1545 3445 1604 3502 δή
1637 3468 1696 3478 —
1730 3444 1926 3503 κατῄει,
1972 3443 2127 3489 ἑκκαι-

293 3524 476 3571 δεκάτω
523 3520 737 3581 μάλιστα
779 3521 895 3580 μηνὶ
933 3520 1016 3576 τῆς
1059 3516 1332 3575 ἐξελάσεως.
1364 3549 1422 3557 -
1457 3523 1706 3585 ’Λαμπρῶς
1741 3523 1786 3568 δ’
1824 3523 1976 3571 αὐτὸν
2018 3524 2127 3585 περὶ
