2210 3970
282 225 388 276 814
747 204 1078 273 ANNALES
1132 231 1647 278 elcn'nonum.

281 365 434 430 dam,
475 358 879 436 militibusque,
935 367 1028 437 qui
1064 383 1167 438 pro
1199 364 1475 440 republica
1511 364 1881 437 interiissent,
1932 388 2119 432 monu·
2181 408 2185 411 -

280 472 523 521 mentum
561 464 866 519 faciendum
906 467 1137 522 censuit.

338 616 421 661 Cic.
454 615 637 678 Philipp.
669 629 766 662 xlv.
811 632 847 661 c.
881 619 919 662 1.
956 621 996 662 1.
1062 618 1141 664 Ex
1180 617 1380 675 litteris,
1423 635 1538 683 quae
1569 619 1783 665 recitatae
1812 631 1951 680 sunt,
1983 626 2037 670 P.
2071 612 2114 671 C}

275 694 715 739 sceleratissimorum
759 695 954 740 hostium
1000 695 1243 739 exercitum
1286 710 1462 740 caesum
1494 695 1764 757 ‘fusumque
1816 700 1999 760 cognovi
2040 709 2114 747 -—-.'

273 788 310 817 c.
350 776 393 817 5.
438 775 511 817 14.
589 772 742 817 Pridie
807 773 1013 829 Vinalia,
1073 774 1154 832 qui
1208 773 1305 818 dies
1332 763 1487 818 ‘hodie
1515 764 1614 819 est.
1670 791 1717 822 c..
1744 778 1785 820 9.
1828 778 1901 821 26.
1980 779 2114 822 Prin-

270 867 372 911 ceps
429 852 623 895 omnium
680 853 833 894 Pansa
880 850 1052 911 praelii
1099 850 1310 909 faciendi
1365 859 1411 895 et
1450 867 1551 895 cum
1591 853 1784 897 Antonio
1842 855 2113 916 confligendi

259 930 368 988 fuit
399 956 472 977 -,-.
507 928 597 973 Sed
631 945 767 989 quum
792 954 850 978 ,-
883 929 932 972 in
958 927 1126 988 primis
1159 929 1312 971 Pansa
1341 919 1592 989 pugnaret,
1641 928 1811 974 duobus
1839 921 2113 991 periculosis
2188 942 2202 970 -“

269 1007 526 1052 vulneribus
577 1007 804 1067 acceptis,
853 1005 1060 1051 sublatus
1103 1021 1136 1060 e,
1166 1005 1344 1066 praelio
1382 1006 1668 1069 ‘reipublicae
1724 996 1863 1053 vitam
1920 1024 2114 1067 reservae
2194 1012 2202 1032 ⁵

266 1085 346 1130 vit.
378 1112 437 1118 —
472 1100 507 1130 c.
536 1087 608 1128 10.
643 1086 715 1128 27.
784 1083 906 1142 Quid
944 1083 1092 1128 dicam
1129 1082 1181 1128 de
1210 1084 1402 1129 Hirtio?
1433 1085 1545 1146 qui,
1577 1101 1624 1129 re
1659 1084 1844 1145 audita,
1888 1104 1912 1131 e
1948 1089 2113 1133 castris
2189 1102 2194 1151 ξ

267 1161 382 1207 duas
436 1162 628 1224 legiones
670 1162 831 1211 ,eduxit
879 1162 1134 1208 incredibili
1173 1161 1324 1207 studio
1365 1158 1517 1224 'atque
1563 1162 1731 1208 virtute
1777 1190 1852 1210 —.
1899 1166 1969 1210 An
2011 1182 2112 1211 vero

267 1241 506 1304 quisquam
553 1240 777 1285 dubitabit
825 1239 1054 1302 appellare
1106 1242 1332 1284 Caesarem
1374 1241 1729 1301 imperatorem?
1760 1267 1820 1275 —
1852 1244 1929 1286 Ita
1971 1244 2113 1289 trium
2194 1240 2203 1301 j*

266 1321 584 1382 imperatorum
607 1309 773 1380 populi
801 1319 993 1363 Romani
1021 1319 1212 1375 virtute,
1246 1316 1464 1374 consitio,
1487 1317 1752 1378 felicitate,
1784 1334 1872 1364 uno
1899 1320 1971 1366 die
1999 1321 2133 1367 locis,
2171 1318 2199 1379 J?

259 1397 474 1460 pluribus
515 1396 766 1457 respublica
813 1403 881 1440 est
924 1403 1194 1442 conservata.
1242 1412 1278 1441 c.
1305 1399 1378 1440 11.
1412 1398 1486 1441 29.
1552 1397 1747 1442 Dec-erno
1777 1398 1923 1459 igitur
1956 1394 2107 1445 eorum
2180 1399 2193 1452 ζ·

265 1472 404 1522 'trium
430 1476 603 1520 nomine
629 1474 958 1535 quinquaginta
991 1473 1162 1518 dierum
1198 1473 1550 1535 supplicationes
1581 1500 1655 1519 -.
1689 1474 1781 1519 Est
1811 1483 1961 1520 autem
1984 1477 2106 1538 fidei
2188 1498 2193 1531 j

256 1554 536 1616 pietatisque
567 1560 746 1597 nostrae
773 1550 998 1596 declarare
1015 1550 1296 1610 fortissimis
1338 1550 1592 1608 militibus,
1624 1568 1758 1613 quam
1803 1570 2014 1613 memores
2043 1556 2107 1600 si·

264 1650 396 1690 mus,
427 1647 648 1694 quamque
670 1630 809 1692 grati.
842 1655 902 1663 —·
934 1644 969 1673 c.
1001 1631 1072 1673 14.
1107 1631 1179 1674 36.
1245 1627 1340 1674 Sed
1345 1662 1359 1686 ‚
1389 1636 1443 1674 ut
1467 1628 1709 1692 aliquando
1739 1633 1961 1677 sententia
1990 1649 2104 1677 com-

258 1711 465 1774 plectar,
498 1711 567 1755 ita
605 1724 786 1753 censeo:
840 1707 986 1766 Quum
1021 1707 1066 1752 0.
1088 1707 1241 1750 Pansa
1272 1707 1433 1753 consul
1439 1714 1454 1766 ‚*
1485 1708 1758 1770 imperator,
1793 1709 1976 1754 initium
2004 1727 2105 1756 cum
2183 1706 2186 1711 ’

265 1788 466 1834 hostibus
492 1785 761 1847 confligendi
767 1785 938 1845 fecerit
953 1810 1012 1819 —
1030 1806 1049 1840 ;
1079 1777 1303 1846 quumque
1327 1786 1377 1829 A.
1397 1785 1578 1830 Hirtius
1611 1783 1796 1841 consul,
1830 1786 2071 1849 imperator
2086 1820 2102 1844 ,

253 1865 433 1930 praelio
464 1862 621 1908 audito
638 1895 651 1919 ,
683 1878 732 1906 re
763 1862 941 1923 cognita
957 1895 971 1918 .,
994 1860 1257 1918 fortissimo
1288 1863 1768 1924 praestantissimoque
1798 1864 1945 1907 animo
1979 1881 2109 1908 exer·

261 1947 402 1992 citum
446 1943 611 1989 castris
667 1940 872 1985 eduxerit
889 1972 903 1995 ,
951 1939 1251 2001 impetumque
1298 1940 1347 1984 in
1392 1942 1452 1984 M.
1483 1935 1724 1985 Antonium
1771 1941 2106 2003 exercitumque

262 2023 457 2069 hostium
486 2020 650 2080 fecerit
681 2035 768 2074 —3
800 2033 1023 2078 quumque
1063 2018 1107 2063 G.
1144 2019 1306 2061 Caesar
1321 2033 1410 2078 pro
1434 2025 1671 2078 praetore,
1702 2016 1966 2078 imperator,
2001 2034 2102 2064 con·
2176 2019 2177 2022 ’

259 2101 365 2147 silio
398 2091 721 2161 diligentiaque
748 2110 832 2139 sua
866 2101 1017 2139 eastra
1039 2093 1250 2154 feliciter
1282 2093 1559 2153 defenderit,
1607 2094 1846 2156 copiasque
1879 2095 2099 2154 hostium,

255 2195 369 2242 quae
400 2177 462 2223 ad
491 2183 641 2222 castra
673 2173 975 2231 accesserant,
1003 2173 1298 2235 profligarit,
1331 2172 1569 2217 occiderit:
1601 2172 1654 2218 ob
1681 2189 1757 2218 eas
1789 2188 1861 2218 res
1892 2183 2100 2220 senatum
2179 2182 2185 2195 ⁸

257 2258 518 2304 existimare
549 2262 593 2299 et
634 2251 862 2307 iudicare,
911 2267 1060 2296 eorum
1092 2252 1230 2295 trium
1272 2251 1590 2312 imperatorum
1633 2252 1828 2308 virtute,
1879 2253 2064 2315 imperio
2081 2285 2096 2311 ,

255 2334 471 2391 consilio,
501 2331 751 2394 gravitate,
794 2329 1048 2374 constantia
1065 2362 1078 2385 ‚
1127 2327 1434 2391 magnitudine
1464 2329 1636 2387 animi,
1654 2329 1925 2389 felicitate,
1948 2346 2096 2392 popu·

255 2414 349 2459 lum
379 2414 624 2457 Romanum
645 2407 919 2470 foedissima
961 2406 1356 2469 crudelissimaque
1387 2408 1603 2452 servitute
1635 2407 1900 2455 liberatum:
1932 2437 1993 2444 —
2023 2410 2098 2456 uti

254 2492 307 2536 ob
344 2507 420 2536 eas
461 2506 533 2535 res
578 2487 680 2532 bene
697 2520 710 2544 ,
745 2487 968 2546 fortiter,
1007 2486 1302 2547 feliciterque
1340 2493 1525 2548 qesta-s,
1574 2487 1618 2532 G.
1646 2487 1800 2531 Pansa
1829 2487 1880 2533 A.
1913 2487 2097 2532 Hirtius

253 2568 485 2620 consules,
530 2568 851 2627 imperatores,
893 2563 1010 2608 alter
1038 2563 1247 2620 ambove,
1291 2571 1374 2608 aut
1404 2564 1451 2607 si
1481 2563 1693 2622 aberunt,
1741 2567 1800 2610 M.
1838 2563 2108 2623 Cornutus‚.
2164 2610 2166 2614 ¹

245 2654 432 2710 praetor
471 2643 699 2701 urbanus,
732 2641 1083 2703 supplicationes
1110 2657 1198 2703 per
1229 2640 1326 2685 dies
1357 2642 1687 2703 quinquaginta
1720 2642 1782 2686 ad
1811 2643 1958 2688 omnia
1982 2644 2091 2705 put,
2162 2662 2169 2671 .
2208 2659 2209 2663 ,

251 2724 429 2770 vinaria
459 2722 736 2768 constituat:
770 2735 993 2780 quumque
1034 2719 1181 2764 virtus
1226 2718 1447 2780 legionum
1485 2719 1622 2782 digna
1654 2719 1923 2766 clarissimis
1956 2723 2094 2784 impe·

250 2803 476 2850 ratoribus
523 2799 781 2855 exstiterit,
831 2805 1063 2855 senatum,
1112 2813 1226 2859 qaae
1280 2797 1345 2842 sit
1389 2804 1522 2842 antea
1559 2797 1797 2858 pollicitus
1840 2799 2093 2862 legionibus
2168 2833 2201 2865 ⁴.=

253 2881 606 2941 exercitibusque
636 2877 806 2922 nostris
822 2909 836 2933 ‚
870 2893 922 2921 ea
953 2891 1123 2920 summo
1155 2873 1306 2919 studio
1326 2908 1340 2932 ‚
1387 2875 1616 2936 republica
1651 2885 1912 2938 recuperata
1928 2911 1942 2935 ‚
1973 2894 2092 2924 reso.
2168 2915 2201 2946 a*

191 3004 212 3010 ..
249 2963 484 3022 'luturum5
523 2972 745 3019 quumque
779 2955 894 3017 legio
935 2955 1104 2999 Martia
1151 2979 1211 2988 —
1251 2961 1296 3000 et
1332 2953 1609 3016 reliquarum
1653 2955 1873 3017 legionum
1919 2957 2090 3003 milites

243 3057 330 3106 pro
372 3037 523 3083 salute
560 3043 603 3080 et
637 3034 842 3079 libertate
876 3031 1042 3094 populi
1082 3031 1272 3075 Romani
1317 3039 1500 3082 mortem
1537 3034 1863 3094 oppetiverint,·
1911 3037 2091 3081 senatui
2125 3038 2175 3089 [f.

241 3109 452 3181 placere‚
495 3122 550 3159 ut
595 3115 639 3158 C.
665 3114 819 3156 Pansa
860 3110 911 3154 A.
940 3109 1122 3153 Hirtius
1152 3108 1356 3154 consules
1386 3135 1448 3144 —
1478 3110 1569 3167 iis,
1603 3111 1685 3172 qui
1714 3113 1975 3174 sanguinem
1997 3110 2098 3175 Pro*
2141 3131 2160 3155 4

249 3198 345 3242 vita
362 3228 375 3250 ,
428 3194 659 3246 libertate,
689 3188 986 3249 fortunisque
1018 3187 1185 3248 populi
1228 3188 1418 3232 Romani
1447 3215 1508 3224 ..-
1543 3182 1892 3249 profudissent,
1933 3207 2090 3236 monu-

247 3282 442 3320 mentum
473 3286 608 3333 quam
654 3267 981 3329 amplissimum
1012 3263 1244 3310 locandum
1261 3295 1274 3316 ,
1299 3263 1575 3324 faciundum
1605 3275 1772 3313 curent.
1805 3295 1866 3302 —
1896 3269 2054 3330 utique
2069 3301 2085 3328 ,
2145 3284 2172 3342 ζ.

248 3367 362 3415 quae
386 3347 591 3410 praemia
632 3351 816 3389 senatus
848 3343 1071 3389 militibus
1103 3349 1207 3386 ante
1241 3343 1507 3400 constituit,
1557 3360 1609 3389 ea
1648 3345 1880 3390 solvantur
1906 3361 2080 3404 eorum,

249 3428 331 3491 qui
365 3427 442 3471 hoc
478 3423 589 3469 bello
622 3438 707 3484 pro
733 3422 893 3483 patria
939 3420 1190 3466 occiderunt
1208 3448 1220 3470 ‚
1251 3420 1540 3481 parentibus,
1575 3421 1758 3481 liberis,
1790 3422 2077 3486 coniugibus,
2147 3435 2149 3438 .

239 3503 502 3567 fratribus5
533 3503 679 3562 iisque
711 3502 996 3560 tribuantur,
1029 3516 1141 3562 quae
1167 3499 1392 3547 militibus
1421 3499 1538 3560 ipsis
1570 3500 1712 3549 tribui
1751 3505 1969 3562 oporteret
1987 3534 1999 3556 ‚
2034 3504 2095 3555 sij'
2143 3537 2146 3539 Α

2192 734 2210 787 {a
