2210 3970
381 224 435 277 L.
460 223 523 279 x.
568 241 611 278 ο.
638 221 848 278 xxv11,
893 221 932 296 g
960 227 1029 278 79
1069 252 1142 262 --
1182 221 1498 278 axxvm.
1542 222 1693 297 §aa
1860 227 1969 279 495

147 372 452 447 complures
472 375 616 429 enim
631 415 646 439 ,
680 373 898 429 Graecis
920 371 1349 428 institutionibus
1370 372 1600 438 eruditi,
1621 386 1682 429 ea
1704 410 1719 438 ‚
1740 386 1878 445 quae
1900 373 1979 429 di·
2006 407 2013 413 -

84 497 91 505 ·
147 473 427 540 dicerant,
485 490 612 531 cum
663 473 872 529 civibus
923 474 1039 529 suis
1086 472 1488 530 communicare
1513 472 1646 529 ‘non
1703 480 1982 547 poterant,

149 573 291 647 quod
337 571 427 630 illa
446 614 462 640 ,
519 590 659 647 quae
689 590 722 629 a
761 574 980 631 Graecis
1016 573 1381 647 accepissent,
1439 574 1630 631 Latine
1678 573 1789 630 dici
1829 590 1985 647 posse

147 674 470 731 diffiderent.
547 673 664 743 Quo
703 675 760 729 in
792 691 988 747 genere
1023 681 1238 731 tantum
1264 674 1553 749 profecisse
1592 674 1869 741 videmur,
1922 682 1988 731 ut

147 791 180 830 a
210 775 429 832 Graecis
466 789 535 830 ne
564 774 850 830 verborum
885 766 1103 848 quidem
1136 776 1289 848 copia
1318 776 1678 831 vinceremur.
1721 779 1811 831 81.
1853 773 1985 830 Hor·

146 881 262 932 tata
291 880 374 931 est
392 875 558 931 etiam
577 914 593 940 ,
633 880 697 931 ut
724 891 812 931 me
843 875 912 931 ad
944 875 1075 932 haec
1095 874 1395 932 conferrem
1416 917 1432 943 ‚
1471 876 1641 933 animi
1673 874 1985 948 aegritudo,

148 975 397 1033 fortunae
429 991 626 1048 magna
655 982 710 1032 et
741 978 893 1049 gravi
914 983 1181 1034 commota
1212 978 1441 1041 iniuria;
1479 979 1639 1035 cuius
1658 978 1705 1033 si
1725 977 1987 1034 maiorem

147 1059 385 1150 aliquam
428 1077 749 1134 levationem
788 1079 1027 1152 reperire
1063 1080 1357 1152 potuissem
1374 1121 1390 1143 ,
1446 1094 1554 1135 non
1601 1078 1668 1135 ad
1714 1078 1855 1134 hanc
1893 1092 1985 1152 po-

146 1178 421 1235 tissimum
453 1175 834 1250 confugissem.
913 1179 991 1248 Ea
1029 1195 1155 1236 vero
1196 1181 1314 1253 ipsa
1357 1179 1506 1236 nulla
1542 1180 1752 1235 ratione
1790 1178 1988 1236 melius

147 1277 255 1335 frui
293 1278 480 1352 potui,
519 1293 683 1351 quam
721 1275 889 1334 sime
927 1291 1034 1333 non
1073 1278 1231 1334 modo
1262 1278 1330 1334 ad
1362 1278 1614 1351 legendos
1639 1278 1816 1334 >libros
1835 1318 1851 1345 ‚
1890 1277 1985 1334 sed

147 1379 310 1435 etiam
342 1377 412 1434 ad
440 1383 612 1434 totam
646 1376 1036 1451 philosophiam
1060 1378 1496 1451 pertractandam
1529 1377 1816 1434 dedissem.
1859 1376 1985 1434 Om-

148 1493 242 1535 nes
280 1484 463 1535 autem
499 1479 618 1534 eius
656 1483 837 1551 partes
875 1484 1038 1550 atque
1076 1479 1257 1533 omnia
1294 1478 1540 1535 membra
1578 1484 1696 1533 tum
1730 1476 1986 1534 facillime

145 1584 478 1646 noscuntur,
529 1592 699 1652 quum
742 1584 887 1634 totae
924 1578 1266 1651 quaestiones
1303 1576 1588 1635 scribendo
1623 1576 1988 1651 explicantur:

148 1680 247 1738 Est
271 1681 419 1737 enim
451 1678 785 1737 admirabilis
810 1678 1075 1753 quaedam
1109 1680 1447 1735 continuatio
1472 1680 1748 1753 seriesque
1774 1694 1987 1746 rerum,

149 1789 212 1839 ut
241 1776 347 1839 ulia
380 1795 445 1839 ex
472 1780 578 1839 alia
597 1796 733 1839 nexa
754 1820 770 1849 ,
803 1788 857 1838 et
896 1797 1083 1838 omnes
1121 1783 1266 1837 inter
1303 1797 1363 1837 se
1402 1787 1559 1855 aptae
1598 1780 1989 1854 colligataequo

149 1879 451 1942 videantur.
660 1882 665 1886 ’

216 2082 465 2142 ’ΧΧἮῙ-Ι.
544 2087 634 2140 82.
675 2083 779 2152 Qui
816 2078 1003 2139 ‘autem
1035 2083 1353 2155 requirunt,
1392 2082 1524 2156 quid
1562 2097 1777 2156 quaque
1823 2081 1889 2138 de
1928 2098 1989 2138 re

150 2186 255 2260 ipsi
305 2185 603 2242 sentiamus
622 2225 637 2250 ,
684 2185 953 2239 curiosius
992 2183 1048 2239 id
1105 2182 1312 2239 faciunt
1332 2224 1348 2248 ‚
1407 2197 1573 2255 quam
1621 2198 1840 2239 necesse
1886 2190 1989 2239 est.

149 2285 270 2344 Non
311 2287 462 2342 enim
502 2291 616 2342 tam
653 2285 995 2341 auctoritatis
1033 2286 1090 2340 in
1135 2282 1484 2356 disputando,
1543 2298 1706 2355 quam
1759 2284 1989 2339 rationis

150 2393 423 2444 momenta
473 2386 779 2460 quaerenda
828 2392 974 2442 sunt.
1065 2385 1208 2453 Quin
1254 2385 1420 2440 etiam
1477 2383 1627 2439 obest
1668 2384 1988 2458 plerumque

143 2478 254 2555 iis,
292 2488 390 2561 qui
428 2486 635 2543 discere
671 2485 894 2550 volunt,
945 2485 1241 2542 auctoritas
1279 2500 1467 2540 eorum
1488 2525 1504 2550 ,
1562 2485 1657 2557 qui
1696 2501 1755 2540 se
1793 2484 1988 2542 docere

146 2588 503 2663 profitentur:
559 2586 814 2643 desinunt
859 2586 1006 2641 enim
1051 2602 1213 2641 suum
1265 2584 1529 2642 iudicium
1580 2585 1871 2650 adhibere;
1927 2585 1986 2643 id

147 2688 348 2748 hahent
382 2694 596 2755 rutum,
635 2686 777 2761 quod
817 2687 884 2743 ah
914 2703 978 2743 eo
996 2729 1012 2753 ,
1064 2703 1225 2761 quem
1264 2687 1528 2760 probant,
1566 2687 1869 2743 iudicatum
1907 2687 1986 2743 vi·

150 2790 296 2847 denta
371 2790 482 2846 Nec
510 2803 640 2846 vero
681 2788 907 2862 probare
934 2788 1074 2844 soleo
1113 2788 1168 2843 id
1188 2832 1203 2857 ‚
1242 2787 1384 2861 quod
1417 2787 1485 2845 de
1512 2787 1866 2862 Pythagoreis
1895 2804 1985 2845 ac-

151 2888 430 2966 cepimus,
459 2904 605 2964 ‘quos
639 2887 850 2956 ferunt,
901 2890 948 2946 si
985 2890 1116 2963 quid
1155 2888 1490 2945 affirmarent
1517 2890 1576 2944 in
1626 2887 1983 2962 disputando,

151 2995 329 3067 quum
360 3008 426 3048 ex
470 2991 539 3046 iis
577 2997 930 3066 quaereretur
947 3033 963 3057 ‚
1002 3003 1170 3065 quare
1214 2992 1291 3046 ita
1330 2995 1501 3055 esset,
1539 2987 1864 3063 respondere
1902 3005 1986 3044 so-

151 3095 300 3162 litos,
338 3092 486 3166 Ipse
534 3091 738 3148 dixit:
783 3093 895 3166 ipse
932 3098 1115 3149 autem
1153 3098 1271 3149 erat
1315 3091 1666 3166 Pythagoras,
1748 3089 1985 3149 Tantum

149 3197 329 3272 opinio
364 3195 731 3270 praeiudicata
769 3201 978 3270 poterat
997 3237 1012 3261 ‚
1065 3202 1128 3251 ut
1177 3195 1342 3250 etiam
1381 3193 1497 3248 sine
1534 3192 1743 3248 ratione
1779 3189 1982 3248 valeret

150 3298 458 3356 auctoritas,
538 3300 626 3354 85.
670 3296 773 3353 Sed
795 3303 811 3336 ¹
859 3295 1107 3354 defendat
1146 3295 1286 3370 quod
1327 3295 1556 3368 quisque
1606 3294 1799 3351 sentit:
1852 3299 1984 3350 sunt

215 3503 249 3559 ¹)
281 3501 401 3545 ruse.
441 3502 505 3546 iv.
533 3514 566 3544 c..
599 3502 637 3543 4.
674 3500 697 3555 ς
734 3501 772 3541 ¹7.
