2158 4030
437 216 488 270 L.
517 217 552 270 1.
596 215 803 270 0.x111.
849 215 887 287 ς
915 220 983 269 38
1023 245 1097 256 -
1137 231 1181 268 c.
1208 215 1342 270 xiv,
1386 217 1425 287 g
1450 221 1536 270 42.
1835 222 1901 271 ιε)

77 371 407 440 praestantes
438 368 582 421 viros
612 364 923 430 adhibebat,
962 373 1017 420 et
1049 373 1281 421 veterem
1315 382 1517 421 morem
1545 382 1607 420 ac
1634 369 1893 422 maiorum

79 469 327 523 instituta
361 467 663 524 retinebant
692 466 1009 522 excellentes
1041 466 1172 527 viri:
1211 466 1354 521 unde
1385 466 1591 522 Ennius

227 565 458 622 Moribus
494 567 722 641 «antiquis
758 568 843 622 res
881 575 980 622 stat
1020 566 1252 622 Romana
1290 568 1553 640 virisque.-

72 682 234 741 quem
259 666 477 740 quidem
511 667 600 724 ille
631 682 846 723 versum
872 666 954 722 vel
979 666 1240 722 brevitate
1266 667 1348 722 vel
1375 668 1601 722 veritate
1620 673 1894 737 tamquam

72 781 138 824 ex
158 766 374 824 oraculo
391 766 526 823 mihi
546 767 775 841 quodam
795 782 911 823 esse
929 765 1123 822 effatus
1141 765 1370 822 videtur.
1412 766 1545 822 Nam
1566 782 1738 838 neque
1763 767 1898 830 viri,

73 867 177 924 nisi
216 867 292 926 ita
330 874 537 924 morata
574 869 767 924 civitas
804 866 1021 934 fuisset,
1060 883 1234 941 neque
1270 883 1475 933 mores,
1536 865 1637 922 nisi
1679 866 1734 922 hi
1792 869 1896 922 viri

70 966 455 1043 praefuissent,
495 975 590 1024 aut
622 967 848 1025 fundare
879 974 974 1024 aut
1010 967 1221 1024 tamdiu
1242 974 1423 1024 tenere
1454 968 1755 1040 potuissent
1779 974 1897 1022 tan-

71 1075 183 1127 tam
215 1074 406 1141 ettam
436 1069 576 1126 iuste
601 1069 813 1143 lateque
839 1069 1193 1142 imperantem
1218 1066 1623 1141 rempublicam.
1678 1071 1767 1123 41.
1797 1067 1896 1123 No-

69 1175 185 1226 stra
212 1167 339 1227 vero
364 1176 542 1236 aetas,
580 1186 749 1242 quum
777 1169 1165 1242 rempublicam
1198 1170 1342 1224 sieut
1367 1169 1637 1241 picturam
1664 1169 1897 1241 accepis-

68 1275 153 1326 set
172 1268 443 1342 egregiam
459 1309 474 1333 ,
500 1268 594 1324 sed
617 1269 723 1322 iam
744 1274 1150 1324 evanescentem
1165 1274 1463 1332 vetustate,
1486 1283 1590 1322 non
1611 1267 1898 1323 modoeam

65 1367 333 1426 coloribus
364 1368 584 1435 iisdem,
618 1367 822 1442 ‘quibus
854 1366 1059 1434 iuerat,
1099 1384 1357 1424 renovare
1396 1367 1658 1440 neglexit,
1699 1367 1792 1423 sed
1832 1385 1900 1423 ne

69 1469 124 1526 id
148 1469 373 1543 quidem
396 1470 643 1536 curavit,
682 1475 744 1526 ut
777 1467 1005 1526 formam
1036 1468 1227 1525 saltem
1259 1469 1379 1526 eius
1409 1476 1465 1525 et
1490 1476 1731 1525 extrema
1762 1476 1898 1527 tam-

66 1568 592 1644 quamsit-mamona
629 1576 885 1627 servaret.
978 1569 1118 1638 Quid
1157 1570 1303 1625 enim
1337 1575 1520 1625 manet
1560 1587 1627 1627 ex
1659 1572 1898 1643 antiquis

65 1670 334 1739 moribus,
372 1671 570 1747 quibus
591 1672 705 1728 ·ille
727 1670 889 1727 dixit
934 1685 1049 1726 rem
1090 1676 1237 1726 stare
1275 1669 1607 1725 Romanam?
1648 1686 1782 1742 quos
1821 1672 1896 1726 ita

56 1770 613 1830 oblivimecbsoletos
638 1771 911 1838 videmus,
951 1778 1015 1828 ut
1041 1787 1146 1828 non
1173 1770 1331 1827 modo
1356 1787 1460 1826 non
1488 1769 1764 1837 colantur,
1802 1771 1895 1827 sed

63 1868 230 1930 etiam
261 1872 594 1946 ignomntur.
623 1892 628 1900 ·
674 1873 807 1929 Nam
840 1872 906 1928 de
931 1872 1065 1928 viris
1095 1871 1228 1945 quid
1260 1870 1470 1927 dicam?
1548 1872 1718 1927 flores
1749 1873 1894 1930 enim

64 1972 168 2047 ipsi
196 1972 521 2029 interierunt
549 1973 790 2029 virorum
820 1973 1076 2046 penuria,
1102 1973 1260 2028 cuius
1288 1973 1426 2028 tanti
1457 1972 1584 2028 mali
1614 1990 1718 2028 nou
1740 1973 1897 2029 modo

64 2071 334 2130 reddenda
362 2073 503 2131 ratio
534 2073 716 2140 nobie,
769 2073 863 2131 sed
896 2075 1060 2129 etiam
1089 2079 1367 2144 tamquam
1401 2073 1509 2127 reis
1536 2074 1729 2145 capitis
1768 2090 1893 2146 quo·

62 2171 632 2230 dammodo-docenda
676 2178 869 2230 caussa
917 2180 1017 2229 est.
1108 2172 1318 2228 Nostris
1366 2172 1513 2227 enim
1559 2173 1735 2237 vinis,
1786 2189 1892 2227 non

63 2287 195 2328 casu
231 2270 440 2346 aliquo,
480 2272 880 2346 'rempublicam
923 2272 1086 2328 verbo
1131 2273 1458 2336 retinemus,
1510 2288 1571 2327 re
1607 2274 1722 2344 ipsa
1769 2285 1894 2328 vero

65 2367 173 2430 iam
200 2372 727 2447 'pridem-amisimus.
770 2377 860 2429 424
894 2373 1065 2445 Saepe
1086 2378 1104 2411 ¹
1139 2372 1320 2428 audivi
1347 2387 1380 2428 a
1412 2372 1705 2428 maioribus
1736 2379 1891 2437 natu,

62 2472 158 2546 qui
195 2484 253 2530 se
304 2478 463 2547 porro
499 2488 694 2547 pueros
731 2488 764 2528 a
804 2472 1023 2529 senibus
1066 2472 1283 2528 audisse
1321 2471 1602 2537 dicebant,
1641 2480 1893 2529 nostros¹

58 2571 191 2631 olim
215 2570 487 2640 hemines,
511 2574 608 2648 qui
634 2574 894 2632 excellere
919 2575 1214 2648 sapientiae
1240 2573 1410 2646 gloria
1442 2573 1663 2638 velient,
1689 2578 1891 2640 omnia,

58 2674 439 2748 quae‘quidem
466 2682 585 2732 tum
611 2675 742 2732 baec
774 2677 967 2732 civitas
993 2683 1200 2741 nosset,
1238 2674 1424 2731 solitos
1447 2692 1566 2730 esse
1590 2677 1889 2749 complecti.

61 2774 416 2833 Meminerant
472 2776 552 2832 illi
610 2776 731 2833 Sex.
774 2778 986 2834 Aelium
1003 2820 1017 2844 ,
1075 2778 1435 2833 meminerant
1483 2777 1571 2833 Μ’.
1612 2777 1889 2834 Manilium

61 2883 341 2934 transvero
370 2877 736 2935 ambulantem
757 2878 897 2943 soi-03
923 2879 1065 2953 quod
1091 2886 1209 2935 erat
1231 2880 1471 2951 insigne,
1510 2895 1664 2944 eum,
1704 2880 1796 2951 qui
1833 2879 1886 2933 id

61 2977 297 3046 faceret,
331 2978 506 3038 facere
529 2980 739 3037 civibus
763 2981 1013 3038 omnibus
1038 2981 1247 3037 consilii
1274 2981 1359 3036 sui
1386 2981 1623 3053 copiam3
1662 2980 1729 3035 ad
1754 2997 1888 3053 quos

60 3078 190 3134 olim
221 3086 278 3135 et
316 3080 392 3135 ita
423 3079 776 3137 ambulantes
793 3089 848 3137 et
880 3083 935 3137 in
976 3082 1107 3138 solio
1139 3082 1384 3138 sedentes
1417 3081 1560 3135 domi
1596 3082 1675 3136 sic
1708 3081 1886 3137 adiba-

64 3185 183 3245 tur„
235 3197 341 3236 nnn
373 3181 547 3239 solum
586 3189 649 3238 ut
686 3182 752 3239 de
791 3185 910 3239 iure
942 3182 1092 3240 *civili
1132 3183 1199 3239 ad
1238 3200 1356 3248 θος,
1397 3199 1585 3237 verum
1619 3184 1781 3239 etiam
1821 3184 1888 3238 de

55 3278 173 3338 ⁴*lilia
215 3281 520 3340 collocanda
535 3327 549 3349 ,
602 3285 668 3340 de
714 3285 878 3340 fundo
922 3286 1145 3342 emendo
1161 3330 1173 3350 ,
1231 3285 1298 3339 de
1349 3301 1478 3354 agro
1522 3285 1741 3341 colendo
1757 3330 1769 3350 ,
1821 3285 1887 3339 de

125 3515 162 3571 ¹)
193 3512 247 3562 de
261 3516 424 3561 Senect.
459 3519 584 3561 c.13.
621 3517 738 3573 §43.
773 3542 833 3555 ...
865 3521 904 3577 2)
935 3518 989 3563 de
1017 3519 1136 3565 Orat.
1156 3521 1235 3563 ΠΙ.
1267 3533 1300 3561 c.
1316 3520 1387 3563 33.
1421 3518 1568 3573 9133.

1526 3593 1598 3639 2*
