2210 3970
251 227 357 282 '520
853 242 1061 283 CICERO
1109 244 1178 280 nn
1227 240 1364 282 νιτΑ
1411 244 1516 292 SpA

250 378 385 450 quod
423 379 657 450 utrisque
707 378 1002 433 consul-ibus
1045 378 1244 451 qratias
1287 395 1450 451 aqas,
1503 383 1611 430 est.-
1664 375 1855 431 Paullo
1905 378 2072 451 maqis

248 487 398 532 certe.
477 478 613 532 Nam
654 477 935 533 Marcellus
975 480 1048 533 sic
1085 478 1378 549 respondit,
1418 494 1473 530 se
1510 492 1654 547 spem
1693 477 1748 528 in
1786 476 1905 530 istis
1954 495 2074 549 sup-

239 577 609 648 plicat-ionibus
634 597 733 632 non
767 579 988 633 habere.-
1024 578 1276 643 Paullus,
1310 595 1364 632 se
1390 577 1598 632 omn-ino
1623 577 1679 629 in
1712 576 1851 630 hunc
1878 594 2075 631 annum

246 694 347 731 non
379 677 684 732 edicturum.
746 683 836 733 64.
879 679 1248 733 Renuntiatum
1278 678 1426 732 nobis
1451 684 1590 741 erat,
1631 675 1854 730 Hirrum
1879 675 2074 731 diutius

242 777 534 831 dicturum:
556 778 865 848 prendimus
905 796 1022 831 eum
1037 797 1055 838 ,·
1089 796 1190 831 non
1227 779 1378 832 modo
1415 795 1519 832 non
1556 777 1711 851 fecit,
1749 776 1842 831 sed
1859 819 1874 841 ,
1911 794 2075 849 quum

242 878 308 933 de
352 878 534 932 hosti-is
564 886 843 949 aqeretur,
893 886 942 930 et
977 886 1153 947 posset
1195 895 1310 932 rem
1351 878 1634 948 impedire,
1685 877 1760 943 si,
1798 887 1856 935 ut
1893 894 2072 932 nume·

241 986 477 1041 raretur,
527 977 845 1048 postularet,
904 978 1080 1031 tacuit.
1184 977 1405 1031 Tantum
1465 977 1648 1032 Catoni
1682 994 1924 1041 assensus
1972 987 2071 1043 est,

241 1078 334 1148 qui
371 1078 468 1131 etsi
494 1077 558 1131 de
597 1086 645 1131 te
675 1077 874 1131 locutus
907 1075 1213 1148 honorifice,
1249 1093 1352 1131 non
1383 1075 1619 1131 decrerat
1656 1077 2069 1148 supplicationes.

248 1177 452 1233 Tertius
482 1178 551 1232 ad
571 1177 664 1232 lios
683 1177 946 1232 Favonius
964 1177 1196 1232 accessit.
1283 1176 1454 1241 Quare
1470 1193 1576 1248 pro
1605 1176 1854 1250 cuiusque
1883 1186 2074 1233 natura

239 1285 291 1332 et
324 1278 561 1332 instituto
589 1278 793 1351 qratiae
825 1287 944 1332 sunt
981 1277 1212 1350 ayendae
1228 1296 1245 1330 .·
1281 1276 1395 1342 liis,
1433 1276 1572 1349 quod
1609 1284 1811 1331 tantum
1841 1277 2072 1332 volunta-

240 1385 342 1431 tem
383 1378 711 1432 ostende-runt
725 1397 742 1440 ,·
777 1396 876 1449 pro
910 1378 1188 1442 sententia,
1223 1394 1386 1450 quum
1422 1376 1677 1448 impedire
1701 1386 1940 1448 possent,
1971 1396 2077 1432 non

232 1487 576 1550 puynarunt,·
640 1478 851 1533 Curioni
883 1496 1030 1543 vere,
1069 1478 1207 1551 quod
1250 1478 1314 1533 de
1358 1495 1575 1533 suarum
1610 1477 1871 1533 actionum
1908 1496 2064 1533 cursu

239 1587 328 1631 tua
379 1593 561 1633 caussa
599 1578 834 1650 deflexit.
924 1577 1062 1632 Nam
1102 1578 1337 1632 Furnius
1374 1585 1423 1632 et
1461 1576 1746 1642 Lentulus,
1795 1585 1854 1631 ut
1889 1577 2070 1633 debue-

239 1685 399 1741 runt,
439 1681 592 1749 quasi
629 1694 809 1732 eorum
845 1694 930 1731 res
969 1685 1130 1742 esset,
1167 1694 1274 1732 una
1311 1676 1580 1732 nobiscum
1617 1676 1988 1732 circumierunt
2025 1687 2075 1734 et

239 1777 558 1832 laborarunt.
659 1777 817 1832 Balbi
860 1796 1061 1850 quoque
1115 1776 1342 1832 Cornelii
1397 1794 1609 1849 operam
1651 1785 1700 1832 et
1746 1777 2075 1833 sedulitatem

239 1878 457 1933 laudare
487 1896 720 1950 possum.
801 1878 938 1933 Nam
971 1896 1091 1934 cum
1133 1876 1367 1933 Curione*
1383 1876 1710 1932 vehementer
1741 1877 1943 1933 locutus
1969 1888 2073 1944 ‘est3

238 1986 287 2032 et
318 1995 436 2032 eum
451 2020 466 2043 ,
518 1978 565 2032 si
603 1978 757 2033 aliter
783 1979 1021 2051 fecisset,
1072 1978 1324 2032 iniuriam
1359 1976 1570 2033 Caesari
1600 1981 1868 2051 facturum
1899 1979 2074 2034 dixit:

237 2087 350 2133 tum
400 2079 511 2132 eius
559 2078 719 2150 fidem
769 2079 826 2132 in
877 2078 1222 2150 suspicionem
1276 2077 1517 2132 adduxit.
1614 2077 1924 2144 Beer-erant,
1982 2082 2073 2152 qui

235 2179 414 2251 inique
441 2180 663 2251 transigi
701 2178 975 2244 volebant,
1013 2177 1268 2242 Domitii,
1307 2176 1573 2249 Scipiones
1595 2196 1614 2232 .·
1654 2177 1844 2250 quibus
1881 2178 1978 2234 hac
2014 2199 2075 2236 re

235 2279 305 2333 ad
361 2280 778 2336 intercessionem
829 2279 1139 2336 evocandam
1199 2278 1654 2352 interpellantibus
1713 2280 2071 2335 venustissime

241 2380 394 2436 Curio
433 2382 732 2454 respondit,
771 2400 826 2437 se
865 2399 921 2437 eo
955 2378 1201 2437 libentius
1228 2398 1330 2435 non
1369 2379 1714 2447 intercedere,
1753 2381 1891 2454 quod
1921 2399 2070 2455 quos-

237 2482 360 2536 dam
374 2523 390 2546 ,
427 2483 521 2553 qui
557 2482 916 2546 decernerent,
954 2482 1151 2536 videret
1188 2481 1374 2552 confici
1403 2480 1562 2536 nolle.

315 2681 505 2738 XX1V.
587 2685 676 2735 65.
720 2680 822 2736 Sed
846 2686 862 2718 ¹
905 2680 972 2734 ad
1010 2696 1127 2735 rem
1174 2679 1348 2737 redeo.
1428 2680 1542 2752 Ego
1561 2685 1599 2745 ²,
1639 2680 1858 2735 aestivis
1895 2680 2069 2736 conse·

237 2782 340 2836 ctis
361 2823 376 2846 ,
407 2781 678 2849 ⁴Quintum
713 2779 937 2835 fratrem
971 2779 1215 2835 hibernis
1253 2787 1307 2836 et
1338 2780 1556 2836 Ciliciae
1587 2779 1846 2853 praefeci:
1888 2780 1949 2849 Q.
1973 2781 2070 2835 Vo-

238 2882 469 2946 lusium,
525 2880 726 2935 Tiberii
765 2897 1054 2952 generum,
1095 2887 1309 2936 certum
1354 2881 1627 2937 hominem
1650 2924 1664 2948 ,
1705 2881 1797 2936 sed
1843 2881 2071 2936 mirifice

236 2984 399 3038 ctiam
439 2981 836 3046 abstinentem,
877 2982 1002 3036 misi
1042 2982 1097 3036 in
1136 2982 1404 3056 Cyprum,
1445 2988 1507 3037 ut
1546 2982 1620 3036 ihi
1660 2983 1919 3055 pauculos
1956 2982 2070 3038 dies

235 3090 398 3146 esset3
451 3101 517 3138 nc
563 3083 709 3137 cives
759 3083 987 3137 Romani
1033 3085 1220 3155 pauci,
1260 3085 1354 3156 qui
1402 3084 1511 3139 illic
1551 3085 1933 3156 negotiantur,
1984 3084 2069 3137 ius

234 3184 337 3238 sibi
377 3182 583 3237 dictum
625 3190 911 3254 nega1¹ent;
965 3200 1089 3238 nam
1130 3185 1341 3240 evocari
1381 3202 1446 3239 ex
1486 3185 1662 3240 insula
1700 3185 1922 3259 Cyprios
1962 3201 2066 3238 non

233 3283 442 3339 licebat.
523 3285 641 3356 Ipse
663 3285 716 3339 in
744 3285 925 3340 Asiam
947 3283 1218 3358 profectus
1251 3303 1372 3342 sum
1409 3287 1574 3345 Tarso
1594 3286 1756 3341 Nonis
1777 3286 2071 3346 Ianuariis:

294 3523 334 3580 ι)
365 3521 416 3565 ad
449 3526 542 3568 Att.
574 3526 622 3569 v.
655 3526 730 3571 21.
759 3526 873 3583 §ia
907 3550 966 3558 —
1000 3525 1040 3584 ε)
1071 3522 1179 3568 lbid.
1208 3523 1294 3581 §a
