2150 3990
459 182 511 235 11.
539 181 626 236 111.
671 178 826 233 cxl.
871 177 1002 251 §54
1045 210 1115 216 —-
1157 196 1200 230 c.
1230 178 1364 231 xlll.
1410 179 1447 250 ,ξ
1475 184 1557 231 37.
1818 185 1914 230 1123

104 333 266 388 simili
294 331 499 387 ratione
535 331 834 405 perspicere
865 330 1108 403 possitiS,
1149 327 1303 384 neino
1334 336 1450 383 erat
1478 330 1532 383 in
1566 328 1690 382 ludo
1722 329 1918 398 gladia-

105 433 241 488 torio
279 432 455 506 paullo
486 431 552 487 ad
587 432 793 487 facinus
818 430 1100 494 audacior,
1140 430 1232 502 qui
1266 446 1323 484 se
1354 446 1459 484 non
1494 430 1746 484 intimum
1779 428 1915 484 Cati·

105 534 244 589 linae
276 549 390 588 esse
436 531 722 594 fateretur;
762 546 915 586 nemo
949 530 1004 584 in
1045 546 1203 584 scena
1237 529 1403 584 levior
1439 536 1494 584 et
1534 529 1784 600 nequior,
1824 527 1916 599 qui

104 651 160 689 se
188 651 290 691 non
324 634 561 689 eiusdem
583 651 744 707 prope
764 631 995 687 sodalem
1029 631 1191 685 fuisse
1212 637 1666 685 commemoraret.
1747 630 1919 699 Atque

104 734 244 790 idem
282 739 493 798 tamen,
546 740 855 805 stuprorum
893 737 947 786 et
979 730 1240 787 scelerum
1278 732 1659 786 exercitatione
1690 727 1921 784 assuefa-

102 841 252 899 ctus,
292 833 489 906 frigore
521 839 574 888 et
609 832 747 888 fame
778 839 832 888 et
869 832 959 887 siti
985 849 1049 888 ac
1081 832 1280 904 vigiliis
1312 830 1641 905 perferendis
1673 829 1825 884 sortis
1855 828 1924 884 ab

103 935 220 993 istis
259 931 698 1008 praedicabatur,
738 949 906 1006 quum
937 933 1235 989 industriae
1272 932 1510 988 subsidia
1535 938 1696 1005 atque
1723 931 1921 986 instru-

102 1040 282 1091 menta
305 1034 527 1092 virtutis
556 1034 866 1089 inilibidine
893 1033 1224 1107 audaciaque
1249 1039 1604 1089 consumeret.
1659 1035 1747 1087 56.
1779 1029 1882 1086 Sed
1902 1037 1920 1068 ¹

104 1134 238 1191 nihil
276 1135 495 1208 agebat,
548 1133 682 1191 nihil
722 1134 1069 1200 moliebatur,
1129 1135 1263 1189 nihil
1301 1133 1597 1206 cogitabat,
1649 1132 1788 1204 quod
1827 1149 1925 1203 ego

105 1220 208 1291 non
259 1234 415 1291 modo
460 1251 566 1290 non
595 1234 895 1305 audirem,
949 1233 1042 1288 sed
1087 1210 1254 1288 etiam*
1304 1250 1409 1287 non
1461 1233 1697 1287 viderem
1748 1232 1925 1304 plane-

103 1350 213 1408 que⁴
240 1334 513 1390 sentirem.
591 1333 850 1389 Memini²
895 1348 982 1388 me
1037 1339 1162 1387 ante
1207 1332 1349 1388 diem
1394 1349 1484 1387 xn.
1526 1330 1790 1387 Kalendas
1827 1330 1926 1385 No·

104 1435 354 1492 vembres
389 1434 569 1490 dicere
614 1434 670 1488 in
721 1441 936 1499 senatu,
995 1440 1144 1488 certo
1188 1432 1275 1488 die
1327 1431 1437 1488 sore
1484 1432 1538 1487 in
1585 1432 1775 1495 armis,
1833 1432 1925 1503 qui

102 1535 216 1591 dies
257 1534 490 1591 l'uturus
546 1541 687 1590 esset
743 1541 868 1590 ante
919 1533 1060 1589 diem
1116 1551 1187 1590 vi.
1250 1533 1514 1589 Kalendas
1570 1531 1891 1587 Novembres
1914 1575 1928 1596 ,

101 1637 156 1692 C.
191 1636 446 1692 Manlium
467 1675 487 1702 ,»
521 1612 776 1692 audaciae
815 1635 1100 1691 satellitem
1139 1642 1301 1708 atque
1338 1634 1717 1690 administrum
1751 1633 1928 1689 Catili·

102 1733 216 1792 nae.
297 1735 410 1798 Non
443 1754 529 1794 me
557 1736 765 1803 fefellit,
806 1751 912 1792 non
939 1737 1095 1792 modo
1121 1754 1208 1792 res
1237 1744 1415 1802 tanta,
1456 1744 1567 1792 tam
1601 1743 1777 1800 atrox,
1818 1743 1928 1791 tam

103 1828 459 1902 incredibilis,
500 1853 717 1902 verum,
750 1836 804 1892 id
838 1837 978 1909 quod
1009 1837 1178 1893 multo
1204 1838 1377 1909 magis
1408 1843 1491 1892 est
1522 1836 1928 1900 admirandum,

102 1936 263 1992 dies·v
309 1937 431 1994 Dixi
470 1954 568 2011 ego
603 1938 742 1994 idem
779 1939 834 1993 in
873 1946 1099 2004 senatu,
1139 1939 1421 1994 Catilinam
1462 1938 1677 1994 caedem
1707 1939 1929 2011 optima-

22 2019 23 2026 ἵ
104 2037 242 2093 tium
274 2037 566 2094 contulisse
612 2039 667 2093 in
708 2045 832 2093 ante
865 2038 1006 2093 diem
1040 2056 1087 2092 v.
1125 2038 1389 2093 Kalendas
1421 2038 1771 2103 NovembreS,
1813 2045 1928 2093 tum

105 2152 273 2209 quum
305 2138 463 2194 multi
497 2140 768 2212 principes
799 2139 1036 2194 civitatis
1076 2140 1267 2204 Roma,
1309 2156 1414 2193 non
1455 2146 1565 2194 tam
1601 2141 1684 2194 sui
1717 2157 1928 2195 conser-

105 2236 293 2303 vandi,
323 2253 483 2310 quam
499 2237 663 2292 jllius
696 2227 1040 2293 consiliorum
1065 2239 1527 2311 reprimendorum
1561 2257 1775 2304 caussa,
1810 2258 1925 2313 pro-

106 2337 375 2410 fugerunt.
455 2337 594 2392 Num
628 2338 851 2392 infitiari
890 2338 1093 2410 potuit,
1134 2356 1189 2393 se
1224 2339 1312 2394 illo
1347 2341 1459 2412 ipso
1491 2339 1578 2396 die
1612 2342 1746 2395 meis
1779 2358 1927 2413 prae-

21 2490 24 2495 .
103 2437 284 2510 sidiis,
323 2453 442 2493 mea
466 2436 746 2510 diligentia
785 2439 1205 2494 circumclusum
1227 2482 1242 2505 ,
1281 2453 1615 2496 commovere
1655 2459 1711 2496 se
1743 2449 1929 2496 contra

21 2569 24 2577 ‹
103 2538 487 2612 rempublicam
515 2555 621 2594 non
647 2540 914 2612 potuisse,
954 2557 1121 2618 quum
1151 2542 1291 2614 ipse,
1330 2542 1571 2597 discessu
1597 2550 1897 2598 ceterorum
1915 2586 1928 2608 ‚

104 2645 286 2695 nostra
319 2646 529 2705 tamen,
568 2641 662 2713 qui
689 2642 1160 2707 remansissemuS,
1188 2642 1348 2698 caede
1380 2648 1692 2699 contentum
1725 2661 1782 2699 se
1813 2661 1931 2699 esse

20 2760 22 2762 >
103 2739 354 2796 dicebat?
431 2740 613 2810 Quid?
654 2758 822 2814 quum
846 2759 912 2810 ,sc
945 2743 1228 2798 Praeneste
1262 2743 1513 2798 Kalendis
1546 2744 1677 2816 ipsis
1709 2745 1927 2800 Novem-

25 2867 27 2882 ÷
103 2839 288 2895 bribus
327 2839 716 2914 occupaturum
760 2849 1022 2898 nocturno
1061 2843 1265 2916 impetu
1297 2861 1413 2899 esse
1451 2844 1769 2911 confideret,
1810 2845 1924 2900 s'en·

104 2942 244 2996 sitne
295 2941 441 2997 illam
487 2942 748 2999 coloniam
781 2961 898 3000 meo
943 2946 1095 3001 iussu
1137 2945 1447 3018 praesidiiS,
1493 2946 1754 3001 custodiis
1789 2947 1926 3017 vigi·

103 3040 298 3114 liisque
335 3058 452 3098 esse
484 3037 787 3099 munitam?

180 3241 318 3298 XIII.
402 3247 488 3298 57.
534 3244 676 3301 Sed³
730 3246 817 3301 ille
875 3253 934 3300 ut
993 3247 1139 3301 vitiis
1184 3247 1296 3301 suis
1355 3255 1804 3310 commoveretur,
1866 3256 1924 3301 ut

170 3475 206 3529 ¹)
238 3471 283 3516 in
315 3472 438 3518 Catil.
470 3477 501 3519 1.
529 3490 563 3520 c.
585 3477 624 3519 3.
659 3476 738 3530 §8.
777 3501 832 3509 —-
867 3476 906 3533 2)
940 3475 1051 3554 lbid3
1086 3479 1168 3534 §a
1205 3503 1261 3511 --·
1295 3478 1334 3536 3)
1369 3476 1474 3525 lbid.
1509 3481 1740 3537 c.9..§22.

1578 3555 1642 3601 3*
