2150 3990
195 246 299 295 256
795 257 1004 294 niceno
1051 256 1119 292 DE
1170 254 1306 292 νιΤΑ
1355 254 1457 291 sua

190 392 429 447 audiant.
505 390 735 446 Maxime
757 397 772 428 ¹
834 397 1016 446 autem
1074 388 1436 444 necessarium
1484 392 1602 452 est,
1661 385 1863 450 facere,
1922 394 2010 451 ut,

189 510 327 565 quae
358 508 484 546 reus
522 490 831 555 libidinose,
872 508 1008 563 quae
1041 489 1273 554 nefarie,
1313 505 1450 560 quae
1482 485 1776 542 crudeliter
1801 485 2012 551 fecerit,

184 609 249 647 ea
277 609 445 664 aeque
477 591 668 647 acerba
700 597 755 646 et
787 590 1010 662 indigna
1041 590 1328 644 videantur
1359 605 1475 644 esse
1509 587 1601 652 iis,
1641 586 1735 658 qui
1769 585 2015 649 audient,

187 699 348 765 atque
398 692 505 747 illis
547 693 663 746 visa
713 698 869 755 sunt,
923 692 1016 762 qui
1064 697 1366 745 senserunt.
1460 693 1549 744 40.
1591 688 1806 758 Atque²
1851 686 2014 740 etiam

186 791 286 850 hoc
325 798 670 864 praeceptum
715 790 877 843 officii
919 789 1206 860 diligenter
1253 788 1545 843 tenendum
1590 794 1700 852 est,
1749 803 1816 841 ne
1854 802 2014 857 quem

186 909 444 963 umquam
483 893 823 945 innocentem
856 889 1057 943 iudicio
1098 890 1292 961 capitis
1325 906 1591 944 arcessas:
1632 887 1689 942 id
1721 888 1866 942 enim
1899 887 2016 941 sine

182 991 383 1045 scelere
417 990 533 1044 fieri
585 989 732 1044 nullo
771 995 928 1061 pacto
966 994 1159 1061 potest.
1238 988 1374 1043 Nam
1413 987 1544 1058 quid
1582 993 1664 1042 est
1709 994 1820 1041 tam
1860 986 2015 1041 inhu-

186 1107 438 1155 manum,
478 1107 641 1162 quam
673 1090 1059 1162 eloquentiam,
1099 1107 1132 1144 a
1158 1096 1353 1144 natura
1378 1087 1446 1143 ad
1473 1086 1702 1143 salutem
1735 1086 2015 1141 hominum

185 1197 239 1245 et
286 1191 355 1246 ad
406 1191 868 1246 conservationem
907 1189 1089 1245 datam
1108 1231 1124 1255 ,
1177 1188 1246 1245 ad
1281 1188 1544 1245 bonorum
1583 1193 1790 1261 pestem
1841 1187 2018 1258 perni-

185 1291 430 1363 ciemque
469 1291 822 1347 convertere?
901 1291 1010 1346 Nec
1047 1297 1231 1345 tamen
1251 1331 1267 1354 ,
1307 1295 1371 1344 ut
1407 1288 1509 1345 hoc
1548 1285 1865 1359 fugiendum
1899 1293 2017 1350 est,

183 1391 315 1446 item
348 1397 431 1446 est
459 1390 768 1446 ‘habendum
801 1389 1084 1461 religioni,
1119 1395 1399 1444 nocentem
1433 1388 1720 1460 aliquando
1750 1420 1827 1428 -
1858 1386 2015 1441 modo

183 1508 251 1546 ne
278 1490 546 1546 nefarium
575 1492 912 1563 impiumque
932 1523 1007 1530 -—
1026 1489 1328 1545 defendere.
1388 1488 1518 1543 Vult
1556 1487 1656 1542 hoc
1694 1486 2015 1550 multitud0,

182 1593 388 1663 patitur
435 1591 765 1647 consuetudo
786 1633 800 1655 ‚
854 1589 959 1644 fert
1010 1590 1175 1644 etiam
1232 1572 1562 1643 humanitas,
1658 1585 1859 1641 Iudicis
1898 1594 2015 1652 est,

181 1709 391 1765 semper
430 1693 487 1746 in
515 1691 722 1747 caussis
760 1707 950 1745 verum
984 1690 1171 1762 sequi;
1211 1689 1449 1761 patroni,
1489 1704 1897 1761 nonnumquam
1928 1705 2015 1744 ve·

180 1792 435 1857 risimile,
476 1793 641 1848 etiam
674 1793 719 1847 si
753 1793 935 1847 minus
969 1792 1042 1846 sit
1081 1807 1307 1855 verum,
1347 1788 1664 1844 defendere:
1705 1789 1847 1861 quod
1886 1789 2016 1845 scri·

179 1894 305 1949 bere
326 1937 341 1959 ,
399 1895 719 1966 praesertim
779 1909 948 1965 quum
1006 1891 1072 1947 de
1129 1890 1465 1964 philosophia
1520 1891 1814 1946 scriberem
1835 1934 1850 1956 ,
1909 1908 2014 1946 non

179 1995 434 2050 auderem
457 2038 471 2061 ,
505 1996 610 2050 nisi
646 1995 787 2050 idem
809 1994 1044 2067 placeret
1065 1993 1384 2065 gravissimo
1404 1991 1709 2047 Stoicorum
1743 1993 2012 2048 Panaetio,

251 2197 418 2252 XVII.
502 2201 592 2254 41.
632 2197 864 2251 Maxime
914 2201 1097 2251 autem
1143 2201 1197 2249 et
1248 2193 1420 2265 gloria
1468 2194 1682 2266 paritur
1728 2200 1783 2248 et
1839 2195 2015 2265 gratia

179 2296 607 2364 defensionibuS,
647 2315 815 2371 eoque
854 2297 1056 2362 maior,
1097 2297 1143 2351 si
1184 2294 1396 2367 quando
1435 2293 1663 2359 accidit,
1702 2301 1765 2349 ut
1803 2295 1853 2349 ei
1891 2294 2016 2350 sub-

178 2399 457 2463 veniatur,
497 2399 609 2469 qui¹
630 2399 865 2471 potentis
904 2397 1137 2452 alicuius
1168 2395 1359 2469 opibus
1392 2395 1775 2452 circumveniri
1807 2397 2014 2468 urgeri-

178 2514 283 2569 que
321 2497 595 2552 videatur:
637 2504 699 2552 ut
738 2515 835 2552 nos
867 2504 920 2551 et
953 2514 1112 2569 saepe
1143 2497 1306 2561 alias,
1345 2502 1401 2552 et
1432 2495 1795 2552 adolescentes
1828 2503 2018 2553 contra

179 2597 236 2651 L.
261 2596 438 2652 Sullae
477 2596 806 2651 dominantis
846 2613 972 2668 opes
1010 2612 1107 2668 pro
1148 2595 1202 2650 S.
1243 2595 1432 2650 Roscio
1463 2596 1719 2650 Amerino
1758 2596 2013 2660 fecimus;

179 2714 317 2770 quae
369 2704 546 2752 exstat
583 2698 770 2753 oratio,
851 2698 1107 2753 Ieiunas³
1150 2713 1273 2752 vero
1311 2686 1431 2752 tum
1469 2696 1787 2769 multiplicis
1826 2704 1881 2754 et
1930 2715 2014 2754 ae·

179 2798 469 2871 quabiliter
519 2798 576 2853 in
614 2799 795 2854 omnia
845 2816 1044 2871 genera
1082 2796 1232 2853 fusae
1270 2798 1528 2853 orationis
1565 2814 1726 2854 aures
1777 2799 2014 2855 civitatis

179 2900 485 2972 accepimus
505 2941 520 2963 ,
561 2915 757 2971 easque
789 2915 885 2953 nos
916 2899 1108 2971 primi,
1147 2899 1477 2971 quicumque
1509 2915 1725 2954 eramus
1757 2906 1811 2955 et
1844 2917 2011 2972 quan-

180 3001 594 3071 tulumcumque
627 2998 966 3064 dicebamuS,
994 2999 1060 3053 ad
1094 2999 1256 3054 huius
1277 3000 1491 3072 generis
1511 2999 1726 3055 dicendi
1758 3000 2011 3056 audiendi

180 3101 519 3156 incredibilia
571 3101 753 3156 studia
800 3101 1182 3156 convertimus.
1282 3101 1511 3169 Quantis
1549 3101 1640 3157 illa
1687 3102 2012 3158 clamoribus

181 3202 562 3258 adolescentuli
603 3203 840 3258 diximus
880 3202 945 3257 de
985 3202 1246 3275 supplicio
1284 3202 1704 3275 parricidarum!
1748 3220 1884 3275 quae
1922 3221 2011 3259 ne-

180 3320 450 3374 quaquam
492 3305 622 3358 satis
669 3303 956 3359 defervisse
997 3310 1115 3375 post
1162 3303 1435 3376 aliquanto
1481 3304 1679 3359 sentire
1720 3306 2009 3377 coepimus

237 3535 272 3592 ι)
308 3531 415 3578 ibid.
451 3535 566 3590 §aa
603 3561 660 3567 --
695 3537 733 3594 ε)
766 3534 818 3579 de
850 3533 935 3580 off.
965 3537 1020 3578 11.
1056 3535 1126 3579 14.
1163 3535 1271 3591 §51.
1307 3561 1364 3571 ,-
1398 3537 1438 3594 ³)
1471 3537 1624 3581 orat-or
1651 3551 1685 3580 c.
1707 3539 1776 3582 30.
1807 3538 1953 3595 §wa
