2210 3970
247 237 351 286 414
859 250 1068 286 cmssno
1118 250 1185 285 DE
1236 251 1372 286 v1TA
1413 250 1515 287 suA

243 382 491 437 omnibus
512 382 927 438 intercedebant.
979 384 1282 455 Principem
1302 389 1483 440 tamen
1504 382 1792 440 habuimus
1812 386 2038 442 Pansam
2053 430 2068 453 ,

239 485 346 538 mei
376 483 657 555 cupidum,
685 484 778 555 qui
804 484 1006 538 valeret
1037 483 1179 556 apud
1207 483 1358 539 illum
1386 501 1492 539 non
1519 486 1700 540 minus
1722 487 2068 553 auctoritate,

240 599 404 655 quam
425 584 616 655 gratia.
659 587 747 638 44.
785 583 923 651 Quid
945 590 961 622 ¹
999 583 1263 639 facerem?
1307 584 1556 656 Tempori
1576 584 1917 639 serviendum
1937 593 2069 641 erat.

241 684 392 753 Quod
411 689 434 721 2
466 700 564 756 ego
590 701 690 739 cur
711 684 931 748 nollem,
972 684 1106 739 nihil
1132 684 1393 740 videbam.
1471 685 1586 740 Non
1614 686 1757 741 enim
1787 692 1869 740 est
1901 685 2071 751 idem,

240 783 409 850 ferre,
461 786 508 840 si
546 785 678 857 quid
710 785 990 840 serendum
1023 793 1106 840 est
1127 827 1142 850 ‚
1194 792 1248 840 et
1286 785 1540 857 probare,
1593 786 1640 839 si
1677 785 1807 858 quid
1846 785 2072 858 proban-

239 885 369 939 dum
398 901 503 939 non
524 891 629 940 est:
669 891 724 939 et
744 890 764 923 ⁸
797 885 1027 957 tempori
1055 884 1269 948 cedere,
1296 884 1352 938 id
1379 891 1492 949 est,
1518 886 1827 940 necessitati
1854 902 2067 958 parere,

237 1002 451 1057 semper
481 985 739 1056 sapientis
771 991 853 1039 est
879 983 1140 1038 habitum.
1202 984 1290 1039 Sic
1311 990 1334 1022 ⁴
1366 985 1538 1055 igitur
1562 984 1775 1040 habeto:
1809 985 2072 1059 quidquid

238 1092 354 1140 arte
399 1084 514 1140 fieri
554 1085 792 1156 potuerit
810 1127 825 1149 ,
887 1085 1014 1158 (non
1053 1084 1199 1139 enim
1238 1085 1348 1139 iam
1387 1082 1522 1150 satis
1559 1092 1676 1140 erat
1714 1085 1937 1140 consilio
1973 1103 2071 1159 pu·

238 1202 431 1258 gnare:
484 1184 779 1240 artificium
817 1184 1085 1256 quoddam
1125 1185 1539 1257 excogitandum
1584 1185 1722 1260 erat)
1763 1184 1858 1241 sed
1890 1191 2074 1242 tamen

238 1285 501 1359 quidquid
531 1285 794 1340 elaborari
828 1291 924 1340 aut
961 1284 1100 1340 effici
1132 1287 1369 1358 potuerit
1400 1284 1469 1341 ad
1500 1287 1730 1341 istorum
1762 1285 2073 1342 benevolen-

235 1389 370 1443 tiam
409 1386 801 1442 conciliandam
841 1394 896 1441 et
933 1386 1317 1458 colligendam,
1357 1403 1572 1444 summo
1607 1386 1787 1443 studio
1825 1403 1912 1442 me
1950 1402 2071 1443 con·

236 1495 486 1544 secutum
517 1503 666 1543 esse:
708 1504 808 1543 nec
840 1486 1075 1552 frustra,
1114 1485 1178 1543 ut
1208 1486 1460 1542 arbitror.
1539 1487 1631 1543 Sic
1658 1489 1805 1543 enim
1837 1488 2071 1553 colebar,

238 1589 318 1645 sic
356 1588 677 1645 observabar
709 1589 776 1644 ab
807 1587 1056 1644 omnibus
1089 1589 1186 1654 iis,
1226 1590 1320 1661 qui
1353 1605 1385 1644 a
1417 1587 1647 1644 Cafflare
1679 1588 2071 1660 diligebantur,

238 1697 300 1745 ut
338 1689 405 1744 ab
424 1690 493 1744 iis
519 1705 607 1744 me
626 1689 798 1744 amari
817 1691 1084 1760 putarem.
1137 1687 1272 1743 Nam
1293 1689 1395 1743 etsi
1415 1705 1522 1743 non
1555 1688 1712 1744 facile
1744 1686 2074 1744 diiudicatur

230 1806 389 1844 amor
420 1806 580 1844 verus
609 1796 663 1844 et
695 1789 877 1853 fictuS,
919 1789 1023 1843 nisi
1058 1787 1273 1860 aliquod
1302 1788 1505 1844 incidat
1531 1788 1796 1844 eiusmodi
1829 1795 2071 1861 tempuS‚

237 1897 297 1945 ut
319 1884 344 1955 ,’
391 1891 546 1962 quasi
604 1905 800 1944 aurum
856 1890 1006 1960 igni,
1065 1890 1143 1942 sic
1201 1887 1568 1943 benevolentia
1613 1887 1785 1943 fidelis
1834 1888 2074 1961 periculo

235 1990 415 2063 aliquo
452 1991 685 2063 perspici
722 1990 920 2062 possit;
971 1995 1151 2044 cetera
1198 1994 1354 2044 erant
1391 1990 1548 2061 signa
1585 1991 1927 2045 communia:
1979 1991 2073 2046 sed

237 2107 335 2163 ego
367 2107 476 2146 uno
507 2088 700 2145 utebar
731 2096 1077 2161 argumento,
1117 2089 1464 2162 quamohrem
1497 2106 1584 2145 me
1615 2106 1682 2146 ex
1715 2091 1896 2146 animo
1926 2108 2072 2147 vere-

236 2208 365 2263 que.
392 2191 688 2247 arbitrarer
732 2189 918 2262 diligi,
975 2191 1104 2263 quia
1155 2197 1210 2246 et
1253 2197 1439 2246 nostra
1490 2190 1705 2247 fortuna
1756 2209 1818 2248 ea
1857 2200 1974 2248 erat
2019 2201 2074 2248 et

237 2291 451 2347 illorum
472 2334 486 2358 ‚
527 2299 589 2347 ut
622 2291 914 2347 simulandi
952 2308 1144 2347 caussa
1182 2308 1288 2346 non
1321 2299 1479 2347 esset.

314 2490 450 2546 XVI.
531 2497 620 2546 45.
661 2492 740 2547 De
771 2491 861 2545 illo
898 2498 1110 2556 autem,
1168 2507 1329 2563 quem
1368 2509 1531 2564 penes
1570 2499 1688 2547 erat
1721 2493 1895 2547 omnis
1928 2500 2068 2565 pote·

238 2599 386 2656 staS,
425 2591 560 2646 nihil
598 2591 874 2654 videbam,
914 2591 1055 2662 quod
1092 2591 1371 2645 timerem:
1412 2591 1518 2645 nisi
1551 2591 1694 2662 quod
1731 2592 1912 2646 omnia
1944 2601 2072 2648 sunt

239 2694 470 2758 incerta,
503 2709 673 2765 quum
704 2709 735 2748 a
762 2694 883 2747 iure
907 2691 1205 2747 discessum
1227 2698 1336 2754 est;
1362 2707 1461 2746 nec
1490 2692 1753 2763 praestari
1777 2692 2072 2765 quidquam

239 2799 442 2866 potest,
492 2794 652 2866 quale
702 2793 950 2848 futurum
990 2794 1091 2858 sit,
1142 2792 1285 2865 quod
1331 2793 1691 2865 positum,est
1742 2794 1797 2847 in
1849 2793 2072 2850 alterius

238 2894 541 2959 voluntate,
581 2911 649 2949 ne
687 2893 865 2949 dicam
902 2892 1140 2948 libidine.
1222 2892 1326 2948 Sed
1356 2900 1538 2949 tamen
1577 2894 1694 2948 eius
1720 2895 1890 2966 ipsius
1924 2893 2070 2950 nulla

237 3011 297 3050 re
335 3011 367 3050 a
405 3011 493 3050 me
531 2993 763 3050 offensus
801 3000 884 3049 est
919 2994 1151 3048 animus,
1230 2994 1327 3048 Est
1365 2995 1512 3048 enim
1548 2994 1790 3050 adhibita
1821 2996 1878 3049 in
1916 3012 1978 3051 ea
2009 3012 2069 3051 re

239 3097 356 3168 ipsa
394 3111 606 3150 summa
639 3111 671 3149 a
709 3095 865 3150 nobis
898 3093 1209 3149 moderatio.
1292 3095 1360 3150 Ut
1398 3096 1544 3150 enim
1577 3095 1703 3150 olim
1743 3095 2069 3161 arbitrabar,

237 3213 356 3251 esse
394 3212 576 3251 meum
610 3195 775 3250 libere
806 3193 981 3266 loqui,
1021 3195 1177 3248 cuius
1208 3212 1367 3266 opera
1400 3202 1540 3250 esset
1570 3197 1626 3249 in
1656 3196 1874 3250 civitate
1912 3195 2067 3250 liber-

305 3382 342 3437 ι)
373 3377 506 3438 Epist.
531 3376 584 3422 ad
611 3379 845 3422 Varronem
867 3375 942 3434 (ad
966 3378 1084 3420 Fam.
1112 3378 1183 3421 1x.
1211 3379 1250 3421 7.
1277 3379 1388 3435 §1·)
1419 3347 1549 3434 -‘2)
1582 3374 1692 3421 lbid.
1717 3379 1793 3421 lx.
1823 3381 1863 3421 6.
1898 3380 1982 3435 §2-
2009 3402 2068 3410 -

243 3458 284 3515 3)
316 3455 450 3516 Epist.
477 3453 529 3499 ad
562 3458 615 3500 M.
646 3453 896 3499 Marcellum
930 3454 1007 3511 (ad
1039 3457 1157 3500 Fani.
1195 3460 1265 3502 IV.
1301 3461 1341 3502 9.
1377 3459 1485 3516 §2.)
1516 3482 1574 3490 -—
1605 3456 1648 3514 4)
1680 3455 1812 3516 Epist.
1846 3455 1900 3500 ad
1933 3455 2065 3516 Papir.

158 3560 169 3576 0
244 3538 422 3580 Paetum
453 3533 526 3590 (ad
552 3536 668 3577 Fam.
699 3536 770 3579 IX.
806 3537 877 3578 16.
911 3536 1019 3593 ὖ2.)
