2210 3970
192 227 302 280 610
649 236 975 275 ANNALss
1030 235 1541 276 messenum.

189 367 307 415 δέκα
335 368 659 432 γενησόμενος.
732 367 930 413 Ἐδόκει
961 364 1016 414 δὲ
1044 368 1125 413 καὶ
1153 365 1235 412 τὸν
1259 368 1500 413 Κατιλίνα
1525 368 1850 429 νεωτερισμὸν
1875 366 2019 422 εἰδὼς

197 447 255 494 οὐ
301 448 635 508 δυσχεραίνειν
679 446 775 493 ὑπὸ
817 444 1037 504 πλήθους
1068 447 1299 492 δανείων·
1356 447 1384 491 ὁ“
1415 447 1631 507 μάλιστα
1666 454 1769 499 τοῖς
1802 446 2022 509 ἀρίστοις

195 527 354 588 φόβον
393 535 610 590 παρεῖχε.
676 529 771 572 Καὶ
818 529 967 572 τοῦτο
999 528 1187 588 πρῶτον
1217 528 1504 588 θεραπεύων
1539 525 1566 570 ὀ
1595 525 1814 588 Κικέρων
1855 532 2022 590 ἐκείνῳ

197 607 289 668 μὲν
320 605 596 666 ἑψηφίσατο
630 607 725 652 τῶν
754 605 1001 668 ἐπαρχιῶν
1042 605 1350 651 Μακεδονίαν
1381 631 1444 639 -
1475 607 1556 650 καὶ
1589 605 1935 668 κατειργάσατο
1968 610 2024 666 τῇ

200 687 371 749 χάριτι
420 689 574 749 ταύτῃ
607 685 690 732 τὸν
719 684 988 731 ’Λντώνιον
1035 685 1193 747 ὥσπερ
1235 683 1497 746 ὑποκριτήν
1528 683 1771 745 ἔμμισθον
1806 685 1938 748 αὐτῷ
1972 685 2031 732 τὰ

203 766 405 828 δεύτερα
434 765 591 829 λέγειν
626 765 745 828 ὑπὲρ
777 768 861 823 τῆς
887 764 1137 826 πατρίδος.
1206 767 1294 816 Ἷὶς
1339 764 1384 808 δ’
1404 755 1549 816 οὗτος
1576 763 1779 812 ἑαλώκει
1812 770 1895 812 καὶ
1927 782 2036 823 χει-

205 844 388 908 ροήθης
414 844 648 909 ἐγεγόνει,
677 846 864 905 μᾶλλον
893 844 980 902 ἤδη
1005 843 1201 905 θαρρῶν
1230 841 1494 905 όΚικέρων
1523 842 1750 891 ἐνίστατο
1767 845 1888 908 πρὸς
1919 845 2036 897 τούς

205 927 634 985 καινοτομοῦντας.
699 921 878 982 Appian.
914 925 961 966 B.
990 923 1032 967 C.
1066 935 1117 968 11.
1151 938 1186 966 c.
1213 927 1254 967 3.
1284 924 1386 966 Καὶ
1419 921 1534 967 τάδε
1562 926 1753 981 πάντα,
1787 924 1862 970 ἔτι
1892 923 2037 987 ἀγνο-

207 1005 413 1063 ούμενα,
451 1001 670 1062 Φουλβία
695 1001 893 1063 γύναιον
921 999 1012 1046 οὐκ
1041 998 1219 1058 ἀφανὲς
1241 999 1412 1061 ἐμήνυε
1437 1001 1501 1063 τῷ
1527 1001 1796 1065 Κικέρωνι·
1831 994 1885 1062 ἧς
1913 1003 2035 1063 ἐρῶν

207 1084 424 1134 Κόϊντος
455 1084 698 1144 Κούριος,
741 1077 856 1141 ἀνήρ
888 1078 956 1124 δι’
993 1077 1157 1139 ὀνείδη
1186 1081 1341 1127 πολλὰ
1375 1082 1458 1139 τῆς
1490 1079 1666 1140 βουλῆς
1699 1081 2034 1142 ἀπεωσμένος,

207 1164 293 1207 καὶ
325 1160 467 1218 τῆσδε
494 1163 577 1220 τῆς
603 1161 849 1206 Κατιλίνα
875 1161 1120 1218 συνθήκης
1148 1158 1430 1221 ἠξιωμένος,
1465 1162 1660 1218 κούφως
1687 1162 1818 1222 μάλα
1846 1163 1929 1206 καὶ
1959 1177 2039 1218 φι-

209 1242 420 1302 λοτίμως
465 1239 708 1302 ἐξέφερεν,
752 1229 835 1285 οἶα
878 1240 997 1301 πρὸς
1039 1238 1305 1301 ἐρωμένην,
1358 1238 1421 1294 ὥς
1466 1239 1647 1286 αὐτίκα
1688 1241 2042 1287 δυναστεύσων.

209 1320 289 1364 Dio
316 1333 495 1364 xxxvn.
529 1336 564 1364 c.
595 1324 667 1364 33.
703 1323 744 1365 1.
775 1320 868 1364 Καὶ
907 1322 1058 1365 τοῦτο
1089 1321 1432 1382 προεμηνύθη·
1473 1319 1502 1365 o‘
1533 1319 1621 1382 γὰρ
1651 1321 1873 1383 Κικέρων
1913 1321 2040 1366 πολύ

213 1398 506 1459 δυνάμενος,
558 1400 765 1455 συχνούς
811 1415 862 1444 τε
901 1396 955 1443 ἑκ
996 1399 1087 1445 τῶν
1131 1400 1527 1462 συνηγορημάτων
1561 1401 1679 1453 τούς
1706 1399 1795 1460 μὲν
1828 1401 2046 1446 οἰκειού-

205 1496 353 1540 μενος
387 1479 506 1531 τούς
534 1476 587 1524 δὲ
614 1477 858 1539 ἐκφοβῶν,
893 1481 1108 1532 πολλοὺς
1136 1480 1253 1532 τούς
1279 1479 1652 1542 διαγγέλλοντάς
1676 1480 1724 1526 οἱ
1754 1480 1811 1525 τὰ
1839 1482 2046 1525 τοιαῦτα

214 1558 346 1616 ἔσχε.
380 1586 440 1593 —-
471 1561 571 1604 Καὶ
602 1556 687 1602 διοὶ
716 1560 872 1602 ταῦτα
902 1561 984 1604 καὶ
1022 1557 1048 1603 o‘
1075 1557 1297 1620 Κικέρων
1327 1559 1450 1606 κατοὶ
1477 1558 1640 1622 χώραν
1673 1556 1881 1618 ἔμεινεν·
1912 1555 2048 1614 εἰλή-

214 1655 296 1695 χει
327 1637 415 1700 γὰρ
449 1639 531 1694 τῆς
561 1635 870 1689 Μακεδονίας
903 1636 1042 1700 ἄρξαι
1062 1673 1075 1694 ,
1113 1637 1229 1685 οὔτε
1263 1636 1316 1684 δὲ
1344 1637 1395 1690 ἒς
1425 1636 1612 1697 ἐκείνην
1641 1639 1732 1701 (τῷ
1758 1638 1846 1700 γάρ
1868 1636 2048 1697 συνάρο

216 1732 358 1773 χοντι
389 1714 539 1772 αὐτῆς
567 1715 652 1760 διά
679 1715 763 1773 τήν
790 1720 899 1778 περὶ
931 1719 1016 1769 τάς
1043 1716 1183 1769 δίκας
1214 1717 1427 1775 σπουδήν
1455 1715 1644 1776 ἐξέστη)
1676 1744 1735 1751 —-
1771 1715 2013 1774 ἐξήλασεν.

292 1804 354 1879 (⁴)
396 1804 498 1872 Qui
527 1821 690 1858 novas
716 1804 925 1859 tabulas
959 1813 1246 1877 cuperent,
1291 1823 1427 1877 quae
1457 1823 1542 1860 res
1573 1805 1640 1860 ab
1667 1806 1814 1878 omni
1851 1821 2045 1876 genere

214 1905 498 1958 hominum
539 1903 874 1969 tentabatur,
916 1906 982 1959 iis
1017 1906 1092 1959 ita
1123 1907 1326 1960 restitit
1353 1905 1571 1968 consul,
1613 1911 1676 1959 ut
1707 1905 1806 1959 hoe
1836 1911 2050 1960 tantum

214 2004 421 2058 malum
462 2001 525 2057 de
565 2003 837 2074 republica
872 2004 1165 2059 tolleretur.
1207 2023 1280 2059 111.
1323 2023 1368 2060 c.
1392 2009 1443 2060 6.
1485 2009 1572 2060 17.

278 2101 459 2150 Sallust.
492 2103 617 2148 Catil.
647 2119 682 2147 c.
708 2106 782 2149 21.
817 2105 1053 2163 Homines,
1089 2106 1251 2167 quibus
1277 2104 1398 2151 mala
1426 2104 1598 2150 abunde
1624 2105 1770 2148 omnia
1792 2111 1943 2161 erant,
1975 2105 2056 2150 secl

217 2200 356 2246 neque
381 2199 452 2227 res
476 2199 614 2244 neque
640 2198 741 2244 spes
767 2181 876 2225 bona
905 2181 1027 2238 ulla,
1061 2210 1118 2218 —
1142 2184 1429 2245 postulavere
1447 2183 1680 2246 plerique,
1711 2183 1784 2226 uti
1809 2183 2051 2243 (Catilina)

210 2269 506 2325 proponeret,
555 2276 669 2322 quae
710 2258 904 2303 conditio
938 2259 1044 2304 belli
1069 2261 1226 2320 foret,
1279 2278 1393 2323 quae
1415 2261 1622 2322 praemia
1653 2261 1792 2304 armis
1816 2269 2052 2323 peterent,

222 2338 334 2402 quid
373 2339 534 2400 ubique
576 2339 675 2399 opis
716 2346 798 2382 aut
834 2338 931 2399 spei
971 2338 1190 2384 haberent.
1260 2342 1368 2384 Tum
1404 2338 1599 2383 Catilina
1624 2339 1835 2400 polliceri
1875 2339 2054 2384 tabulas

220 2432 375 2475 novas,
401 2417 772 2478 proscriptionem
802 2416 1112 2477 locupletium,
1147 2426 1229 2463 cet.
1294 2419 1380 2463 Cic.
1408 2417 1453 2462 in
1482 2417 1677 2462 Catil.11.
1706 2432 1747 2462 e.
1768 2420 1808 2461 8.
1833 2421 1899 2462 18.
1939 2417 2061 2475 Quid

227 2499 343 2541 enim
375 2494 649 2555 exspectas?
681 2521 741 2527 —
773 2496 840 2538 An
867 2494 1046 2538 tabulas
1077 2497 1248 2539 novas?
1311 2497 1505 2551 Errant,
1537 2497 1617 2556 qui
1646 2497 1762 2540 istas
1796 2514 1824 2540 a
1860 2497 2056 2541 Catilina

225 2580 496 2635 exspectant.
559 2573 654 2614 Meo
687 2570 895 2630 beneficio
928 2572 1107 2616 tabulae
1137 2589 1272 2616 novae
1294 2572 1587 2633 proferentur
1604 2605 1617 2628 ‚
1649 2590 1797 2617 verum
1830 2575 2058 2618 auctiona-

229 2654 338 2698 riae.
402 2652 548 2710 Neque
570 2648 684 2691 enim
715 2648 822 2703 isti,
855 2649 935 2708 qui
950 2637 1257 2709 possessiones
1285 2648 1596 2704 habent‚>alia
1621 2643 1793 2697 ratione
1821 2652 1919 2696 ulla
1946 2653 2063 2696 salvi

230 2746 325 2776 esse
352 2733 556 2790 possunt.
619 2724 696 2767 Dio
721 2737 900 2769 xxxvu.
919 2741 956 2769 c.
975 2729 1046 2770 25.
1073 2729 1115 2770 4.
1147 2727 1206 2772 Οἱ
1228 2726 1468 2788 δήμαρχοι
1504 2753 1563 2760 -
1597 2728 1744 2781 ἄλλος
1770 2729 1922 2791 χρεῶν
1940 2729 2064 2777 ἀπο-

233 2808 388 2859 κοπάς
419 2832 480 2842 —-
512 2792 757 2868 γενέσθαι
774 2803 1007 2865 ἐσηγεῖτο.
1031 2803 1126 2851 κτὲ.
1177 2809 1299 2850 c.30.
1329 2808 1372 2850 2.
1406 2810 1494 2850 Ἐκ
1511 2809 1596 2864 τῆς
1623 2807 1811 2868 Ῥώμης
1837 2809 1987 2867 αὐτῆς
2010 2809 2061 2868 (o‘

233 2889 523 2940 Κατιλίνας)
556 2886 673 2936 τούς
701 2901 750 2930 τε
778 2887 1041 2935 κακίστους
1070 2886 1151 2928 καὶ
1181 2883 1357 2929 καινῶν
1386 2883 1463 2930 ἀεί
1486 2902 1604 2931 ποτε
1632 2890 1920 2950 πραγμάτων
1950 2887 2061 2935 ἑπι-

234 2967 480 3030 θυμητάς,
516 2961 605 3009 κᾶκ
637 2964 733 3009 τῶν
759 2964 1019 3024 συμμάχων
1045 2963 1126 3008 ὅτι
1151 2964 1433 3020 πλείστους,
1468 2966 1625 3027 χρεῶν
1654 2984 1704 3013 τε
1732 2966 1980 3020 ἀποκοπὰς
2002 2996 2062 3004 -

231 3044 622 3104 ὑπισχνούμενός
652 3059 822 3101 σφισι,
858 3044 1075 3102 συνῆγεν.

312 3151 374 3227 (⁵)
416 3150 507 3205 Ius
552 3147 834 3220 legationis
869 3145 1067 3200 liberae
1107 3151 1318 3201 tantum
1360 3164 1464 3202 non
1508 3149 1762 3215 sustulit,
1801 3150 1892 3205 sed
1931 3156 2061 3207 tem-

237 3271 367 3326 pus,
408 3250 548 3322 quod
581 3255 695 3304 erat
725 3248 1022 3312 infinitum,
1063 3264 1302 3302 annuum
1337 3247 1482 3304 fecit.
1522 3267 1598 3304 111.
1635 3267 1679 3304 c.
1707 3255 1754 3309 7.
1796 3254 1882 3306 20.

304 3356 365 3396 De
395 3348 625 3395 coercendo
648 3348 725 3393 hoc
742 3348 838 3392 iure
862 3347 951 3393 iam
976 3347 1023 3390 in
1054 3346 1143 3407 ipso
1167 3348 1417 3393 consulatus
1439 3349 1632 3410 ingressu
1664 3350 1868 3410 cogitasse
1896 3351 2083 3399 videtum

245 3432 416 3485 Cicero,
457 3427 534 3490 qui
559 3427 608 3471 in
641 3427 762 3471 Orat.
791 3439 821 3470 1.
854 3425 907 3470 de
937 3424 968 3469 l.
987 3439 1076 3485 agr.
1107 3441 1144 3470 c.
1177 3430 1218 3470 3.
1252 3430 1294 3471 8.
1327 3427 1512 3472 dixerit-‚z
1544 3429 1642 3471 Iam
1673 3426 1758 3471 illa
1789 3427 1988 3471 omnibus
2020 3428 2067 3472 in

238 3506 509 3572 provincii-v,
530 3505 704 3565 regnis,
729 3504 879 3550 liberis
891 3502 1079 3565 populis
1095 3520 1228 3564 quam
1243 3506 1423 3564 acerba,
1445 3521 1578 3566 quam
1590 3504 1917 3564 formidolosa,
1939 3523 2070 3567 quam

2203 547 2210 603 n...
2204 266 2210 541 *—....-...—..—-i-..
