2210 3970
243 270 348 323 706
702 278 1030 317 ANNA1.ES
1088 277 1596 320 monacnum.

246 410 498 468 confectis,
541 425 731 470 quarum
773 424 920 451 rerum
965 421 1125 451 caussa
1168 406 1451 454 transducere
1494 411 1736 456 exercitum
1781 413 2075 459 constituerat

246 489 478 545 (Caesar),
511 495 563 530 ut
600 486 829 529 Germanis
856 493 1020 529 metum
1047 484 1248 527 iniiceret
1266 517 1278 538 ‚
1313 494 1364 529 ut
1392 488 1648 548 Sigambros
1675 488 1994 544 ulcisceretur,
2025 495 2079 532 ut

251 561 381 604 Ubios
406 559 632 604 obsidione
662 561 892 618 liberaret,
929 563 1083 605 diebus
1117 564 1290 606 omnino
1315 578 1436 608 XVIII
1465 572 1590 608 trans
1615 566 1812 608 Rhenum
1851 581 2080 625 consump-

246 640 334 696 tis,
371 665 431 672 -—
464 655 511 682 se
542 640 591 683 in
627 640 823 684 Galliam
865 642 1032 701 recepit
1056 648 1324 703 pontemque
1365 642 1562 687 rescidit.
1644 640 1761 687 Conf.
1795 641 1939 686 Livius
1967 642 2083 702 Epit.

250 722 354 763 105.
421 717 501 763 Dio
533 731 689 763 xxxix.
718 720 979 763 c.·47--49.
1047 718 1265 763 Plutarch.
1300 722 1412 766 Caes,
1445 736 1481 766 c.
1501 723 1698 765 22—23.
1761 723 1941 764 Sueten.
1970 723 2084 766 CaeS.

249 813 284 842 c.
304 801 501 841 24—25.
567 797 680 842 Flor.
711 809 784 840 111.
818 812 855 840 c.
882 799 952 839 10.
989 799 1184 856 14-15.
1250 799 1367 840 oros.
1403 810 1462 841 v1.
1491 813 1526 843 c.
1545 800 1587 841 9.
1622 801 1779 843 Zonar.
1806 811 1849 856 xj.
1879 815 1914 841 c.
1935 802 1976 843 6.

331 885 416 958 (¹⁰)
464 885 519 938 {n
549 885 847 955 legatorum
871 869 1130 947 numero,
1153 900 1286 953 quos
1306 883 1498 938 Caesar
1524 901 1705 939 sec-um
1730 885 1946 948 habuit,
1972 892 2087 940 erat

253 1001 464 1056 quoque
489 985 720 1051 Quintus
749 983 961 1048 (licere,
994 983 1306 1052 imperatori
1335 984 1548 1053 egregie
1575 983 1802 1039 dilectus
1837 992 1890 1040 et
1911 1002 2090 1040 comes

254 1087 310 1138 in
368 1083 535 1138 altera
585 1082 921 1153 expeditione
959 1082 1014 1134 in
1062 1082 1430 1146 Britanniam,
1482 1099 1531 1138 a.
1557 1083 1616 1137 U.
1642 1084 1695 1137 G.
1721 1089 1850 1141 700.
1893 1084 2049 1140 faeta.

316 1185 400 1229 Cic.
436 1183 488 1227 ad
522 1183 695 1227 Lentnl.
731 1181 805 1239 (ad
848 1185 967 1226 Fam.
995 1195 1023 1226 1.
1060 1185 1100 1226 9.
1136 1185 1233 1241 21.)
1277 1182 1498 1240 Quintus,
1531 1182 1689 1242 frater
1726 1201 1870 1240 meus,
1917 1177 2091 1246 legatus

255 1268 322 1305 est
359 1261 578 1304 Caesaris.
642 1259 703 1303 ld.
737 1259 791 1303 ad
819 1263 873 1317 Q.
900 1258 952 1304 fr.
983 1271 1035 1304 11.
1065 1263 1136 1303 14.
1161 1265 1202 1304 3.
1237 1261 1365 1321 Ego,
1402 1277 1538 1321 quum
1565 1262 1746 1305 Romam
1774 1278 1958 1319 venero,
1990 1263 2091 1308 nul·

258 1339 350 1383 lum
379 1337 740 1398 praetermittam
777 1338 979 1380 Caesaris
1020 1337 1304 1381 tabellarium
1323 1370 1337 1393 ‚
1379 1338 1454 1382 cui
1482 1337 1658 1382 litteras
1690 1339 1750 1384 ad
1783 1347 1828 1384 te
1859 1356 1946 1385 non
1979 1341 2089 1388 dem.

260 1415 371 1460 lbid.
402 1419 456 1458 15
474 1431 514 1459 a.
545 1418 586 1458 1.
620 1415 819 1458 Litterae
851 1414 948 1457 eius
977 1414 1227 1472 (Caesaris)
1255 1431 1346 1458 una
1373 1414 1505 1459 datae
1527 1432 1625 1459 cum
1652 1417 1767 1473 tuis,
1794 1435 1981 1478 quarum
2005 1420 2093 1463 ini·

258 1495 373 1538 tium
411 1500 502 1546 est,
551 1508 684 1553 quam
721 1492 875 1536 suavis
907 1492 949 1535 ei
984 1499 1090 1535 tuus
1122 1491 1335 1553 adventus
1359 1492 1542 1552 fuerit,
1578 1502 1622 1538 et
1652 1494 1897 1539 recordatio
1930 1497 2093 1541 veteris

259 1571 450 1619 amoris,
488 1568 642 1613 deinde
659 1601 672 1624 ‚
706 1585 753 1612 se
781 1568 1069 1628 effecturum,
1105 1577 1158 1612 ut
1181 1586 1258 1630 ego
1286 1571 1333 1613 in
1365 1570 1507 1614 medio
1535 1571 1681 1615 dolore
1705 1589 1756 1616 ac
1784 1572 2000 1618 desiderio
2023 1574 2096 1619 tui

261 1657 304 1692 te
323 1679 337 1703 ,
369 1665 504 1708 quum
528 1664 556 1690 a
583 1663 651 1690 me
685 1646 884 1702 abesses,
917 1647 1206 1707 potissimum
1230 1662 1378 1690 secum
1405 1663 1499 1692 esse
1528 1648 1741 1705 laetarer,
1774 1651 2097 1696 incredibiliter

261 1727 550 1783 delectarunt.
617 1724 725 1769 lbid.
753 1737 826 1768 111.
858 1729 896 1769 1.
931 1740 968 1768 c.
989 1728 1030 1769 3.
1060 1728 1087 1768 9
1106 1741 1195 1787 sqq.
1234 1724 1364 1784 Quod
1386 1727 1546 1770 scribis
1565 1735 1608 1771 te
1635 1744 1663 1770 a
1694 1729 1876 1772 Caesare
1894 1729 2094 1789 quotidie

255 1805 364 1866 plus
397 1804 561 1863 diligi,
596 1804 910 1849 immortaliter
937 1803 1123 1865 gaudeo,
1157 1830 1215 1836 —
1250 1805 1316 1846 De
1343 1805 1622 1849 Britannicis
1643 1805 1796 1858 rebus,
1832 1808 2014 1867 cognovi
2039 1823 2096 1852 ex

261 1883 356 1926 tuis
385 1881 572 1937 litteris,
605 1882 725 1925 nillil
751 1899 871 1938 esse,
905 1899 982 1926 nec
1011 1880 1131 1942 quod
1154 1888 1427 1937 metuamus,
1459 1899 1536 1926 nec
1565 1882 1686 1943 quod
1701 1883 1990 1944 gaudeamuS.
2039 1885 2093 1930 ad

259 1965 438 2004 Att.1v.
459 1962 529 2002 17.
552 1962 594 2001 3.
628 1958 692 2001 Ab
723 1959 888 2016 Quinto
906 1958 1064 2016 fratre
1092 1966 1135 2002 et
1162 1975 1190 2001 a
1218 1961 1401 2003 Caesare
1423 1962 1573 2021 accepi
1599 1978 1639 2006 a.
1658 1962 1698 2005 d.
1721 1973 1780 2005 lx.
1799 1961 1982 2008 Kalend.
2011 1965 2095 2007 Νο-

260 2036 394 2080 vemb.
424 2038 508 2094 [z
533 2038 593 2079 24
611 2039 704 2080 Oet.
726 2041 815 2081 699
846 2054 910 2080 :-
944 2041 971 2081 7
994 2040 1090 2081 Oct.
1118 2041 1177 2080 55
1209 2054 1246 2081 a.
1265 2039 1332 2095 C.]
1367 2037 1572 2094 litteras,
1601 2038 1804 2097 confecta
1827 2041 2094 2097 Britannia,

262 2113 490 2158 obsidibus
532 2115 756 2173 acceptis,
803 2114 931 2159 nulla
960 2114 1162 2176 praeda,
1203 2115 1421 2174 imperata
1465 2122 1610 2159 tamen
1639 2117 1862 2175 pecunia,
1904 2115 2042 2162 datas
2068 2135 2098 2162 a

266 2190 497 2235 littoribus
525 2192 790 2235 Britanniae
807 2222 819 2242 ‚
848 2193 1056 2252 proximo
1088 2208 1129 2235 a.
1149 2191 1190 2235 d.
1210 2205 1273 2236 w.
1292 2191 1475 2235 Kalend.
1500 2193 1646 2237 Octob.
1671 2195 1756 2252 [z
1782 2198 1841 2238 25
1869 2199 1983 2257 Sept.
2006 2199 2098 2241 699

263 2285 326 2313 z
343 2271 370 2312 9
388 2272 504 2329 Sept.
523 2273 582 2313 55
600 2285 638 2314 a.
657 2271 738 2327 C.].
755 2269 1021 2312 Emere-itam
1035 2269 1270 2312 Britannia
1288 2270 1583 2330 reportabant.
1617 2271 1733 2316 Conf.
1753 2276 1900 2318 Caesar
1915 2277 1961 2318 Β.
1980 2277 2029 2318 G.
2053 2287 2098 2325 v,

265 2363 302 2392 c.
318 2350 394 2391 24.
413 2363 450 2391 c.
469 2349 527 2390 39
545 2363 635 2409 sqq.
662 2362 698 2390 c.
719 2351 791 2391 53.
830 2337 1076 2390 Ciceronem
1083 2363 1168 2407 pro
1187 2348 1284 2391 eius
1305 2349 1462 2392 merito
1479 2348 1812 2412 slegionemque
1840 2351 2068 2396 collaudat
2084 2371 2099 2396 .·

263 2425 540 2477 centuriones
567 2424 833 2486 sigillatim,
869 2423 1157 2484 tribunosque
1181 2424 1378 2470 militum
1411 2426 1636 2488 appellat,
1670 2445 1855 2489 quorum
1879 2430 2100 2490 egregiam

257 2501 415 2561 fuisse
431 2503 641 2547 virtutem
659 2502 911 2546 testimonio
934 2503 1153 2546 Ciceronis
1170 2512 1442 2564 cognoverat.
1478 2518 1542 2550 VI.
1560 2523 1599 2557 c.
1619 2510 1690 2552 32.
1709 2523 1744 2551 c.
1764 2511 1836 2552 36.
1866 2521 1952 2552 vu.
1970 2523 2006 2552 e.
2026 2509 2100 2552 90.

569 2678 826 2735 ANNUS
891 2678 1137 2733 VITAE
1197 2678 1624 2736 CICERONIS
1683 2681 1817 2737 LIII.

571 2796 679 2866 [Kal.
714 2815 880 2855 Ianuar.
915 2813 1043 2853 incid.
1081 2814 1125 2852 in
1160 2813 1201 2854 d.
1241 2813 1300 2854 12
1336 2815 1530 2856 Decemb.
1571 2818 1628 2856 55
1666 2830 1703 2857 a.
1735 2811 1797 2868 C.]

272 2946 310 2973 a.
330 2928 375 2972 U.
393 2932 438 2972 C.
691 2930 805 2970 Coss.
840 2930 886 2970 L.
920 2930 1159 2970 DOMITIUS
1191 2931 1570 2974 AHENOBARBIJS.
1939 2949 1975 2977 a.
1993 2935 2042 2976 A.
2062 2937 2106 2979 C.

279 3001 284 3005 '
307 2995 417 3040 700.
607 3057 611 3060 Δ
843 2995 955 3036 ΑΡΡ.
991 2996 1239 3036 CLAUDIUS
1273 2998 1518 3040 PULCHER.
1989 3004 2064 3042 54.

349 3104 411 3179 (¹)
453 3103 637 3158 Cicero
666 3102 766 3157 hoe
801 3119 941 3157 anno
974 3104 1147 3174 magis
1180 3121 1342 3175 quam
1378 3104 1485 3159 ullo
1519 3105 1622 3160 alio
1655 3113 1896 3179 tempore
1928 3108 2107 3164 distri-

273 3210 395 3260 ctus
429 3203 532 3258 fuit
569 3220 600 3258 a
639 3204 846 3259 caussis
879 3209 934 3258 et
967 3203 1198 3258 iudiciis,
1242 3222 1310 3258 v1.
1352 3222 1396 3259 e.
1422 3209 1525 3262 24..
1554 3210 1643 3261 60.

350 3303 661 3369 Orationes,
702 3320 840 3375 quae
872 3303 980 3358 hue
1013 3303 1324 3360 referendae
1357 3312 1512 3371 sunt,
1554 3306 1653 3361 hoe
1689 3307 1874 3363 ordine
1907 3316 2108 3383 tempo-

275 3407 354 3461 ris
384 3405 639 3459 videntur
678 3421 792 3460 esse
826 3404 1066 3460 habitae:

355 3504 536 3561 Oratio
561 3523 661 3576 pro
693 3504 769 3564 M.
798 3505 1005 3573 Crasso,
1046 3523 1206 3579 quem
1240 3508 1484 3564 eonsules
1516 3507 1759 3569 volebant
1791 3516 1852 3565 ut
1886 3517 2103 3567 sen-atus
