<?xml version="1.0" encoding="UTF-8"?>
<!DOCTYPE html PUBLIC "-//W3C//DTD XHTML 1.0 Transitional//EN"
    "http://www.w3.org/TR/xhtml1/DTD/xhtml1-transitional.dtd">
<html xmlns="http://www.w3.org/1999/xhtml" xml:lang="en" lang="en">
 <head>
  <title>
</title>
<meta http-equiv="Content-Type" content="text/html;charset=utf-8" />
  <meta name='ocr-system' content='tesseract 3.04.00' />
  <meta name='ocr-capabilities' content='ocr_page ocr_carea ocr_par ocr_line ocrx_word'/>
</head>
<body>
  <div class='ocr_page' id='page_1' title='image "./mtulliiciceronis00suriuoft/mtulliiciceronis00suriuoft_0582.png"; bbox 0 0 2210 3970; ppageno 0'>
   <div class='ocr_carea' id='block_1_1' title="bbox 186 193 1544 262">
    <p class='ocr_par' dir='ltr' id='par_1_1' title="bbox 186 193 1544 262">
     <span class='ocr_line' id='line_1_1' title="bbox 186 193 1544 262; baseline -0.001 -19"><span class='ocrx_word' id='word_1_1' title='bbox 186 193 300 262; x_wconf 43' lang='lat'><em>,556</em></span> <span class='ocrx_word' id='word_1_2' title='bbox 655 199 982 238; x_wconf 75' lang='lat' dir='ltr'><strong>ANNALES</strong></span> <span class='ocrx_word' id='word_1_3' title='bbox 1035 199 1544 251; x_wconf 25' lang='lat' dir='ltr'><em>cic-anonam.</em></span> 
     </span>
    </p>
   </div>
   <div class='ocr_carea' id='block_1_2' title="bbox 188 318 2032 859">
    <p class='ocr_par' dir='ltr' id='par_1_2' title="bbox 188 318 2032 859">
     <span class='ocr_line' id='line_1_2' title="bbox 195 318 2022 395; baseline -0.001 -18"><span class='ocrx_word' id='word_1_4' title='bbox 195 350 285 394; x_wconf 88' lang='lat' dir='ltr'><em>qua</em></span> <span class='ocrx_word' id='word_1_5' title='bbox 310 341 376 378; x_wconf 82' lang='lat' dir='ltr'><em>est</em></span> <span class='ocrx_word' id='word_1_6' title='bbox 405 334 453 377; x_wconf 84' lang='lat' dir='ltr'><em>in</em></span> <span class='ocrx_word' id='word_1_7' title='bbox 487 318 557 377; x_wconf 71' lang='lat' dir='ltr'><em>liis</em></span> <span class='ocrx_word' id='word_1_8' title='bbox 589 329 746 390; x_wconf 72' lang='lat' dir='ltr'><em>culpa,</em></span> <span class='ocrx_word' id='word_1_9' title='bbox 779 327 998 372; x_wconf 85' lang='lat' dir='ltr'><em>tradentis</em></span> <span class='ocrx_word' id='word_1_10' title='bbox 1023 335 1119 373; x_wconf 86' lang='lat' dir='ltr'><em>est:</em></span> <span class='ocrx_word' id='word_1_11' title='bbox 1151 330 1244 373; x_wconf 86' lang='lat' dir='ltr'><em>sive</em></span> <span class='ocrx_word' id='word_1_12' title='bbox 1270 346 1368 374; x_wconf 89' lang='lat' dir='ltr'><em>eum</em></span> <span class='ocrx_word' id='word_1_13' title='bbox 1392 333 1548 389; x_wconf 82' lang='lat' dir='ltr'><em>movit,</em></span> <span class='ocrx_word' id='word_1_14' title='bbox 1581 332 1700 393; x_wconf 81' lang='lat' dir='ltr'><em>quod</em></span> <span class='ocrx_word' id='word_1_15' title='bbox 1729 335 2022 395; x_wconf 77' lang='lat' dir='ltr'><em>Hermagoras</em></span> 
     </span>
     <span class='ocr_line' id='line_1_3' title="bbox 188 401 2027 475; baseline 0 -20"><span class='ocrx_word' id='word_1_16' title='bbox 188 412 340 472; x_wconf 84' lang='lat' dir='ltr'><em>prima</em></span> <span class='ocrx_word' id='word_1_17' title='bbox 372 411 420 454; x_wconf 85' lang='lat' dir='ltr'><em>in</em></span> <span class='ocrx_word' id='word_1_18' title='bbox 464 410 541 453; x_wconf 80' lang='lat' dir='ltr'><em>hoc</em></span> <span class='ocrx_word' id='word_1_19' title='bbox 578 408 671 475; x_wconf 82' lang='lat' dir='ltr'><em>loco¹</em></span> <span class='ocrx_word' id='word_1_20' title='bbox 695 401 853 468; x_wconf 76' lang='lat' dir='ltr'><em>posuit</em></span> <span class='ocrx_word' id='word_1_21' title='bbox 887 406 1086 468; x_wconf 71' lang='lat' dir='ltr'><em>exempla</em></span> <span class='ocrx_word' id='word_1_22' title='bbox 1118 424 1173 452; x_wconf 72' lang='lat' dir='ltr'><em>ex·</em></span> <span class='ocrx_word' id='word_1_23' title='bbox 1210 409 1544 468; x_wconf 82' lang='lat' dir='ltr'><em>quaestionibus</em></span> <span class='ocrx_word' id='word_1_24' title='bbox 1573 411 1721 466; x_wconf 86' lang='lat' dir='ltr'><em>iuris;</em></span> <span class='ocrx_word' id='word_1_25' title='bbox 1751 412 1876 467; x_wconf 86' lang='lat' dir='ltr'><em>sive,</em></span> <span class='ocrx_word' id='word_1_26' title='bbox 1908 411 2027 472; x_wconf 84' lang='lat' dir='ltr'><em>quod</em></span> 
     </span>
     <span class='ocr_line' id='line_1_4' title="bbox 201 485 2027 551; baseline 0 -20"><span class='ocrx_word' id='word_1_27' title='bbox 201 490 358 532; x_wconf 88' lang='lat' dir='ltr'><em>Graeci</em></span> <span class='ocrx_word' id='word_1_28' title='bbox 390 488 752 551; x_wconf 71' lang='grc' dir='ltr'><strong><em>πραγματικούς</em></strong></span> <span class='ocrx_word' id='word_1_29' title='bbox 778 491 933 529; x_wconf 83' lang='lat' dir='ltr'><em>vocant</em></span> <span class='ocrx_word' id='word_1_30' title='bbox 961 485 1078 529; x_wconf 85' lang='lat' dir='ltr'><em>iuris</em></span> <span class='ocrx_word' id='word_1_31' title='bbox 1109 486 1384 546; x_wconf 72' lang='lat' dir='ltr'><em>interpretes.</em></span> <span class='ocrx_word' id='word_1_32' title='bbox 1449 486 1541 531; x_wconf 83' lang='lat' dir='ltr'><em>Sed</em></span> <span class='ocrx_word' id='word_1_33' title='bbox 1571 489 1717 532; x_wconf 86' lang='lat' dir='ltr'><em>Cicero</em></span> <span class='ocrx_word' id='word_1_34' title='bbox 1747 487 1922 548; x_wconf 84' lang='lat' dir='ltr'><em>quidem</em></span> <span class='ocrx_word' id='word_1_35' title='bbox 1956 488 2027 531; x_wconf 78' lang='lat' dir='ltr'><em>his</em></span> 
     </span>
     <span class='ocr_line' id='line_1_5' title="bbox 190 561 2030 627; baseline -0.003 -16"><span class='ocrx_word' id='word_1_36' title='bbox 190 566 516 627; x_wconf 72' lang='lat' dir='ltr'><em>pulcherrimos</em></span> <span class='ocrx_word' id='word_1_37' title='bbox 549 566 656 611; x_wconf 83' lang='lat' dir='ltr'><em>illos</em></span> <span class='ocrx_word' id='word_1_38' title='bbox 698 565 750 610; x_wconf 83' lang='lat' dir='ltr'><em>de</em></span> <span class='ocrx_word' id='word_1_39' title='bbox 793 567 979 609; x_wconf 82' lang='lat' dir='ltr'><em>Oratore</em></span> <span class='ocrx_word' id='word_1_40' title='bbox 1018 563 1284 620; x_wconf 76' lang='lat' dir='ltr'><em>substituit,</em></span> <span class='ocrx_word' id='word_1_41' title='bbox 1331 563 1514 625; x_wconf 84' lang='lat' dir='ltr'><em>ideoque</em></span> <span class='ocrx_word' id='word_1_42' title='bbox 1551 561 1751 626; x_wconf 79' lang='lat' dir='ltr'><em>culpari,</em></span> <span class='ocrx_word' id='word_1_43' title='bbox 1803 572 2030 623; x_wconf 82' lang='lat' dir='ltr'><em>tamquam</em></span> 
     </span>
     <span class='ocr_line' id='line_1_6' title="bbox 189 640 2032 705; baseline -0.001 -19"><span class='ocrx_word' id='word_1_44' title='bbox 189 642 326 701; x_wconf 83' lang='lat' dir='ltr'><em>salsa</em></span> <span class='ocrx_word' id='word_1_45' title='bbox 361 642 639 705; x_wconf 77' lang='lat' dir='ltr'><em>praecipiat,</em></span> <span class='ocrx_word' id='word_1_46' title='bbox 683 660 768 688; x_wconf 87' lang='lat' dir='ltr'><em>non</em></span> <span class='ocrx_word' id='word_1_47' title='bbox 797 650 963 705; x_wconf 86' lang='lat' dir='ltr'><em>potest.</em></span> <span class='ocrx_word' id='word_1_48' title='bbox 1032 641 1139 685; x_wconf 77' lang='lat' dir='ltr'><em>ibid.</em></span> <span class='ocrx_word' id='word_1_49' title='bbox 1175 645 1246 686; x_wconf 87' lang='grc'><em>64.</em></span> <span class='ocrx_word' id='word_1_50' title='bbox 1281 641 1349 685; x_wconf 85' lang='lat' dir='ltr'><em>Et</em></span> <span class='ocrx_word' id='word_1_51' title='bbox 1385 643 1444 686; x_wconf 89' lang='lat' dir='ltr'><em>M.</em></span> <span class='ocrx_word' id='word_1_52' title='bbox 1481 641 1658 686; x_wconf 86' lang='lat' dir='ltr'><em>Tullius</em></span> <span class='ocrx_word' id='word_1_53' title='bbox 1694 657 1780 686; x_wconf 84' lang='lat' dir='ltr'><em>non</em></span> <span class='ocrx_word' id='word_1_54' title='bbox 1811 640 2032 685; x_wconf 78' lang='lat' dir='ltr'><em>dubitavit</em></span> 
     </span>
     <span class='ocr_line' id='line_1_7' title="bbox 200 718 2031 781; baseline -0.001 -18"><span class='ocrx_word' id='word_1_55' title='bbox 200 719 379 781; x_wconf 81' lang='lat' dir='ltr'><em>aliquos</em></span> <span class='ocrx_word' id='word_1_56' title='bbox 402 737 507 766; x_wconf 87' lang='lat' dir='ltr'><em>suos</em></span> <span class='ocrx_word' id='word_1_57' title='bbox 524 721 659 767; x_wconf 85' lang='lat' dir='ltr'><em>libros</em></span> <span class='ocrx_word' id='word_1_58' title='bbox 675 722 766 766; x_wconf 88' lang='lat' dir='ltr'><em>iam</em></span> <span class='ocrx_word' id='word_1_59' title='bbox 791 720 933 765; x_wconf 84' lang='lat' dir='ltr'><em>editos</em></span> <span class='ocrx_word' id='word_1_60' title='bbox 949 718 1058 763; x_wconf 75' lang='lat' dir='ltr'><em>aliis</em></span> <span class='ocrx_word' id='word_1_61' title='bbox 1065 726 1227 780; x_wconf 81' lang='lat' dir='ltr'><em>postea</em></span> <span class='ocrx_word' id='word_1_62' title='bbox 1253 718 1440 780; x_wconf 84' lang='lat' dir='ltr'><em>scriptis</em></span> <span class='ocrx_word' id='word_1_63' title='bbox 1464 719 1561 780; x_wconf 82' lang='lat' dir='ltr'><em>ipse</em></span> <span class='ocrx_word' id='word_1_64' title='bbox 1584 718 1813 776; x_wconf 83' lang='lat' dir='ltr'><em>damnare,</em></span> <span class='ocrx_word' id='word_1_65' title='bbox 1837 719 1956 762; x_wconf 88' lang='lat' dir='ltr'><em>sicut</em></span> <span class='ocrx_word' id='word_1_66' title='bbox 1973 743 2031 750; x_wconf 89' lang='lat'>—</span> 
     </span>
     <span class='ocr_line' id='line_1_8' title="bbox 203 796 1724 859; baseline -0.003 -13"><span class='ocrx_word' id='word_1_67' title='bbox 203 797 281 846; x_wconf 68' lang='lat' dir='ltr'><em>llos</em></span> <span class='ocrx_word' id='word_1_68' title='bbox 313 800 462 859; x_wconf 81' lang='lat' dir='ltr'><em>ipsos,</em></span> <span class='ocrx_word' id='word_1_69' title='bbox 504 799 557 843; x_wconf 85' lang='lat' dir='ltr'><em>de</em></span> <span class='ocrx_word' id='word_1_70' title='bbox 586 798 751 859; x_wconf 82' lang='lat' dir='ltr'><em>quibus</em></span> <span class='ocrx_word' id='word_1_71' title='bbox 780 797 905 841; x_wconf 84' lang='lat' dir='ltr'><strong><em>modo</em></strong></span> <span class='ocrx_word' id='word_1_72' title='bbox 937 813 1036 841; x_wconf 88' lang='lat' dir='ltr'><em>sum</em></span> <span class='ocrx_word' id='word_1_73' title='bbox 1071 797 1274 852; x_wconf 78' lang='lat' dir='ltr'><em>locutus,</em></span> <span class='ocrx_word' id='word_1_74' title='bbox 1308 796 1424 841; x_wconf 86' lang='lat' dir='ltr'><em>artis</em></span> <span class='ocrx_word' id='word_1_75' title='bbox 1456 796 1724 842; x_wconf 78' lang='lat' dir='ltr'><em>Rhetoricae.</em></span> 
     </span>
    </p>
   </div>
   <div class='ocr_carea' id='block_1_3' title="bbox 950 1001 1278 1011">
    <p class='ocr_par' dir='ltr' id='par_1_3' title="bbox 950 1001 1278 1011">
     <span class='ocr_line' id='line_1_9' title="bbox 950 1001 1278 1011; baseline 0.003 -1"><span class='ocrx_word' id='word_1_76' title='bbox 950 1001 1278 1011; x_wconf 73' lang='lat' dir='ltr'><em>——-—-——a</em></span> 
     </span>
    </p>
   </div>
   <div class='ocr_carea' id='block_1_4' title="bbox 950 1013 1277 1023">
    <p class='ocr_par' dir='ltr' id='par_1_4' title="bbox 950 1013 1277 1023">
     <span class='ocr_line' id='line_1_10' title="bbox 950 1013 1277 1023; baseline 0 2947"><span class='ocrx_word' id='word_1_77' title='bbox 950 1013 1277 1023; x_wconf 95' lang='lat' dir='ltr'><em> </em></span> 
     </span>
    </p>
   </div>
   <div class='ocr_carea' id='block_1_5' title="bbox 507 1163 1732 1224">
    <p class='ocr_par' dir='ltr' id='par_1_5' title="bbox 507 1163 1732 1224">
     <span class='ocr_line' id='line_1_11' title="bbox 507 1163 1732 1224; baseline -0.002 0"><span class='ocrx_word' id='word_1_78' title='bbox 507 1167 762 1224; x_wconf 90' lang='lat' dir='ltr'><strong>ANNUS</strong></span> <span class='ocrx_word' id='word_1_79' title='bbox 811 1165 1051 1221; x_wconf 88' lang='lat' dir='ltr'><strong>VITAE</strong></span> <span class='ocrx_word' id='word_1_80' title='bbox 1097 1163 1522 1221; x_wconf 83' lang='lat' dir='ltr'>CICERONIS</span> <span class='ocrx_word' id='word_1_81' title='bbox 1569 1167 1732 1221; x_wconf 86' lang='lat' dir='ltr'><strong>XXII.</strong></span> 
     </span>
    </p>
   </div>
   <div class='ocr_carea' id='block_1_6' title="bbox 207 1321 2040 1458">
    <p class='ocr_par' dir='ltr' id='par_1_6' title="bbox 207 1321 2040 1458">
     <span class='ocr_line' id='line_1_12' title="bbox 207 1321 2040 1371; baseline -0.003 -4"><span class='ocrx_word' id='word_1_82' title='bbox 207 1340 244 1371; x_wconf 76' lang='lat' dir='ltr'><em>a.</em></span> <span class='ocrx_word' id='word_1_83' title='bbox 263 1326 311 1366; x_wconf 87' lang='lat' dir='ltr'><strong>U.</strong></span> <span class='ocrx_word' id='word_1_84' title='bbox 331 1327 372 1366; x_wconf 91' lang='lat' dir='ltr'><em>C.</em></span> <span class='ocrx_word' id='word_1_85' title='bbox 729 1325 843 1365; x_wconf 87' lang='lat' dir='ltr'><em>Coss.</em></span> <span class='ocrx_word' id='word_1_86' title='bbox 877 1324 922 1363; x_wconf 92' lang='lat' dir='ltr'><em>L.</em></span> <span class='ocrx_word' id='word_1_87' title='bbox 957 1322 1232 1362; x_wconf 85' lang='lat' dir='ltr'>CORNELIUS</span> <span class='ocrx_word' id='word_1_88' title='bbox 1266 1321 1417 1362; x_wconf 76' lang='lat' dir='ltr'><em>cmNA</em></span> <span class='ocrx_word' id='word_1_89' title='bbox 1450 1322 1526 1364; x_wconf 84' lang='lat'><strong>111.</strong></span> <span class='ocrx_word' id='word_1_90' title='bbox 1875 1336 1912 1362; x_wconf 78' lang='lat' dir='ltr'><em>a.</em></span> <span class='ocrx_word' id='word_1_91' title='bbox 1930 1321 1978 1363; x_wconf 81' lang='lat' dir='ltr'><strong>A.</strong></span> <span class='ocrx_word' id='word_1_92' title='bbox 1997 1322 2040 1362; x_wconf 91' lang='lat' dir='ltr'><em>C.</em></span> 
     </span>
     <span class='ocr_line' id='line_1_13' title="bbox 244 1411 1998 1458; baseline -0.002 -1"><span class='ocrx_word' id='word_1_93' title='bbox 244 1417 351 1458; x_wconf 85' lang='grc'><em>669.</em></span> <span class='ocrx_word' id='word_1_94' title='bbox 875 1415 950 1456; x_wconf 89' lang='lat' dir='ltr'><em>CN.</em></span> <span class='ocrx_word' id='word_1_95' title='bbox 986 1414 1222 1455; x_wconf 83' lang='lat' dir='ltr'>PAPIRIUS</span> <span class='ocrx_word' id='word_1_96' title='bbox 1254 1413 1432 1455; x_wconf 72' lang='lat' dir='ltr'><strong>CARBO.</strong></span> <span class='ocrx_word' id='word_1_97' title='bbox 1675 1432 1679 1435; x_wconf 59' lang='lat'><em>¹</em></span> <span class='ocrx_word' id='word_1_98' title='bbox 1923 1411 1998 1454; x_wconf 78' lang='lat'><strong>85.</strong></span> 
     </span>
    </p>
   </div>
   <div class='ocr_carea' id='block_1_7' title="bbox 208 1542 2054 2708">
    <p class='ocr_par' dir='ltr' id='par_1_7' title="bbox 208 1542 2043 1909">
     <span class='ocr_line' id='line_1_14' title="bbox 288 1542 2042 1621; baseline -0.002 -20"><span class='ocrx_word' id='word_1_99' title='bbox 288 1546 350 1621; x_wconf 89' lang='lat'><em>(1)</em></span> <span class='ocrx_word' id='word_1_100' title='bbox 394 1547 493 1601; x_wconf 87' lang='lat' dir='ltr'><em>Per</em></span> <span class='ocrx_word' id='word_1_101' title='bbox 531 1545 675 1600; x_wconf 90' lang='lat' dir='ltr'><em>hunc</em></span> <span class='ocrx_word' id='word_1_102' title='bbox 716 1551 770 1599; x_wconf 92' lang='lat' dir='ltr'><em>et</em></span> <span class='ocrx_word' id='word_1_103' title='bbox 808 1551 1120 1616; x_wconf 86' lang='lat' dir='ltr'><em>sequentem</em></span> <span class='ocrx_word' id='word_1_104' title='bbox 1155 1560 1356 1598; x_wconf 87' lang='lat' dir='ltr'><em>annum</em></span> <span class='ocrx_word' id='word_1_105' title='bbox 1393 1543 1579 1598; x_wconf 87' lang='lat' dir='ltr'><em>Cicero</em></span> <span class='ocrx_word' id='word_1_106' title='bbox 1619 1559 1776 1615; x_wconf 84' lang='lat' dir='ltr'><em>saepe</em></span> <span class='ocrx_word' id='word_1_107' title='bbox 1811 1559 1936 1598; x_wconf 88' lang='lat' dir='ltr'><em>cum</em></span> <span class='ocrx_word' id='word_1_108' title='bbox 1974 1542 2042 1596; x_wconf 88' lang='lat' dir='ltr'><em>M.</em></span> 
     </span>
     <span class='ocr_line' id='line_1_15' title="bbox 208 1643 2043 1717; baseline -0.004 -13"><span class='ocrx_word' id='word_1_109' title='bbox 208 1649 399 1706; x_wconf 87' lang='lat' dir='ltr'><em>Pisone</em></span> <span class='ocrx_word' id='word_1_110' title='bbox 430 1653 483 1701; x_wconf 88' lang='lat' dir='ltr'><em>et</em></span> <span class='ocrx_word' id='word_1_111' title='bbox 514 1663 639 1701; x_wconf 88' lang='lat' dir='ltr'><em>cum</em></span> <span class='ocrx_word' id='word_1_112' title='bbox 674 1645 734 1713; x_wconf 84' lang='lat' dir='ltr'><strong>Q.</strong></span> <span class='ocrx_word' id='word_1_113' title='bbox 767 1645 1016 1717; x_wconf 87' lang='lat' dir='ltr'><em>Pompeio</em></span> <span class='ocrx_word' id='word_1_114' title='bbox 1050 1651 1144 1699; x_wconf 87' lang='lat' dir='ltr'><em>aut</em></span> <span class='ocrx_word' id='word_1_115' title='bbox 1177 1661 1302 1698; x_wconf 88' lang='lat' dir='ltr'><em>cum</em></span> <span class='ocrx_word' id='word_1_116' title='bbox 1335 1643 1456 1699; x_wconf 87' lang='lat' dir='ltr'><em>aliis</em></span> <span class='ocrx_word' id='word_1_117' title='bbox 1482 1644 1794 1717; x_wconf 82' lang='lat' dir='ltr'><em>aequalibus</em></span> <span class='ocrx_word' id='word_1_118' title='bbox 1826 1644 2043 1708; x_wconf 86' lang='lat' dir='ltr'><em>Latine,</em></span> 
     </span>
     <span class='ocr_line' id='line_1_16' title="bbox 208 1744 2041 1820; baseline -0.003 -17"><span class='ocrx_word' id='word_1_119' title='bbox 208 1749 420 1820; x_wconf 88' lang='lat' dir='ltr'><em>saepius</em></span> <span class='ocrx_word' id='word_1_120' title='bbox 460 1754 642 1803; x_wconf 83' lang='lat' dir='ltr'><em>autem</em></span> <span class='ocrx_word' id='word_1_121' title='bbox 682 1746 881 1803; x_wconf 84' lang='lat' dir='ltr'><em>Graece</em></span> <span class='ocrx_word' id='word_1_122' title='bbox 921 1744 1304 1803; x_wconf 85' lang='lat' dir='ltr'><em>declamitavit.</em></span> <span class='ocrx_word' id='word_1_123' title='bbox 1345 1763 1381 1799; x_wconf 90' lang='lat'><strong>1.</strong></span> <span class='ocrx_word' id='word_1_124' title='bbox 1419 1762 1465 1803; x_wconf 83' lang='lat' dir='ltr'><em>c.</em></span> <span class='ocrx_word' id='word_1_125' title='bbox 1496 1746 1586 1800; x_wconf 79' lang='lat'><strong>52.</strong></span> <span class='ocrx_word' id='word_1_126' title='bbox 1626 1749 1750 1800; x_wconf 90' lang='lat'><strong>104.</strong></span> <span class='ocrx_word' id='word_1_127' title='bbox 1791 1762 1841 1799; x_wconf 86' lang='lat' dir='ltr'><strong>x.</strong></span> <span class='ocrx_word' id='word_1_128' title='bbox 1884 1762 1930 1799; x_wconf 89' lang='lat' dir='ltr'><em>c.</em></span> <span class='ocrx_word' id='word_1_129' title='bbox 1958 1748 2041 1798; x_wconf 77' lang='lat'><strong>15.</strong></span> 
     </span>
     <span class='ocr_line' id='line_1_17' title="bbox 210 1854 298 1909; baseline -0.08 0"><span class='ocrx_word' id='word_1_130' title='bbox 210 1854 298 1909; x_wconf 77' lang='lat'><strong>55.</strong></span> 
     </span>
    </p>

    <p class='ocr_par' dir='ltr' id='par_1_8' title="bbox 209 1942 2054 2708">
     <span class='ocr_line' id='line_1_18' title="bbox 269 1942 2043 2005; baseline -0.003 -11"><span class='ocrx_word' id='word_1_131' title='bbox 269 1953 446 1994; x_wconf 80' lang='lat' dir='ltr'><em>Sueten.</em></span> <span class='ocrx_word' id='word_1_132' title='bbox 478 1946 531 1990; x_wconf 89' lang='lat' dir='ltr'><em>de</em></span> <span class='ocrx_word' id='word_1_133' title='bbox 554 1946 664 1991; x_wconf 89' lang='lat' dir='ltr'><em>Clar.</em></span> <span class='ocrx_word' id='word_1_134' title='bbox 698 1945 824 1990; x_wconf 82' lang='lat' dir='ltr'><em>Rhet.</em></span> <span class='ocrx_word' id='word_1_135' title='bbox 857 1961 892 1989; x_wconf 90' lang='lat' dir='ltr'><em>c.</em></span> <span class='ocrx_word' id='word_1_136' title='bbox 911 1949 951 1989; x_wconf 92' lang='lat'><strong>1.</strong></span> <span class='ocrx_word' id='word_1_137' title='bbox 990 1946 1136 1988; x_wconf 83' lang='lat' dir='ltr'><em>Cicero</em></span> <span class='ocrx_word' id='word_1_138' title='bbox 1163 1942 1226 1988; x_wconf 85' lang='lat' dir='ltr'><em>ad</em></span> <span class='ocrx_word' id='word_1_139' title='bbox 1242 1951 1506 2004; x_wconf 79' lang='lat' dir='ltr'><em>praeturam</em></span> <span class='ocrx_word' id='word_1_140' title='bbox 1531 1958 1674 2005; x_wconf 83' lang='lat' dir='ltr'><em>usque</em></span> <span class='ocrx_word' id='word_1_141' title='bbox 1709 1946 1870 1989; x_wconf 82' lang='lat' dir='ltr'><em>Graece</em></span> <span class='ocrx_word' id='word_1_142' title='bbox 1894 1943 2043 1991; x_wconf 72' lang='lat' dir='ltr'><em>decla:</em></span> 
     </span>
     <span class='ocr_line' id='line_1_19' title="bbox 209 2019 2044 2083; baseline -0.002 -13"><span class='ocrx_word' id='word_1_143' title='bbox 209 2027 369 2077; x_wconf 82' lang='lat' dir='ltr'><em>mavit:</em></span> <span class='ocrx_word' id='word_1_144' title='bbox 402 2025 562 2069; x_wconf 79' lang='lat' dir='ltr'><em>Latine</em></span> <span class='ocrx_word' id='word_1_145' title='bbox 578 2039 676 2067; x_wconf 79' lang='lat' dir='ltr'><em>vero</em></span> <span class='ocrx_word' id='word_1_146' title='bbox 699 2023 847 2067; x_wconf 83' lang='lat' dir='ltr'><em>senior</em></span> <span class='ocrx_word' id='word_1_147' title='bbox 867 2037 1053 2083; x_wconf 84' lang='lat' dir='ltr'><em>quoque.</em></span> <span class='ocrx_word' id='word_1_148' title='bbox 1116 2021 1204 2066; x_wconf 86' lang='lat' dir='ltr'><em>cic.</em></span> <span class='ocrx_word' id='word_1_149' title='bbox 1222 2025 1345 2067; x_wconf 83' lang='lat' dir='ltr'><em>Brut.</em></span> <span class='ocrx_word' id='word_1_150' title='bbox 1362 2035 1399 2066; x_wconf 86' lang='lat' dir='ltr'><em>c.</em></span> <span class='ocrx_word' id='word_1_151' title='bbox 1418 2024 1491 2068; x_wconf 85' lang='lat'><strong>68.</strong></span> <span class='ocrx_word' id='word_1_152' title='bbox 1515 2019 1620 2066; x_wconf 74' lang='lat'><strong>239.</strong></span> <span class='ocrx_word' id='word_1_153' title='bbox 1652 2025 1779 2066; x_wconf 86' lang='lat' dir='ltr'><em>Meus</em></span> <span class='ocrx_word' id='word_1_154' title='bbox 1799 2047 1859 2057; x_wconf 93' lang='lat'><em>--</em></span> <span class='ocrx_word' id='word_1_155' title='bbox 1881 2038 2044 2083; x_wconf 84' lang='lat' dir='ltr'><em>aequa·</em></span> 
     </span>
     <span class='ocr_line' id='line_1_20' title="bbox 211 2098 2042 2163; baseline -0.001 -16"><span class='ocrx_word' id='word_1_156' title='bbox 211 2104 272 2149; x_wconf 83' lang='lat' dir='ltr'><em>lis</em></span> <span class='ocrx_word' id='word_1_157' title='bbox 306 2105 379 2148; x_wconf 82' lang='lat' dir='ltr'><em>Gn.</em></span> <span class='ocrx_word' id='word_1_158' title='bbox 404 2102 644 2163; x_wconf 81' lang='lat' dir='ltr'><em>Pompeius</em></span> <span class='ocrx_word' id='word_1_159' title='bbox 661 2134 673 2157; x_wconf 90' lang='lat'><em>,</em></span> <span class='ocrx_word' id='word_1_160' title='bbox 705 2101 776 2145; x_wconf 84' lang='lat' dir='ltr'><em>vir</em></span> <span class='ocrx_word' id='word_1_161' title='bbox 807 2099 868 2144; x_wconf 83' lang='lat' dir='ltr'><em>ad</em></span> <span class='ocrx_word' id='word_1_162' title='bbox 892 2100 1042 2143; x_wconf 86' lang='lat' dir='ltr'><em>omnia</em></span> <span class='ocrx_word' id='word_1_163' title='bbox 1071 2115 1244 2144; x_wconf 80' lang='lat' dir='ltr'><em>summa</em></span> <span class='ocrx_word' id='word_1_164' title='bbox 1273 2107 1438 2155; x_wconf 84' lang='lat' dir='ltr'><em>natus,</em></span> <span class='ocrx_word' id='word_1_165' title='bbox 1470 2100 1680 2144; x_wconf 86' lang='lat' dir='ltr'><em>maiorem</em></span> <span class='ocrx_word' id='word_1_166' title='bbox 1711 2099 1886 2144; x_wconf 84' lang='lat' dir='ltr'><em>dicendi</em></span> <span class='ocrx_word' id='word_1_167' title='bbox 1904 2098 2042 2162; x_wconf 82' lang='lat' dir='ltr'><em>glori·</em></span> 
     </span>
     <span class='ocr_line' id='line_1_21' title="bbox 212 2177 2044 2239; baseline -0.002 -13"><span class='ocrx_word' id='word_1_168' title='bbox 212 2199 285 2230; x_wconf 87' lang='lat' dir='ltr'><em>am</em></span> <span class='ocrx_word' id='word_1_169' title='bbox 310 2181 558 2236; x_wconf 76' lang='lat' dir='ltr'><em>habuisset,</em></span> <span class='ocrx_word' id='word_1_170' title='bbox 591 2179 684 2224; x_wconf 85' lang='lat' dir='ltr'><em>nisi</em></span> <span class='ocrx_word' id='word_1_171' title='bbox 708 2196 807 2224; x_wconf 89' lang='lat' dir='ltr'><em>eum</em></span> <span class='ocrx_word' id='word_1_172' title='bbox 830 2179 1016 2222; x_wconf 83' lang='lat' dir='ltr'><em>maioris</em></span> <span class='ocrx_word' id='word_1_173' title='bbox 1033 2177 1206 2239; x_wconf 80' lang='lat' dir='ltr'><em>gloriae</em></span> <span class='ocrx_word' id='word_1_174' title='bbox 1232 2177 1464 2239; x_wconf 74' lang='lat' dir='ltr'><em>cupiditas</em></span> <span class='ocrx_word' id='word_1_175' title='bbox 1479 2178 1541 2223; x_wconf 85' lang='lat' dir='ltr'><em>ad</em></span> <span class='ocrx_word' id='word_1_176' title='bbox 1554 2177 1737 2222; x_wconf 86' lang='lat' dir='ltr'><em>bellicas</em></span> <span class='ocrx_word' id='word_1_177' title='bbox 1760 2177 1915 2222; x_wconf 86' lang='lat' dir='ltr'><em>laudes</em></span> <span class='ocrx_word' id='word_1_178' title='bbox 1946 2179 2044 2223; x_wconf 86' lang='lat' dir='ltr'><em>abs-</em></span> 
     </span>
     <span class='ocr_line' id='line_1_22' title="bbox 212 2256 2046 2318; baseline -0.002 -14"><span class='ocrx_word' id='word_1_179' title='bbox 212 2260 441 2309; x_wconf 74' lang='lat' dir='ltr'><em>traxisset.</em></span> <span class='ocrx_word' id='word_1_180' title='bbox 477 2285 537 2292; x_wconf 88' lang='lat'><em>--</em></span> <span class='ocrx_word' id='word_1_181' title='bbox 576 2259 735 2302; x_wconf 85' lang='lat' dir='ltr'><em>Noster</em></span> <span class='ocrx_word' id='word_1_182' title='bbox 774 2258 884 2301; x_wconf 90' lang='lat' dir='ltr'><em>item</em></span> <span class='ocrx_word' id='word_1_183' title='bbox 929 2256 1136 2318; x_wconf 87' lang='lat' dir='ltr'><em>aequalis</em></span> <span class='ocrx_word' id='word_1_184' title='bbox 1181 2259 1238 2302; x_wconf 86' lang='lat' dir='ltr'><strong>D.</strong></span> <span class='ocrx_word' id='word_1_185' title='bbox 1282 2257 1501 2314; x_wconf 80' lang='lat' dir='ltr'><em>Silanus,</em></span> <span class='ocrx_word' id='word_1_186' title='bbox 1547 2257 1694 2302; x_wconf 84' lang='lat' dir='ltr'><em>studii</em></span> <span class='ocrx_word' id='word_1_187' title='bbox 1743 2256 1824 2301; x_wconf 80' lang='lat' dir='ltr'><em>ille</em></span> <span class='ocrx_word' id='word_1_188' title='bbox 1868 2256 2046 2318; x_wconf 84' lang='lat' dir='ltr'><em>quidem</em></span> 
     </span>
     <span class='ocr_line' id='line_1_23' title="bbox 215 2334 2045 2397; baseline -0.002 -15"><span class='ocrx_word' id='word_1_189' title='bbox 215 2338 369 2382; x_wconf 76' lang='lat' dir='ltr'><em>habuit</em></span> <span class='ocrx_word' id='word_1_190' title='bbox 400 2353 486 2380; x_wconf 87' lang='lat' dir='ltr'><em>non</em></span> <span class='ocrx_word' id='word_1_191' title='bbox 507 2334 720 2393; x_wconf 84' lang='lat' dir='ltr'><em>multum,</em></span> <span class='ocrx_word' id='word_1_192' title='bbox 750 2336 832 2381; x_wconf 84' lang='lat' dir='ltr'><em>sed</em></span> <span class='ocrx_word' id='word_1_193' title='bbox 843 2337 1063 2381; x_wconf 80' lang='lat' dir='ltr'><em>acuminis</em></span> <span class='ocrx_word' id='word_1_194' title='bbox 1088 2342 1132 2379; x_wconf 91' lang='lat' dir='ltr'><em>et</em></span> <span class='ocrx_word' id='word_1_195' title='bbox 1160 2335 1376 2379; x_wconf 84' lang='lat' dir='ltr'><em>orationis</em></span> <span class='ocrx_word' id='word_1_196' title='bbox 1403 2336 1532 2379; x_wconf 89' lang='lat' dir='ltr'><em>satis.</em></span> <span class='ocrx_word' id='word_1_197' title='bbox 1600 2335 1651 2394; x_wconf 85' lang='lat' dir='ltr'><strong>Q.</strong></span> <span class='ocrx_word' id='word_1_198' title='bbox 1682 2336 1970 2397; x_wconf 83' lang='lat' dir='ltr'><em>Pompeius</em></span> <span class='ocrx_word' id='word_1_199' title='bbox 1995 2338 2045 2379; x_wconf 83' lang='lat' dir='ltr'><strong>A.</strong></span> 
     </span>
     <span class='ocr_line' id='line_1_24' title="bbox 214 2412 2046 2476; baseline -0.001 -17"><span class='ocrx_word' id='word_1_200' title='bbox 214 2418 262 2469; x_wconf 77' lang='lat' dir='ltr'><em>F,</em></span> <span class='ocrx_word' id='word_1_201' title='bbox 286 2416 366 2476; x_wconf 85' lang='lat' dir='ltr'><em>qui</em></span> <span class='ocrx_word' id='word_1_202' title='bbox 392 2414 660 2476; x_wconf 77' lang='lat' dir='ltr'><em>Bithynicus</em></span> <span class='ocrx_word' id='word_1_203' title='bbox 686 2412 834 2459; x_wconf 83' lang='lat' dir='ltr'><em>dictus</em></span> <span class='ocrx_word' id='word_1_204' title='bbox 861 2422 953 2470; x_wconf 87' lang='lat' dir='ltr'><em>est,</em></span> <span class='ocrx_word' id='word_1_205' title='bbox 988 2413 1158 2458; x_wconf 87' lang='lat' dir='ltr'><em>biennio</em></span> <span class='ocrx_word' id='word_1_206' title='bbox 1190 2429 1323 2474; x_wconf 90' lang='lat' dir='ltr'><em>quam</em></span> <span class='ocrx_word' id='word_1_207' title='bbox 1347 2429 1429 2458; x_wconf 87' lang='lat' dir='ltr'><em>nos</em></span> <span class='ocrx_word' id='word_1_208' title='bbox 1445 2412 1654 2472; x_wconf 87' lang='lat' dir='ltr'><em>fortasse</em></span> <span class='ocrx_word' id='word_1_209' title='bbox 1678 2414 1845 2469; x_wconf 84' lang='lat' dir='ltr'><em>maior,</em></span> <span class='ocrx_word' id='word_1_210' title='bbox 1878 2429 2046 2462; x_wconf 86' lang='lat' dir='ltr'><em>summo</em></span> 
     </span>
     <span class='ocr_line' id='line_1_25' title="bbox 213 2490 2052 2552; baseline -0.001 -15"><span class='ocrx_word' id='word_1_211' title='bbox 213 2492 364 2542; x_wconf 83' lang='lat' dir='ltr'><em>studio</em></span> <span class='ocrx_word' id='word_1_212' title='bbox 407 2490 582 2535; x_wconf 81' lang='lat' dir='ltr'><em>dicendi</em></span> <span class='ocrx_word' id='word_1_213' title='bbox 619 2490 846 2551; x_wconf 83' lang='lat' dir='ltr'><em>multaque</em></span> <span class='ocrx_word' id='word_1_214' title='bbox 886 2490 1113 2545; x_wconf 81' lang='lat' dir='ltr'><em>doctrina,</em></span> <span class='ocrx_word' id='word_1_215' title='bbox 1155 2491 1410 2536; x_wconf 82' lang='lat' dir='ltr'><em>incredibili</em></span> <span class='ocrx_word' id='word_1_216' title='bbox 1448 2491 1593 2535; x_wconf 88' lang='lat' dir='ltr'><em>labore</em></span> <span class='ocrx_word' id='word_1_217' title='bbox 1630 2498 1765 2552; x_wconf 88' lang='lat' dir='ltr'><em>atque</em></span> <span class='ocrx_word' id='word_1_218' title='bbox 1794 2491 2052 2546; x_wconf 84' lang='lat' dir='ltr'><em>industria,-</em></span> 
     </span>
     <span class='ocr_line' id='line_1_26' title="bbox 215 2567 2054 2633; baseline -0.001 -18"><span class='ocrx_word' id='word_1_219' title='bbox 215 2571 334 2633; x_wconf 81' lang='lat' dir='ltr'><em>quod</em></span> <span class='ocrx_word' id='word_1_220' title='bbox 358 2570 471 2617; x_wconf 87' lang='lat' dir='ltr'><em>scire</em></span> <span class='ocrx_word' id='word_1_221' title='bbox 485 2583 698 2630; x_wconf 80' lang='lat' dir='ltr'><em>possum:</em></span> <span class='ocrx_word' id='word_1_222' title='bbox 721 2567 829 2624; x_wconf 84' lang='lat' dir='ltr'><em>fuit</em></span> <span class='ocrx_word' id='word_1_223' title='bbox 851 2568 965 2614; x_wconf 86' lang='lat' dir='ltr'><em>enim</em></span> <span class='ocrx_word' id='word_1_224' title='bbox 992 2584 1160 2612; x_wconf 86' lang='lat' dir='ltr'><em>mecum</em></span> <span class='ocrx_word' id='word_1_225' title='bbox 1186 2577 1231 2630; x_wconf 79' lang='lat' dir='ltr'><em>et</em></span> <span class='ocrx_word' id='word_1_226' title='bbox 1256 2585 1356 2612; x_wconf 80' lang='lat' dir='ltr'><em>eum</em></span> <span class='ocrx_word' id='word_1_227' title='bbox 1376 2571 1436 2613; x_wconf 88' lang='lat' dir='ltr'><strong>M.</strong></span> <span class='ocrx_word' id='word_1_228' title='bbox 1463 2570 1663 2613; x_wconf 80' lang='lat' dir='ltr'><em>Pisone</em></span> <span class='ocrx_word' id='word_1_229' title='bbox 1689 2586 1825 2629; x_wconf 85' lang='lat' dir='ltr'><em>quum</em></span> <span class='ocrx_word' id='word_1_230' title='bbox 1851 2571 2054 2614; x_wconf 87' lang='lat' dir='ltr'><em>amicitia</em></span> 
     </span>
     <span class='ocr_line' id='line_1_27' title="bbox 217 2645 2050 2708; baseline -0.001 -15"><span class='ocrx_word' id='word_1_231' title='bbox 217 2658 312 2694; x_wconf 89' lang='lat' dir='ltr'><em>tum</em></span> <span class='ocrx_word' id='word_1_232' title='bbox 348 2647 515 2708; x_wconf 79' lang='lat' dir='ltr'><em>studiis</em></span> <span class='ocrx_word' id='word_1_233' title='bbox 553 2645 1030 2706; x_wconf 62' lang='lat' dir='ltr'><em>exercitationibusque</em></span> <span class='ocrx_word' id='word_1_234' title='bbox 1067 2646 1340 2691; x_wconf 87' lang='lat' dir='ltr'><em>coniunctus.</em></span> <span class='ocrx_word' id='word_1_235' title='bbox 1376 2673 1436 2680; x_wconf 95' lang='lat'><strong>—</strong></span> <span class='ocrx_word' id='word_1_236' title='bbox 1469 2647 1588 2695; x_wconf 85' lang='lat' dir='ltr'><em>Erat</em></span> <span class='ocrx_word' id='word_1_237' title='bbox 1621 2648 1719 2690; x_wconf 91' lang='lat' dir='ltr'><em>eius</em></span> <span class='ocrx_word' id='word_1_238' title='bbox 1756 2646 1960 2708; x_wconf 82' lang='lat' dir='ltr'><em>aequalis</em></span> <span class='ocrx_word' id='word_1_239' title='bbox 1998 2647 2050 2691; x_wconf 91' lang='lat' dir='ltr'><strong>P.</strong></span> 
     </span>
    </p>
   </div>
   <div class='ocr_carea' id='block_1_8' title="bbox 215 2722 2051 2868">
    <p class='ocr_par' dir='ltr' id='par_1_9' title="bbox 215 2722 2051 2868">
     <span class='ocr_line' id='line_1_28' title="bbox 215 2722 2051 2772; baseline -0.002 -1"><span class='ocrx_word' id='word_1_240' title='bbox 215 2726 460 2772; x_wconf 81' lang='lat' dir='ltr'><em>Autronius</em></span> <span class='ocrx_word' id='word_1_241' title='bbox 491 2724 549 2758; x_wconf 71' lang='grc'><em>-’-</em></span> <span class='ocrx_word' id='word_1_242' title='bbox 583 2730 626 2768; x_wconf 92' lang='lat' dir='ltr'><em>et</em></span> <span class='ocrx_word' id='word_1_243' title='bbox 663 2723 714 2767; x_wconf 89' lang='lat' dir='ltr'><strong>L.</strong></span> <span class='ocrx_word' id='word_1_244' title='bbox 756 2722 967 2766; x_wconf 82' lang='lat' dir='ltr'><em>Octavius</em></span> <span class='ocrx_word' id='word_1_245' title='bbox 997 2723 1214 2768; x_wconf 85' lang='lat' dir='ltr'><em>Reatinus</em></span> <span class='ocrx_word' id='word_1_246' title='bbox 1245 2751 1302 2758; x_wconf 97' lang='lat'><strong>—</strong></span> <span class='ocrx_word' id='word_1_247' title='bbox 1337 2732 1382 2768; x_wconf 88' lang='lat' dir='ltr'><em>et</em></span> <span class='ocrx_word' id='word_1_248' title='bbox 1417 2726 1460 2770; x_wconf 91' lang='lat' dir='ltr'><em>C.</em></span> <span class='ocrx_word' id='word_1_249' title='bbox 1495 2725 1707 2770; x_wconf 85' lang='lat' dir='ltr'><em>Staienus</em></span> <span class='ocrx_word' id='word_1_250' title='bbox 1739 2751 1820 2769; x_wconf 92' lang='lat'><strong>—.</strong></span> <span class='ocrx_word' id='word_1_251' title='bbox 1883 2724 2051 2769; x_wconf 83' lang='lat' dir='ltr'><em>Eodem</em></span> 
     </span>
     <span class='ocr_line' id='line_1_29' title="bbox 217 2794 1390 2868; baseline -0.005 -16"><span class='ocrx_word' id='word_1_252' title='bbox 217 2816 409 2868; x_wconf 76' lang='lat' dir='ltr'><em>tempor-e</em></span> <span class='ocrx_word' id='word_1_253' title='bbox 439 2807 481 2849; x_wconf 90' lang='lat' dir='ltr'><em>C.</em></span> <span class='ocrx_word' id='word_1_254' title='bbox 510 2812 553 2848; x_wconf 87' lang='lat' dir='ltr'><em>et</em></span> <span class='ocrx_word' id='word_1_255' title='bbox 581 2804 630 2846; x_wconf 91' lang='lat' dir='ltr'><strong>L.</strong></span> <span class='ocrx_word' id='word_1_256' title='bbox 658 2802 862 2863; x_wconf 83' lang='lat' dir='ltr'><em>Caepasii</em></span> <span class='ocrx_word' id='word_1_257' title='bbox 884 2800 1066 2860; x_wconf 84' lang='lat' dir='ltr'><em>fratres</em></span> <span class='ocrx_word' id='word_1_258' title='bbox 1083 2794 1282 2865; x_wconf 80' lang='lat' dir='ltr'><em>fuerunt</em></span> <span class='ocrx_word' id='word_1_259' title='bbox 1307 2809 1390 2846; x_wconf 85' lang='lat' dir='ltr'><em>cet.</em></span> 
     </span>
    </p>
   </div>
   <div class='ocr_carea' id='block_1_9' title="bbox 217 2903 2049 3275">
    <p class='ocr_par' dir='ltr' id='par_1_10' title="bbox 217 2903 2049 3275">
     <span class='ocr_line' id='line_1_30' title="bbox 233 2903 2048 2982; baseline -0.002 -19"><span class='ocrx_word' id='word_1_260' title='bbox 233 2943 235 2945; x_wconf 57' lang='lat'>&gt;</span> <span class='ocrx_word' id='word_1_261' title='bbox 294 2908 355 2982; x_wconf 83' lang='lat'><em>(2)</em></span> <span class='ocrx_word' id='word_1_262' title='bbox 397 2907 465 2963; x_wconf 82' lang='lat' dir='ltr'><em>Et</em></span> <span class='ocrx_word' id='word_1_263' title='bbox 502 2922 670 2978; x_wconf 86' lang='lat' dir='ltr'><em>quum</em></span> <span class='ocrx_word' id='word_1_264' title='bbox 714 2906 770 2959; x_wconf 86' lang='lat' dir='ltr'><em>in</em></span> <span class='ocrx_word' id='word_1_265' title='bbox 812 2904 967 2963; x_wconf 88' lang='lat' dir='ltr'><em>domo</em></span> <span class='ocrx_word' id='word_1_266' title='bbox 1004 2905 1274 2959; x_wconf 84' lang='lat' dir='ltr'><em>Ciceronis</em></span> <span class='ocrx_word' id='word_1_267' title='bbox 1314 2904 1582 2961; x_wconf 84' lang='lat' dir='ltr'><em>habitaret</em></span> <span class='ocrx_word' id='word_1_268' title='bbox 1616 2903 1873 2959; x_wconf 72' lang='lat' dir='ltr'><em>Diodotus</em></span> <span class='ocrx_word' id='word_1_269' title='bbox 1913 2905 2048 2959; x_wconf 83' lang='lat' dir='ltr'><em>Stoi·</em></span> 
     </span>
     <span class='ocr_line' id='line_1_31' title="bbox 217 3004 2049 3077; baseline -0.004 -12"><span class='ocrx_word' id='word_1_270' title='bbox 217 3028 341 3075; x_wconf 82' lang='lat' dir='ltr'><em>cuS,</em></span> <span class='ocrx_word' id='word_1_271' title='bbox 395 3008 461 3062; x_wconf 84' lang='lat' dir='ltr'><em>ab</em></span> <span class='ocrx_word' id='word_1_272' title='bbox 509 3006 611 3060; x_wconf 87' lang='lat' dir='ltr'><em>hoc</em></span> <span class='ocrx_word' id='word_1_273' title='bbox 661 3021 872 3077; x_wconf 89' lang='lat' dir='ltr'><em>quoque</em></span> <span class='ocrx_word' id='word_1_274' title='bbox 906 3018 1071 3075; x_wconf 87' lang='lat' dir='ltr'><em>quum</em></span> <span class='ocrx_word' id='word_1_275' title='bbox 1121 3005 1178 3058; x_wconf 91' lang='lat' dir='ltr'><em>in</em></span> <span class='ocrx_word' id='word_1_276' title='bbox 1222 3005 1341 3059; x_wconf 89' lang='lat' dir='ltr'><em>aliis</em></span> <span class='ocrx_word' id='word_1_277' title='bbox 1366 3005 1572 3070; x_wconf 77' lang='lat' dir='ltr'><em>¹rebuS,</em></span> <span class='ocrx_word' id='word_1_278' title='bbox 1611 3011 1727 3059; x_wconf 88' lang='lat' dir='ltr'><em>tum</em></span> <span class='ocrx_word' id='word_1_279' title='bbox 1774 3004 2049 3059; x_wconf 86' lang='lat' dir='ltr'><em>studiosis-</em></span> 
     </span>
     <span class='ocr_line' id='line_1_32' title="bbox 217 3103 2046 3172; baseline -0.003 -7"><span class='ocrx_word' id='word_1_280' title='bbox 217 3113 351 3172; x_wconf 84' lang='lat' dir='ltr'><em>sime</em></span> <span class='ocrx_word' id='word_1_281' title='bbox 390 3110 444 3162; x_wconf 87' lang='lat' dir='ltr'><em>in</em></span> <span class='ocrx_word' id='word_1_282' title='bbox 486 3106 766 3163; x_wconf 83' lang='lat' dir='ltr'><em>dialectica</em></span> <span class='ocrx_word' id='word_1_283' title='bbox 805 3103 1170 3160; x_wconf 77' lang='lat' dir='ltr'><em>exercebatur.</em></span> <span class='ocrx_word' id='word_1_284' title='bbox 1214 3123 1248 3159; x_wconf 95' lang='lat'><strong>1.</strong></span> <span class='ocrx_word' id='word_1_285' title='bbox 1292 3122 1339 3158; x_wconf 91' lang='lat' dir='ltr'><em>c.</em></span> <span class='ocrx_word' id='word_1_286' title='bbox 1365 3107 1457 3159; x_wconf 80' lang='lat'><strong>28.</strong></span> <span class='ocrx_word' id='word_1_287' title='bbox 1488 3107 1577 3159; x_wconf 83' lang='lat'><strong>95.</strong></span> <span class='ocrx_word' id='word_1_288' title='bbox 1620 3122 1667 3158; x_wconf 88' lang='lat' dir='ltr'><em>e.</em></span> <span class='ocrx_word' id='word_1_289' title='bbox 1708 3107 1794 3158; x_wconf 72' lang='lat'><strong>52.</strong></span> <span class='ocrx_word' id='word_1_290' title='bbox 1837 3108 1959 3158; x_wconf 84' lang='lat'><strong>105.</strong></span> <span class='ocrx_word' id='word_1_291' title='bbox 1994 3121 2046 3160; x_wconf 87' lang='lat' dir='ltr'><strong>x.</strong></span> 
     </span>
     <span class='ocr_line' id='line_1_33' title="bbox 218 3214 441 3275; baseline -0.013 -8"><span class='ocrx_word' id='word_1_292' title='bbox 218 3216 307 3275; x_wconf 72' lang='lat'><strong>27.</strong></span> <span class='ocrx_word' id='word_1_293' title='bbox 354 3214 441 3265; x_wconf 84' lang='lat'><strong>78.</strong></span> 
     </span>
    </p>
   </div>
   <div class='ocr_carea' id='block_1_10' title="bbox 223 3306 2055 3523">
    <p class='ocr_par' dir='ltr' id='par_1_11' title="bbox 223 3306 2055 3523">
     <span class='ocr_line' id='line_1_34' title="bbox 281 3306 2055 3371; baseline -0.004 -15"><span class='ocrx_word' id='word_1_294' title='bbox 281 3312 366 3357; x_wconf 87' lang='lat' dir='ltr'><em>Cic.</em></span> <span class='ocrx_word' id='word_1_295' title='bbox 390 3310 523 3371; x_wconf 86' lang='lat' dir='ltr'><em>Epist.</em></span> <span class='ocrx_word' id='word_1_296' title='bbox 558 3307 611 3352; x_wconf 88' lang='lat' dir='ltr'><em>ad</em></span> <span class='ocrx_word' id='word_1_297' title='bbox 645 3311 808 3352; x_wconf 86' lang='lat' dir='ltr'><em>Caesar.</em></span> <span class='ocrx_word' id='word_1_298' title='bbox 837 3306 912 3363; x_wconf 88' lang='lat' dir='ltr'><em>(ad</em></span> <span class='ocrx_word' id='word_1_299' title='bbox 941 3308 1058 3350; x_wconf 83' lang='lat' dir='ltr'><strong>Fam.</strong></span> <span class='ocrx_word' id='word_1_300' title='bbox 1077 3319 1178 3351; x_wconf 78' lang='lat' dir='ltr'><strong>xm.</strong></span> <span class='ocrx_word' id='word_1_301' title='bbox 1207 3310 1280 3351; x_wconf 88' lang='grc'><em>16.</em></span> <span class='ocrx_word' id='word_1_302' title='bbox 1309 3309 1373 3365; x_wconf 81' lang='grc'><strong>4.)</strong></span> <span class='ocrx_word' id='word_1_303' title='bbox 1405 3307 1598 3350; x_wconf 88' lang='lat' dir='ltr'><em>Doctum</em></span> <span class='ocrx_word' id='word_1_304' title='bbox 1631 3306 1848 3350; x_wconf 74' lang='lat' dir='ltr'><em>honainem</em></span> <span class='ocrx_word' id='word_1_305' title='bbox 1875 3306 2055 3366; x_wconf 82' lang='lat' dir='ltr'><em>cognovi</em></span> 
     </span>
     <span class='ocr_line' id='line_1_35' title="bbox 223 3383 2053 3452; baseline -0.003 -18"><span class='ocrx_word' id='word_1_306' title='bbox 223 3388 547 3452; x_wconf 77' lang='lat' dir='ltr'><em>(Apollonium,</em></span> <span class='ocrx_word' id='word_1_307' title='bbox 573 3386 724 3430; x_wconf 81' lang='lat' dir='ltr'><em>Crassi</em></span> <span class='ocrx_word' id='word_1_308' title='bbox 746 3384 973 3443; x_wconf 80' lang='lat' dir='ltr'><em>libertum)</em></span> <span class='ocrx_word' id='word_1_309' title='bbox 995 3391 1038 3428; x_wconf 87' lang='lat' dir='ltr'><em>et</em></span> <span class='ocrx_word' id='word_1_310' title='bbox 1058 3383 1226 3428; x_wconf 84' lang='lat' dir='ltr'><em>studiis</em></span> <span class='ocrx_word' id='word_1_311' title='bbox 1247 3385 1430 3444; x_wconf 82' lang='lat' dir='ltr'><em>optimis</em></span> <span class='ocrx_word' id='word_1_312' title='bbox 1451 3383 1670 3440; x_wconf 84' lang='lat' dir='ltr'><em>deditum,</em></span> <span class='ocrx_word' id='word_1_313' title='bbox 1694 3383 1827 3444; x_wconf 86' lang='lat' dir='ltr'><em>idque</em></span> <span class='ocrx_word' id='word_1_314' title='bbox 1849 3401 1878 3428; x_wconf 94' lang='lat' dir='ltr'><em>a</em></span> <span class='ocrx_word' id='word_1_315' title='bbox 1900 3400 2053 3445; x_wconf 83' lang='lat' dir='ltr'><em>puero.</em></span> 
     </span>
     <span class='ocr_line' id='line_1_36' title="bbox 225 3461 2053 3523; baseline -0.003 -10"><span class='ocrx_word' id='word_1_316' title='bbox 225 3471 335 3523; x_wconf 75' lang='lat' dir='ltr'><em>Nam</em></span> <span class='ocrx_word' id='word_1_317' title='bbox 356 3466 472 3511; x_wconf 70' lang='lat' dir='ltr'><em>«lomi</em></span> <span class='ocrx_word' id='word_1_318' title='bbox 493 3480 612 3508; x_wconf 86' lang='lat' dir='ltr'><em>meae</em></span> <span class='ocrx_word' id='word_1_319' title='bbox 638 3480 736 3507; x_wconf 89' lang='lat' dir='ltr'><em>cnm</em></span> <span class='ocrx_word' id='word_1_320' title='bbox 768 3461 959 3506; x_wconf 80' lang='lat' dir='ltr'><em>Diodoto</em></span> <span class='ocrx_word' id='word_1_321' title='bbox 992 3462 1169 3518; x_wconf 79' lang='lat' dir='ltr'><em>Stoico,</em></span> <span class='ocrx_word' id='word_1_322' title='bbox 1203 3461 1374 3508; x_wconf 76' lang='lat' dir='ltr'><em>homine</em></span> <span class='ocrx_word' id='word_1_323' title='bbox 1406 3479 1500 3507; x_wconf 86' lang='lat' dir='ltr'><em>meo</em></span> <span class='ocrx_word' id='word_1_324' title='bbox 1529 3461 1698 3507; x_wconf 85' lang='lat' dir='ltr'><em>iudicio</em></span> <span class='ocrx_word' id='word_1_325' title='bbox 1725 3461 2053 3519; x_wconf 85' lang='lat' dir='ltr'><em>eruditissimo,</em></span> 
     </span>
    </p>
   </div>
   <div class='ocr_carea' id='block_1_11' title="bbox 2201 2020 2210 2851">
    <p class='ocr_par' dir='ltr' id='par_1_12' title="bbox 2201 2020 2210 2851">
     <span class='ocr_line' id='line_1_37' title="bbox 2201 2020 2210 2851; textangle 90"><span class='ocrx_word' id='word_1_326' title='bbox 2205 2804 2210 2851; x_wconf 35' lang='lat' dir='ltr'><em>-s</em></span> <span class='ocrx_word' id='word_1_327' title='bbox 2201 2440 2210 2789; x_wconf 49' lang='grc' dir='ltr'><em>,(-Λ,-Δ-.,.-ι.-.«ΜΛ-</em></span> <span class='ocrx_word' id='word_1_328' title='bbox 2203 2385 2210 2420; x_wconf 65' lang='lat'><em>..-</em></span> <span class='ocrx_word' id='word_1_329' title='bbox 2203 2340 2206 2347; x_wconf 82' lang='lat'><em>—</em></span> <span class='ocrx_word' id='word_1_330' title='bbox 2201 2284 2210 2322; x_wconf 51' lang='lat' dir='ltr'><em>ar·-</em></span> <span class='ocrx_word' id='word_1_331' title='bbox 2205 2259 2210 2266; x_wconf 81' lang='grc'><strong>.</strong></span> <span class='ocrx_word' id='word_1_332' title='bbox 2206 2206 2210 2211; x_wconf 83' lang='grc'><strong>.</strong></span> <span class='ocrx_word' id='word_1_333' title='bbox 2206 2191 2210 2195; x_wconf 94' lang='grc'><strong>.</strong></span> <span class='ocrx_word' id='word_1_334' title='bbox 2203 2139 2205 2141; x_wconf 85' lang='grc'><strong>-</strong></span> <span class='ocrx_word' id='word_1_335' title='bbox 2207 2096 2210 2124; x_wconf 31' lang='grc' dir='ltr'><em>-.Α</em></span> <span class='ocrx_word' id='word_1_336' title='bbox 2205 2020 2210 2084; x_wconf 45' lang='grc' dir='ltr'><strong>Γ-..Η</strong></span> 
     </span>
    </p>
   </div>
  </div>
 </body>
</html>
