2150 3990
544 222 601 277 1..
625 216 686 273 v.
726 236 773 273 ο.
799 218 888 276 xi.
932 220 972 293 g
996 223 1068 274 29
1106 248 1181 259 -
1219 219 1402 274 c.xl1.
1446 221 1485 293 g
1511 225 1597 275 32.
1870 226 1975 278 209

165 372 315 443 Quod
336 378 353 412 ¹
387 374 433 427 si
454 387 580 427 vero
611 371 808 429 nostris
827 368 1063 425 consiliis
1097 371 1181 426 usi
1210 386 1476 436 essemus,
1516 385 1688 443 neque
1706 373 1847 444 apud
1882 388 1976 429 nos

167 481 380 532 tantum
406 473 659 531 valuisset
696 487 873 528 sermo
895 477 991 527 aut
1011 470 1303 526 stultorum
1330 472 1627 528 amicorum
1655 478 1751 528 aut
1784 473 1976 546 impro-

164 575 383 641 borum,
434 574 729 630 beatissimi
780 571 1082 629 fuissemus
1161 571 1265 627 Res
1301 578 1504 644 quanta
1554 579 1695 628 esset
1715 615 1729 637 ,
1788 572 1980 628 intelli-

165 675 352 747 gebam
367 717 382 740 ,
421 680 726 747 quantoque
763 673 953 729 fuisset
984 670 1193 728 facilius
1213 687 1431 728 manere
1454 672 1629 737 domi,
1669 686 1831 746 quam
1864 673 1979 728 red-

165 777 263 831 ire.
344 778 432 832 51.
475 774 557 830 Ad
575 779 598 813 ²
645 773 951 829 Terentiam
997 773 1164 845 igitur
1209 778 1265 827 et
1301 771 1369 827 ad
1420 778 1660 828 nostram
1699 771 1979 830 Tulliolam

159 889 270 932 ,non
297 880 539 948 poteram
567 874 682 930 sine
708 872 957 945 plurimis
988 873 1227 930 lacrimis
1258 873 1510 929 scribere.
1567 872 1697 929 ilas
1728 874 1873 929 enim
1906 875 1981 927 vi·

163 972 355 1031 debam
385 989 502 1032 esse
539 974 903 1039 miserrimaS,
940 988 1079 1046 quas
1111 988 1209 1045 ego
1252 973 1588 1030 beatissimas
1625 989 1838 1047 semper
1868 989 1985 1030 esse

161 1071 340 1140 volui,
380 1073 540 1148 idque
559 1080 834 1149 praestare
859 1073 1020 1130 debui
1050 1079 1139 1138 et,
1179 1073 1284 1128 nisi
1314 1078 1428 1130 tam
1467 1073 1647 1129 timidi
1666 1071 1984 1139 fuissemus,

163 1173 568 1246 praestitissem.
646 1174 822 1231 Meum
841 1179 864 1214 ⁸
914 1174 1060 1231 enim
1091 1171 1196 1230 fuit
1231 1173 1467 1230 officium
1492 1173 1578 1230 vel
1608 1174 1873 1246 legatione
1909 1173 1985 1230 vi·

170 1279 286 1331 tare
302 1273 605 1345 periculum
624 1313 640 1339 ,
678 1272 763 1328 vel
789 1272 1069 1343 diligentia
1087 1278 1143 1327 et
1174 1273 1342 1343 copiis
1367 1274 1644 1336 resistere,
1682 1272 1766 1327 vel
1797 1270 1988 1329 cadere

163 1369 403 1436 fortiter,
450 1376 547 1427 ut⁴
591 1369 752 1426 multi
796 1385 954 1442 saepe
994 1368 1159 1426 sortes
1215 1371 1319 1426 viri
1380 1370 1435 1425 in
1491 1370 1756 1426 eiusmodi
1806 1370 1989 1428 dolore

164 1476 393 1529 mortam
424 1468 658 1541 sibiipsi
689 1469 1082 1525 consciverunt.
1160 1467 1348 1537 Quod⁸
1387 1470 1597 1526 utinam
1636 1470 1818 1527 minus
1847 1472 1990 1527 vitae

163 1569 345 1645 cupidi
390 1566 703 1628 fuissemus!
762 1576 910 1627 certe
961 1569 1095 1626 nihil
1117 1613 1132 1637 ,
1189 1578 1285 1627 aut
1332 1587 1438 1627 non
1490 1569 1724 1627 multum
1771 1571 1826 1626 in
1878 1571 1989 1627 vita

165 1670 649 1734 malividissemus.
708 1668 863 1726 Caeci
874 1675 914 1735 ⁸,
954 1673 1130 1737 caeci,
1170 1672 1422 1744 inquam,
1445 1670 1672 1734 fuimus,
1711 1672 1767 1727 in
1788 1673 1988 1729 vestitu

41 1749 67 1770 ⁵
163 1770 424 1835 mutando
442 1811 460 1838 ‚
510 1770 571 1829 in
613 1770 807 1844 populo
850 1771 1104 1844 rogando.
1205 1770 1315 1827 Hoc
1333 1778 1358 1811 ⁷
1407 1772 1689 1837 miserius,
1741 1771 1957 1846 turpius
1975 1817 1990 1839 ,

163 1871 443 1945 indignius
478 1869 631 1931 nobis
670 1870 806 1928 nihil
842 1869 961 1928 suit.

243 2070 360 2131 xn.
407 2118 410 2123 Δ
440 2075 530 2131 52.
570 2071 675 2130 Sed
688 2078 729 2138 ⁸,
780 2079 1123 2129 uti-evertat
1153 2073 1222 2128 ad
1261 2073 1430 2139 illud,
1469 2075 1612 2146 quod
1645 2074 1780 2130 mihi
1802 2077 1858 2130 in
1892 2075 1991 2131 bac

169 2173 316 2231 omni
365 2179 448 2231 est
497 2173 738 2230 oratione
776 2174 1106 2247 propositum
1127 2215 1144 2238 ‚
1202 2174 1452 2230 omnibus
1489 2175 1646 2230 malis
1697 2175 1786 2231 illo
1822 2192 1991 2241 anno,

169 2273 371 2331 scelere
407 2273 689 2331 consulum
703 2315 720 2339 ‚
775 2273 1164 2347 rempublicam
1215 2291 1332 2331 esse
1370 2273 1703 2332 conlectam:
1755 2278 1993 2349 primum

170 2374 262 2431 illo
282 2372 555 2449 ‹ipsodiffi
591 2374 688 2447 qui
725 2373 860 2430 mihi
893 2374 1140 2433 funestus
1179 2374 1284 2430 suit
1305 2417 1320 2440 ,
1358 2376 1610 2431 omnibus
1640 2375 1794 2432 bonis
1819 2377 1994 2434 luctu-

171 2490 346 2541 osus..
363 2505 440 2530 -,--
474 2489 647 2547 quum
683 2490 782 2546 ego
819 2490 907 2530 me
939 2491 969 2529 e
997 2474 1279 2547 complexu
1318 2475 1523 2547 patriae
1544 2517 1559 2540 ,
1597 2484 1996 2551 conspectuque

171 2575 372 2645 civium
397 2573 752 2647 eripuissem,
791 2580 847 2630 et
875 2580 1036 2630 -metu
1068 2574 1271 2647 publici
1302 2575 1555 2647 periculi,
1594 2593 1700 2632 non
1733 2578 1838 2633 mei
1862 2622 1875 2642 ,
1916 2578 1994 2635 sn·

173 2676 283 2737 rori
319 2674 582 2742 hominis,
621 2673 846 2740 sceleri,
884 2675 1161 2748 perfidiae,
1219 2675 1343 2732 telis
1381 2676 1652 2747 minisque
1687 2679 1966 2735 cesissem
1985 2722 1999 2745 ,

175 2778 512 2850 patriamque
531 2817 548 2842 ‚
585 2792 724 2848 quae
758 2775 895 2834 mihi
933 2783 1050 2832 erat
1088 2777 1369 2833 carissima
1390 2820 1405 2842 ‚
1445 2784 1662 2850 propter
1698 2779 1871 2850 ipsius
1908 2798 1998 2852 pa-

176 2876 626 2935 triae-caritatem
657 2875 1020 2949 reliquissem:
1074 2893 1244 2950 quum
1277 2894 1460 2932 meum
1493 2876 1644 2933 illum
1667 2894 1854 2934 casum
1888 2884 1998 2935 tam

177 2975 489 3035 horribilem
509 3018 526 3042 ,
559 2982 679 3036 tam
709 2992 925 3047 gravem
946 3019 961 3042 ,
1001 2984 1112 3034 tam
1151 2979 1519 3051 repentinum,
1559 2994 1665 3032 non
1703 2978 1878 3034 solum
1911 2979 2001 3034 lio-

178 3079 352 3139 mines
371 3121 387 3143 ,
444 3076 536 3132 sed
550 3090 564 3146 g
577 3083 718 3136 tecta
757 3077 915 3133 Urbis
965 3096 1027 3133 ac
1065 3080 1263 3151 templa
1309 3079 1578 3149 lugerent:
1631 3095 1800 3149 quum
1845 3098 2001 3138 nemo

243 3298 282 3355 ι)
312 3294 445 3356 Epist.
491 3294 547 3340 ad
570 3295 815 3340 Terentiam
850 3295 926 3354 (ad
960 3298 1078 3341 Fam.
1112 3297 1223 3341 XlV.
1260 3301 1299 3342 1.
1344 3298 1437 3353 52.
1485 3322 1543 3328 ——
1594 3298 1632 3354 ²)
1663 3294 1776 3341 lbid.
1815 3299 1926 3343 XIV.
1960 3303 2001 3342 2.

182 3375 270 3431 §L
301 3399 358 3408 -
389 3374 429 3431 ⁵)
462 3370 569 3417 lbid.
589 3376 697 3418 XIV.
725 3377 766 3418 3.
787 3376 811 3431 ᾗ
831 3377 871 3419 1.
906 3401 964 3407 -
996 3375 1037 3431 4)
1071 3390 1145 3435 pro
1161 3373 1360 3418 Cluentio
1385 3389 1420 3416 ο..
1440 3377 1513 3417 61.
1543 3376 1688 3430 §sn
1723 3403 1780 3409 —
1813 3380 1853 3435 ⁵)
1874 3379 2003 3438 Epist.

184 3449 239 3495 ad
268 3452 440 3497 Terent.
471 3449 547 3509 (ad
572 3453 693 3496 Fam.
717 3454 827 3497 XIV.
861 3455 902 3498 4.
930 3455 955 3510 ᾗ
983 3456 1046 3511 1.)
1079 3479 1136 3486 -
1168 3454 1209 3509 6)
1243 3454 1332 3496 Att.
1369 3453 1444 3495 ΙΙΙ.
1479 3455 1552 3496 15.
1583 3456 1608 3511 ᾗ
1641 3457 1682 3498 6.
1710 3481 1767 3487 —
1803 3459 1839 3513 7)
1873 3456 2004 3517 Epist.

185 3527 240 3572 ad
271 3529 440 3577 Terent.
468 3528 542 3587 (ad
576 3532 693 3576 Fam.
725 3532 836 3577 xlv.
869 3533 910 3575 3.
945 3531 969 3587 §
995 3533 1059 3588 1.)
1092 3557 1151 3570 --
1184 3531 1221 3588 8)
1253 3544 1328 3590 pro
1350 3529 1493 3575 Sextio
1518 3546 1553 3576 c.
1586 3535 1658 3577 24.
1693 3533 1718 3589 §
1752 3535 1824 3577 53.

1677 3609 1730 3655 14
