2158 4030
252 227 321 274 68
845 233 1053 270 sicano
1101 234 1169 271 ni:
1219 232 1358 271 viu
1396 233 1501 272 sua

255 377 344 432 ut,
393 369 548 422 cuius
580 366 798 421 divitiae
839 383 926 421 me
958 366 1042 421 de»
1063 364 1164 421 fide
1195 365 1459 421 deducere
1498 381 1603 421 non
1642 365 1967 436 potuissent,
2007 382 2075 421 ne

251 467 491 524 eiusdem
520 467 802 539 pecuniae
851 466 916 520 de
968 466 1167 521 honore
1217 466 1526 521 deiicerent.
1615 463 1872 518 Cunctis¹
1927 466 2072 522 enim

253 569 526 640 suffragiis
558 569 784 640 populus
818 564 1100 622 Romanus
1123 584 1208 621 me
1236 566 1362 620 fecit
1395 564 1619 619 aedilem
1651 565 1899 637 priorem.

329 769 417 823 XI.
499 771 586 822 51.
631 768 981 838 Posteaquam
1002 771 1024 803 2
1058 765 1147 820 illa
1186 764 1461 838 petitionis
1493 777 1689 835 magna
1726 780 1859 819 cura
1889 764 2081 820 libera·

257 875 346 923 tus
379 884 530 931 sum,
582 867 760 920 animo
791 865 940 936 coepi
986 864 1157 918 multo
1203 865 1376 934 magis
1413 880 1582 917 vacuo
1625 879 1688 918 ac
1727 863 1900 919 soluto
1945 864 2079 919 nihil

257 967 433 1032 aliud,
474 966 577 1020 nisi
610 965 676 1019 de
702 965 901 1019 iudicio
924 981 1086 1035 agere
1118 970 1173 1019 et
1197 964 1452 1035 cogitare.
1487 986 1491 1017 1
1529 964 1715 1036 Itaque
1734 971 1774 1021 ³.
1788 982 1957 1038 quum
1983 981 2081 1037 ego

255 1068 397 1122 diem
450 1066 505 1118 in
552 1064 737 1118 sieilia
781 1063 1089 1135 inquirendi
1142 1064 1491 1136 perexiguam
1519 1063 1972 1136 postu-lavissem,
2024 1065 2083 1119 in

256 1167 536 1222 Siciliam⁴
576 1182 697 1219 sum
731 1163 1038 1237 inquirendi
1078 1181 1269 1219 caussa
1307 1163 1596 1236 profectus,
1674 1164 1896 1237 Neque⁶
1934 1164 2082 1220 enim

255 1267 389 1322 mihi
422 1265 691 1339 probabile
710 1308 726 1331 ,
766 1281 938 1337 neque
963 1281 1152 1320 verum
1177 1264 1646 1331 videbatursme,
1685 1282 1853 1338 quum
1887 1264 2082 1320 fidelis·

257 1369 424 1422 simae
470 1374 631 1439 atque
672 1367 1094 1438 antiquissimae*
1121 1367 1427 1438 provinciae
1459 1368 1819 1439 patrocinium
1857 1367 2085 1438 recepis-

261 1486 403 1533 sem,
444 1484 692 1522 caussam
727 1474 1002 1538 tamquam
1037 1467 1200 1520 unius
1238 1466 1454 1522 clientis
1486 1468 1542 1521 in
1572 1466 1821 1522 cubiculo
1851 1483 1972 1522 meo
2009 1465 2087 1521 di·

259 1585 426 1623 scere.
491 1566 726 1635 .Quid⁶?
800 1565 881 1619 Ad
908 1582 994 1620 me
1022 1565 1192 1620 Siculi
1218 1583 1394 1622 nonne
1426 1567 1650 1622 Romam
1676 1583 1923 1622 caussam
1955 1566 2090 1622 Siciz

258 1669 361 1722 liae
395 1665 741 1721 detulerunt?
783 1713 786 1716 ⁴
819 1665 985 1736 Atqui
1037 1664 1280 1720 homines
1304 1665 1609 1738 ¹prudentes
1647 1673 1872 1732 natura,
1909 1665 2088 1722 callidi

260 1785 393 1834 usu,
433 1767 678 1822 doctrina
703 1765 919 1821 eruditi.
981 1766 1182 1821 Tamen
1216 1783 1313 1837 ego
1345 1766 1480 1822 mihi
1512 1768 2090 1840 provinciaecaussam
2155 1772 2158 1774 ’

262 1870 318 1922 in
352 1868 627 1940 provincia
666 1869 784 1939 ipsa
820 1866 1244 1938 cognoscendam
1282 1874 1337 1925 et
1381 1867 1691 1924 discendam
1727 1869 1930 1941 putavi.
2006 1869 2091 1925 An

263 1985 360 2040 ego
389 1968 637 2040 querelas
664 1974 825 2040 atque
852 1967 1080 2022 iniurias
1114 1972 1390 2022 aratorum
1423 1968 1618 2022 nonin
1657 1968 1927 2040 segetibus
1959 1970 2093 2042 ipsis

263 2069 514 2140 arvisque
560 2067 970 2138 cognoscerem?
1062 2070 1150 2122 52.
1193 2066 1308 2134 Quo
1328 2073 1351 2104 ⁷
1396 2067 1453 2121 in
1504 2069 1715 2139 negotio
1767 2068 2091 2125 industriam

262 2187 439 2225 meam
466 2168 713 2224 celeritas
745 2168 1054 2232 reditioniS,
1093 2167 1430 2238 diligentiam
1462 2168 1754 2224 multitudo
1785 2169 2092 2236 litterarum

263 2277 318 2326 et
349 2271 571 2324 testium
606 2268 924 2323 declaravit:
976 2266 1235 2340 pudorem
1273 2284 1399 2322 vero
1431 2284 1494 2322 ac
1532 2267 1871 2339 religionem,
1922 2270 2094 2342 quod,

263 2388 433 2444 quum
466 2371 731 2425 venissem
762 2374 976 2424 senator
1010 2367 1076 2422 ad
1104 2369 1275 2422 socios
1308 2368 1488 2440 populi
1523 2370 1778 2435 Romani,
1817 2371 1910 2443 qui
1943 2371 2000 2425 in
2031 2387 2094 2426 ea

265 2471 541 2545 provincia
573 2458 825 2540 quaestor
853 2467 1104 2531 fuissem,
1143 2466 1210 2522 ad
1237 2466 1473 2539 hospites
1499 2485 1645 2523 meos
1671 2486 1733 2525 ac
1767 2470 2095 2526 necessarios

267 2586 488 2627 caussae
533 2567 836 2623 communis
871 2565 1116 2622 defensor
1160 2567 1366 2622 deverti
1405 2568 1615 2640 potiuS‚
1667 2586 1830 2641 quam
1866 2569 1935 2625 ad
1974 2587 2094 2637 eos,

269 2672 363 2743 qui
391 2688 422 2725 a
446 2687 539 2725 me
561 2668 823 2723 auxilium
843 2667 1175 2740 petivissent.
1228 2668 1441 2724 Nemini
1468 2685 1622 2724 meus
1641 2669 1901 2726 adventus
1926 2670 2094 2726 labor-i

270 2779 368 2829 aut
407 2769 648 2842 sumptui
694 2785 867 2840 neque
905 2766 1115 2839 publice
1160 2784 1333 2840 neque
1376 2769 1630 2841 privatim
1676 2768 1796 2824 suit.
1882 2770 2005 2826 Vim
2038 2772 2095 2827 in

271 2870 590 2945 inquirendo
630 2875 838 2926 tantam
878 2867 1072 2934 habui,
1124 2874 1381 2940 quantam
1439 2869 1574 2924 mihi
1619 2869 1706 2924 lex
1751 2870 1940 2936 dabat,
1991 2889 2097 2928 non

273 2979 532 3046 quantam
563 2969 761 3025 habere
798 2975 1037 3042 poteram
1073 2968 1287 3023 illorum
1315 2969 1522 3035 studio,
1562 2987 1696 3042 quos
1734 2971 1835 3026 iste
1860 2979 2100 3029 vexarat.

274 3079 363 3130 55.
405 3074 559 3145 Ego⁸
595 3070 834 3127 Siciliam
873 3075 1041 3125 totam
1081 3071 1472 3143 quinquaginta
1504 3058 1693 3126 diebus
1738 3071 1815 3126 sic
1854 3072 1990 3138 obii,
2037 3079 2100 3128 ut
2157 3142 2158 3146 ἵ

337 3292 376 3349 ¹)
407 3289 455 3333 in
480 3288 616 3332 Pison.
649 3301 687 3331 c.
712 3290 752 3330 1.
785 3287 872 3344 92.
902 3312 962 3320 -
994 3287 1033 3346 ²)
1063 3285 1110 3329 in
1140 3287 1314 3331 Verrem
1347 3290 1503 3346 Aeni.
1532 3303 1568 3333 c.
1593 3290 1635 3331 9.
1670 3289 1785 3345 926.
1819 3314 1878 3322 --
1910 3290 1951 3348 5)
1984 3288 2094 3335 lbid.

275 3385 310 3412 c.
324 3371 366 3411 2.
403 3368 486 3423 §6.
521 3390 578 3400 ——
610 3366 652 3424 4)
685 3364 731 3408 in
754 3368 931 3410 Verrem
955 3367 1051 3409 Act.
1075 3366 1134 3409 11.
1167 3366 1209 3407 L.
1230 3367 1261 3407 1.
1288 3379 1324 3409 c.
1344 3367 1386 3408 6.
1416 3367 1525 3422 916.
1559 3390 1617 3399 -—-
1651 3367 1692 3424 ⁵)
1725 3380 1800 3425 pro
1822 3368 1981 3411 Scauro
2001 3382 2037 3411 c.
2055 3369 2098 3414 2.

277 3449 393 3505 926.
425 3443 493 3502 (in
510 3442 615 3486 edit.
635 3441 787 3486 Nobbii
816 3459 855 3504 p.
873 3443 1030 3500 1299.)
1062 3466 1122 3476 —
1153 3442 1194 3498 ⁶)
1227 3440 1334 3486 lbid.
1353 3443 1378 3501 §
1396 3445 1469 3488 24.
1502 3470 1559 3479 —
1594 3448 1635 3507 7)
1667 3443 1710 3488 in
1729 3446 1903 3490 Verrem
1931 3448 2023 3490 Act.
2043 3447 2098 3489 ΙΙ.

278 3529 323 3569 L.
344 3528 374 3568 1.
392 3538 429 3567 c.
450 3524 490 3566 6.
518 3522 631 3576 916.
666 3547 723 3554 -
759 3523 799 3578 8)
832 3521 875 3566 ἰη
895 3523 1069 3567 Verrem
1102 3523 1195 3565 Act.
1225 3522 1256 3565 1.
1286 3536 1320 3565 c.
1340 3522 1380 3564 2.
1405 3522 1488 3577 96.
