2210 3970
272 246 376 298 352
844 255 1053 298 cicaao
1103 263 1171 298 ba
1221 261 1357 298 vira
1410 258 1514 298 sua

267 393 508 459 cordiae,
548 395 947 466 compositionis
979 402 1166 450 auctor
1197 412 1313 450 csse
1353 411 1459 448 non
1491 392 1702 448 destiti:
1724 402 1964 466 ‚meaque
1998 398 2085 452 illa

267 505 364 549 vox
394 500 475 549 est
508 501 632 548 nota
666 493 878 550 multis:
915 495 1198 559 Utinam,
1237 495 1337 549 Cn.
1376 494 1658 566 Pompei,
1698 511 1838 549 cum
1873 495 1926 549 C.
1950 496 2086 551 Cae-

262 610 407 648 sare
458 594 835 654 societatem
880 602 990 650 aut
1044 599 1390 666 numquam
1443 595 1715 658 coisseS,
1762 601 1872 648 aut
1917 609 2088 648 num-

260 709 451 764 quam
496 693 896 749 diremissesl
1005 695 1155 766 Fuit
1201 693 1475 748 alterum
1516 694 1893 764 gravitatiS,
1937 694 2085 748 alte·

260 810 398 848 rum
432 793 817 866 prudentiae
856 801 1019 848 tuae.
1099 794 1240 847 Haec
1274 809 1392 848 mea
1425 809 1637 865 semper
1657 799 1711 847 et
1739 792 1806 847 de
1839 793 2087 865 Pompeio

258 901 312 949 et
351 894 417 949 de
455 894 729 966 republica
778 893 1001 948 consilia
1040 892 1288 948 fuerunt:
1337 910 1474 965 quae
1521 894 1567 948 si
1607 893 1900 949 valuissent
1921 932 1935 958 ‚-
1975 910 2082 947 res-

256 993 469 1065 publica
507 1000 689 1047 staret.

330 1192 392 1246 V.
479 1198 563 1249 10.
606 1193 807 1248 Verum
829 1199 846 1232 ¹
881 1191 1013 1265 quid
1045 1192 1295 1264 agerem?
1374 1192 1574 1247 Caussa
1593 1198 1616 1230 ²
1647 1199 1764 1247 orta
1796 1191 1920 1247 belli
1950 1199 2084 1247 erat.-

254 1292 409 1360 Quo³
462 1294 517 1348 in
557 1293 692 1349 bello
732 1294 867 1349 nihil
907 1293 1118 1349 adversi
1170 1292 1369 1348 accidit
1420 1309 1524 1347 non
1576 1292 1918 1365 praedicente
1968 1310 2082 1348 mez

252 1399 393 1447 nec⁴
432 1411 527 1448 nos
567 1394 783 1466 quidem
826 1401 1008 1449 nostra
1047 1394 1306 1448 divinatio
1345 1392 1559 1458 fefellit,
1599 1409 1762 1464 quam
1796 1410 1964 1464 quum
2003 1410 2084 1447 sa·

249 1494 710 1565 pientissimorum
750 1495 992 1549 virorum
1031 1494 1397 1548 monumentis
1429 1499 1592 1564 atque
1622 1494 1922 1565 praeceptis
1966 1494 2082 1566 plu-

247 1594 492 1665 rimoque
532 1593 808 1648 doctrinae
853 1593 1033 1648 studio
1054 1636 1068 1658 ,
1108 1602 1227 1648 tum
1267 1609 1463 1664 magno
1502 1593 1666 1648 etiam
1705 1609 1810 1648 usu
1847 1600 2080 1670 tractam

245 1693 344 1748 dae
387 1693 713 1765 reipublicae
756 1709 1059 1765 magnaque
1111 1701 1418 1748 nostrorum
1466 1699 1769 1766 temporum
1822 1695 2081 1750 varietate

246 1794 522 1849 consecuti
562 1811 767 1849 sumus,
862 1794 960 1849 Cui
1000 1793 1217 1865 quidem
1263 1793 1583 1862 divinationi
1620 1792 1722 1848 hoc
1760 1792 1882 1865 plus
1919 1794 2079 1850 confi·-

243 1895 460 1959 dimus',
513 1894 654 1968 quod
693 1910 755 1950 ea
795 1912 891 1949 nos
930 1894 1065 1949 nihil
1105 1895 1161 1949 in
1195 1894 1280 1949 his
1320 1901 1430 1950 tam
1469 1894 1714 1950 obscuris
1746 1894 1906 1949 rebus
1945 1902 2078 1950 tam-

243 2011 350 2068 que
400 1995 729 2069 perturbatis
780 2012 1039 2067 umquam
1097 1998 1315 2050 omnino
1373 1995 1576 2051 fefellitt
1679 2001 1764 2050 11.
1805 1996 2080 2061 Dicerem,

242 2112 381 2169 quae
419 2103 544 2151 ante
583 2096 768 2151 futura
807 2096 1064 2152 dixissem
1085 2138 1100 2161 ,
1140 2098 1197 2151 ni
1236 2113 1595 2161 vererer,.ne
1633 2113 1699 2152 ex
1737 2098 1944 2152 eventis
1984 2097 2078 2151 fin⁶

241 2214 368 2269 gere
399 2197 627 2253 viderer.
710 2197 814 2253 Sed
847 2205 1029 2253 tamen
1057 2197 1278 2271 plurimi
1306 2204 1435 2252 sunt
1466 2203 1660 2263 testeS,
1700 2214 1786 2253 me
1814 2205 1867 2253 et
1893 2200 2078 2264 initio,

240 2314 307 2354 ne
356 2299 708 2372 coniungeret
748 2317 804 2355 se
850 2317 976 2355 cum
1016 2299 1240 2358 Caesare
1261 2341 1276 2364 ,
1328 2300 1603 2355 monuisse
1641 2300 1984 2372 Pompeium,
2023 2307 2077 2356 et

238 2404 450 2469 postea,
490 2417 558 2455 ne
595 2401 920 2472 seiungeret.
1013 2401 1402 2456 Coniunctione
1440 2399 1618 2473 frangi
1657 2408 1877 2457 senatus
1915 2419 2041 2475 opes
2061 2436 2075 2466 ,

237 2498 598 2555 disiunctione
631 2501 788 2556 civile
827 2501 1028 2555 bellum
1067 2503 1294 2556 excitari
1333 2502 1598 2557 videbam.
1678 2504 1853 2575 Atque
1886 2503 2075 2558 utebar

239 2598 659 2655 familiarissime
699 2599 960 2654 Caesare:
1015 2600 1330 2672 Pompeium
1371 2600 1630 2656 faciebam
1670 2603 1925 2674 plurimi:
1979 2603 2071 2658 sed

237 2707 355 2754 erat
391 2717 574 2755 meum
619 2699 904 2754 consilium
944 2716 1113 2771 quum
1155 2699 1310 2755 fidele
1348 2700 1626 2773 Pompei0,
1679 2709 1796 2757 tum
1837 2702 2071 2758 salutare

236 2801 471 2873 utrique.
550 2799 886 2855 Ειιῐιάιιῐῐι15
938 2800 1002 2854 in
1048 2800 1422 2872 Hispaniam
1468 2803 1682 2856 censui:
1731 2802 1874 2874 quod
1912 2804 1959 2858 si
1999 2804 2070 2859 fe-

235 2902 426 2966 cisset,
479 2901 637 2956 civile
681 2900 881 2956 bellum
920 2900 1131 2956 nullum
1169 2902 1387 2956 omnino
1434 2900 1641 2958 fuisset.
1734 2904 2066 2960 Rationem

234 3001 460 3056 haberi
493 3000 821 3065 absentiS‚
862 3018 967 3055 non
1002 3007 1112 3056 tam
1141 3002 1406 3073 pugnavi,
1447 3009 1508 3057 ut
1538 3002 1750 3069 liceret,
1790 3019 1952 3077 quam
1983 3013 2066 3070 ut,

234 3101 488 3173 quoniam
522 3101 637 3172 ipso
664 3101 882 3156 consule
914 3109 1187 3172 pugnante
1215 3102 1443 3174 populus
1470 3104 1729 3169 iusserat,
1759 3104 2061 3160 haberetun

242 3205 324 3254 12.
368 3201 507 3269 Quid
547 3219 644 3272 ego
683 3203 1021 3274 praetermisi
1061 3210 1154 3256 aut
1195 3204 1522 3258 monitorum
1563 3212 1658 3259 aut
1696 3205 2062 3276 querelarum,

294 3468 332 3524 ι)
363 3466 416 3512 ad
451 3471 543 3513 Att.
578 3471 671 3513 vll.
707 3473 747 3513 1.
782 3472 807 3527 ᾗ
841 3474 882 3514 4.
917 3497 973 3506 -
1009 3473 1047 3529 ²)
1081 3470 1213 3532 Epist.
1248 3471 1302 3515 ad
1335 3475 1383 3516 Α.
1401 3472 1624 3518 Caecinam
1657 3474 1731 3532 (ad
1765 3478 1879 3520 Fam.
1917 3478 1982 3520 Vl.
2016 3478 2056 3518 6.

230 3545 336 3601 §5-)
371 3564 426 3577 --
461 3546 500 3604 ⁵)
533 3545 641 3593 ibid.
677 3552 759 3606 §a
795 3575 853 3583 --
886 3551 926 3609 4)
962 3549 1066 3594 ibid.
1102 3552 1185 3608 §3.
1220 3577 1277 3585 -
1310 3554 1350 3611 ⁵)
1385 3551 1494 3598 ibid.
1530 3553 1611 3610 §5.
