2150 3990
480 220 533 277 ι..
561 223 645 278 νι.
690 224 862 279 mxl„
906 223 1078 296 §104
1119 254 1190 261 -
1231 222 1438 279 exal.
1482 223 1521 296 g
1552 229 1671 278 108.
1893 227 1999 277 289

163 373 300 430 deus
338 380 400 429 ut
439 373 756 440 haberetur,
794 381 957 449 atque
1001 381 1062 431 ut
1097 372 1166 431 ab
1207 374 1328 430 eius
1358 373 1497 440 solo,
1550 376 1612 430 in
1644 389 1752 447 quo
1782 380 1866 429 est
1897 373 1993 429 hu·

170 481 378 539 matus,
403 474 633 531 „oracula
659 480 988 548 peterentur.
1073 476 1193 530 106.
1234 472 1407 542 Quid?
1442 474 1600 529 Asiae
1625 489 1718 528 rex
1748 474 1997 528 Priamus

174 589 350 631 nonne
389 581 442 631 et
482 574 743 630 Helenum
784 575 955 631 filium
993 582 1048 630 et
1084 574 1438 630 Cassandram
1487 575 1653 630 liliam
1691 574 1998 631 divinantes

171 673 428 740 habehat,
468 674 699 731 alterum
746 677 1018 746 auguriis,
1068 674 1315 731 alteram.-
1342 676 1542 730 mentis
1585 675 1900 730 incitatione
1943 683 1998 731 et

169 775 499 847 permotione
534 774 757 831 divina?
849 776 965 844 Quo
1003 777 1060 831 in
1097 791 1294 848 genere
1330 775 1561 831 Marcios
1594 775 1854 847 quosdam
1894 774 1995 832 ira·

164 882 307 941 tres,
359 875 523 933 nobili
560 876 677 932 loco
713 884 866 933 natos
887 920 902 944 ,
954 877 1095 951 apud
1134 878 1365 933 maiores
1402 883 1614 933 nostros
1650 876 1820 933 fuisse
1868 878 1997 933 scri·

166 983 320 1051 ptum
371 977 632 1034 videmus.
725 978 900 1048 Quid?
956 978 1238 1054 Polyidum
1282 978 1623 1038 Corinthium
1672 993 1851 1037 nonne
1895 978 1997 1035 llo·

165 1094 350 1136 merus
387 1086 442 1136 et
472 1079 592 1136 aliis
630 1079 830 1146 multa,
870 1087 925 1136 et
965 1080 1072 1135 filio
1104 1080 1172 1136 ad
1205 1081 1422 1136 Troiam
1462 1077 1823 1155 proficiscenti
1856 1095 1995 1137 mor-

164 1185 296 1238 tem
313 1180 644 1254 praedixisse
673 1188 1060 1237 commemorat
1081 1181 1117 1235 ?‘
1181 1179 1412 1242 Omnino
1444 1180 1588 1254 apud
1624 1188 1863 1246 veteres,
1899 1181 1996 1253 qui

161 1296 355 1337 rer-um·
403 1281 775 1355 potiebantur,
844 1281 1006 1336 iidem
1064 1279 1295 1350 auguria
1351 1280 1624 1335 tenebant.
1723 1280 1790 1336 Ut
1846 1281 1991 1336 enim

157 1394 373 1454 sapere,
431 1380 511 1436 sic
560 1379 804 1435 divinare
854 1379 1032 1451 regale
1082 1378 1368 1461 ducebant.
1459 1378 1637 1434 Testis
1674 1385 1758 1434 est
1808 1386 1992 1436 nostra

156 1479 376 1546 civitas,
412 1480 471 1536 in
508 1495 616 1554 qua
653 1486 709 1535 et
746 1494 901 1552 reges
938 1494 1203 1551 augureS,
1254 1485 1310 1535 et
1347 1486 1532 1553 postea
1569 1480 1765 1553 privati
1804 1479 1990 1537 eodem

155 1579 455 1639 sacerdotio
472 1578 702 1654 praediti
734 1579 1122 1653 rempublicam
1144 1579 1466 1653 religionum
1488 1581 1812 1638 auctoritate
1841 1597 1991 1640 rexe-

150 1688 297 1739 runt.
374 1685 496 1739 107.
537 1681 722 1755 anue
742 1680 1140 1738 divinationum
1159 1683 1300 1738 ratio
1321 1694 1388 1738 ne
1421 1683 1476 1738 in
1497 1681 1742 1739 bai-haris
1765 1683 1984 1756 quidem

149 1781 401 1854 gentihus
433 1781 819 1855 neglecta'est:
860 1783 907 1838 si
939 1781 1159 1856 quidem
1193 1790 1249 1839 ot
1277 1783 1333 1839 in
1365 1781 1537 1840 Gallia
1558 1782 1794 1840 Druidae
1825 1791 1985 1849 sunt,

148 1883 243 1956 qui
258 1889 337 1940 ›et
373 1890 602 1940 naturae
631 1884 896 1940 rationem
913 1926 927 1949 ‚
961 1897 1123 1957 quam
1157 1882 1548 1958 physiologiam
1586 1882 1778 1941 Graeci
1810 1884 1988 1959 appel·

151 1982 305 2051 laum*
326 1990 510 2042 notam
538 2001 659 2042 esse
675 1985 779 2041 sihi
800 1986 1147 2059 profitentur,
1175 1992 1231 2040 et
1256 1986 1456 2059 partim
1482 1986 1759 2059 auguriis,
1786 1986 1986 2060 partim

153 2084 489 2150 coniectura,
514 2101 655 2159 quae
673 2086 784 2142 sint
804 2084 990 2141 futura
1005 2127 1019 2151 ,
1040 2085 1257 2148 dicunt3
1282 2086 1413 2140 etin
1442 2086 1621 2142 Persis
1645 2093 1998 2159 augurantur·

153 2192 208 2242 et
235 2184 499 2248 divinant
535 2185 707 2257 Magi,
765 2187 861 2259 qui
891 2192 1293 2258 congregantur
1331 2187 1387 2241 in
1427 2184 1550 2244 sano
1588 2185 1988 2243 commentandi

153 2302 344 2344 caussa
387 2295 551 2361 atque
595 2289 739 2344 inter
772 2303 840 2343 ⁴se
884 2286 1254 2360 colloquendi:
1307 2287 1450 2360 quod
1488 2289 1653 2344 etiam
1707 2288 1849 2344 idem
1891 2305 1987 2344 nos

152 2386 421 2460 quondam
461 2386 637 2444 facere
668 2387 833 2443 Nonis
855 2387 1172 2444 solebamus·
1232 2388 1340 2443 Nec
1364 2389 1651 2461 quisquam
1674 2405 1768 2444 rex
1801 2390 1985 2444 Persa-

151 2503 274 2545 rum
314 2495 488 2562 potest
516 2505 664 2554 esse,
703 2490 798 2561 qui
832 2505 939 2544 non
967 2495 1095 2545 ante
1126 2503 1409 2561 magorum
1442 2489 1783 2562 disciplinam
1816 2492 1986 2546 scieu-

151 2590 391 2662 tiamque
439 2590 756 2663 perceperit.
852 2592 976 2645 108.
1017 2589 1168 2645 Licet
1217 2596 1398 2645 autem
1450 2590 1634 2644 videre
1683 2598 1740 2647 et
1789 2608 1986 2662 genera

147 2690 409 2762 quaedam
448 2698 503 2747 et
543 2691 786 2747 nationes
818 2690 946 2746 huic
986 2690 1247 2747 scientiae
1278 2691 1504 2746 deditas.
1586 2692 1892 2748 Telmessus
1927 2694 1982 2748 in

142 2790 298 2845 Caria
323 2797 431 2846 estz
472 2806 579 2863 qua
605 2792 661 2846 in
689 2791 822 2846 urbe
848 2792 1063 2877 exi-‘ellit
1091 2792 1442 2864 haruspicum
1468 2790 1770 2864 disciplina.
1823 2794 1982 2849 Item-

146 2904 261 2961 que·
289 2890 401 2946 Elis
440 2891 494 2946 in
534 2891 894 2964 Peloponneso
932 2893 1163 2949 familias
1200 2893 1337 2948 duas
1374 2899 1551 2948 certas
1590 2892 1784 2958 hahet,
1824 2894 1982 2949 lami-

143 2989 336 3049 damm
377 3005 570 3056 unam,
623 2993 846 3048 alteram
885 2993 1250 3068 Clytidarum,
1291 2993 1668 3065 haruspicinae
1702 2994 1981 3052 nobilitate

143 3097 492 3163 praestantes
573 3092 632 3147 In
675 3093 832 3166 Syria
867 3094 1115 3150 Chaldaei
1150 3096 1456 3167 cognitione
1489 3102 1760 3149 astrorum
1794 3095 1976 3151 soller-

143 3190 323 3263 tiaque
373 3193 715 3264 ingeniorum
767 3194 1113 3250 antecellunt.
1211 3195 1433 3251 Etruria
1480 3201 1660 3249 autem
1713 3195 1778 3250 de
1829 3197 1976 3252 caelo

143 3297 286 3346 tacta
337 3293 695 3349 scientissime
746 3294 1155 3357 animadvertit;
1208 3295 1502 3367 eademque
1552 3296 1971 3370 interpretatur,

138 3390 270 3463 quid
307 3394 608 3467 quibusque
640 3395 955 3451 ostendatur
991 3398 1249 3452 monstris
1282 3403 1444 3468 atque
1475 3399 1754 3469 portentis,
1835 3400 1968 3468 Quo-

139 3490 283 3546 circa
321 3493 452 3550 heue
493 3497 632 3567 apud
675 3499 902 3553 maiores
942 3504 1151 3553 nostros
1192 3503 1437 3562 senatus,
1480 3505 1627 3565 tum,
1668 3517 1837 3572 quum
1880 3504 1967 3557 sso-

1636 3601 1690 3648 19
