2210 3970
971 214 1232 250 -v—

196 346 541 407 laboraturus,
575 345 671 396 nisi
706 344 883 396 scirem
918 358 1069 410 quem
1097 344 1197 395 alte
1232 344 1283 393 in
1321 350 1407 394 tua
1442 350 1611 394 mente
1636 341 1869 408 haereat,
1902 359 2031 395 mor-

197 446 300 489 tem
345 452 447 487 non
494 436 758 487 interitum
793 449 902 486 esse
936 433 1101 486 omnia
1143 432 1404 484 tollentem
1438 441 1590 497 etque
1624 432 1876 484 delentem
1897 471 1909 491 ,
1946 434 2034 484 sed

195 527 466 594 quemdam
507 525 650 591 qussi
683 524 1036 590 migrationem
1081 522 1627 587 commutationemque
1663 523 1811 573 vitae.
1877 521 2034 589 Perge

197 617 388 684 igitur,
438 614 574 680 quod
626 613 779 671 fecis,
822 613 959 664 hune
1003 629 1175 665 essum
1223 621 1370 664 tuum
1418 612 1621 664 sortiter
1665 612 1829 673 ferre,
1879 621 1932 664 et
1966 611 2036 664 Te

197 705 333 772 ipse,
378 708 626 769 quantum
660 711 834 769 potes,
884 703 1141 755 consolare
1186 701 1512 762 existimans,
1558 716 1658 752 non
1704 702 2035 769 longinquum

197 796 333 849 inter
364 809 452 844 vos
486 793 770 860 digressum
800 801 854 843 et
882 792 1158 846 discessum
1186 793 1308 844 sore.

262 972 477 1032 Quoties
502 981 672 1023 sutem
701 1000 769 1009 -—
797 979 858 1023 ut
885 971 949 1022 ad
977 971 1287 1038 propositum
1318 969 1493 1023 redeat
1516 970 1676 1023 oratio
1709 998 1777 1009 --
1808 986 1901 1024 nos
1928 972 2037 1038 qui·

197 1062 314 1114 dem
349 1062 442 1114 soli
471 1078 698 1114 essemus
732 1072 786 1113 et
819 1063 952 1112 inter
984 1077 1076 1133 nos
1095 1099 1109 1120 ‚
1144 1071 1204 1113 ut
1237 1061 1450 1119 dicitur,
1491 1060 1803 1123 viveremus,
1837 1062 2038 1128 quondo

200 1150 271 1202 'Pe
316 1167 539 1217 unquam
586 1152 691 1203 vidi
737 1153 986 1203 voluntati
1031 1167 1173 1203 mese
1219 1167 1319 1203 non
1365 1149 1635 1202 deditum?
1686 1151 1892 1215 quando
1935 1167 2036 1203 non

200 1242 336 1296 ultro
369 1251 421 1294 et
455 1231 689 1309 opinione
720 1258 832 1292 mee
867 1242 1019 1292 citius
1051 1250 1284 1306 paratum

464 1357 533 1374 ⁹-
560 1335 806 1396 partem
836 1330 1041 1379 solido
1073 1330 1317 1379 demere
1347 1329 1418 1379 de
1449 1328 1574 1385 die.

199 1435 301 1470 non
338 1419 448 1473 'ribi
482 1428 545 1470 ut
576 1419 898 1486 indulgeres,
932 1433 1084 1483 quem
1120 1417 1251 1473 seio.
1285 1417 1327 1467 si
1364 1417 1502 1469 solus
1536 1417 1604 1469 sis
1624 1456 1636 1476 ,
1674 1419 1757 1471 vix
1792 1419 2038 1473 intermit-

201 1518 307 1561 tere
360 1509 560 1568 studia;
613 1508 702 1560 sed
751 1507 878 1559 mihi
915 1516 974 1558 ut
1020 1523 1215 1573 semper
1260 1506 1603 1573 gratissimum
1639 1507 1865 1559 faceres?
1934 1510 2039 1563 Hoc

199 1599 336 1653 enin
383 1606 500 1652 ante
545 1598 714 1652 omnia
755 1613 933 1650 curere
967 1596 1092 1648 mibi
1128 1597 1266 1649 visus
1299 1613 1386 1658 es,
1433 1607 1524 1659 ut,
1569 1614 1871 1664 quecunque
1914 1602 2039 1654 mihi

200 1690 433 1743 maxime
459 1690 679 1760 placeret
722 1687 953 1745 ratione.
1001 1686 1130 1737 seria
1164 1687 1288 1739 iocis
1339 1697 1617 1754 temperare
1662 1705 1924 1756 possemus
1956 1703 2041 1753 et,

197 1779 450 1847 quidquid
482 1779 539 1831 iu
574 1778 785 1831 buccam
824 1777 1021 1829 veniret
1039 1814 1053 1835 ‚
1097 1776 1296 1830 sublata
1340 1778 1612 1830 severitate
1643 1780 1820 1834 liceret
1852 1784 2043 1850 garrire

194 1870 475 1922 ἐπιεικοῦς
525 1870 634 1922 sine
683 1867 1161 1934 interpellatoribus.
1245 1867 1380 1927 Quid
1424 1868 1623 1921 multa?
1674 1870 1775 1924 Eos
1819 1872 1929 1925 dies
1971 1875 2042 1927 sic

194 1957 346 2013 domi
368 1966 492 2012 :tute
527 1957 715 2013 Tecum
752 1958 890 2017 vivo,
939 1973 1090 2024 opere
1122 1957 1323 2010 solutus
1355 1967 1410 2011 et
1442 1969 1690 2025 quantum
1737 1962 1847 2014 fieri
1876 1974 2043 2030 potest

199 2047 342 2114 euris
382 2048 583 2102 lentus
627 2056 681 2100 et
723 2048 942 2115 negotiis
961 2085 974 2106 ,
1021 2056 1080 2099 ut
1125 2047 1361 2112 equidem
1407 2064 1509 2101 non
1540 2050 1752 2104 habeam
1774 2091 1787 2107 .
1823 2054 1910 2106 ubi
1952 2071 2041 2123 per

204 2138 491 2191 *temones
522 2137 739 2191 aestives
783 2136 960 2190 maiori
1004 2152 1122 2188 cum
1162 2137 1423 2203 voluptate
1466 2140 1614 2192 otiari
1647 2143 1835 2207 possim
1878 2154 1932 2197 et
1964 2146 2041 2198 iu·

199 2227 435 2282 eundius.

271 2407 374 2460 Sed
414 2407 562 2461 valde
605 2408 874 2475 impudens
919 2408 1047 2465 sim,
1081 2406 1398 2467 Hermenne,
1434 2420 1486 2462 et
1523 2414 1738 2479 turpiter
1782 2416 2043 2484 ingratus,

159 2526 161 2528 .
201 2498 246 2551 gi
273 2498 599 2565 voluptatum
642 2498 958 2551 meminerim
978 2535 991 2555 ,
1033 2512 1162 2561 quae
1203 2497 1382 2550 breves
1413 2516 1525 2552 esse
1558 2504 1722 2555 solent
1755 2516 1809 2557 et
1842 2508 2011 2562 fluxae
2030 2550 2043 2573 ,

204 2596 401 2642 taceam·
429 2602 551 2641 νοω
583 2587 648 2639 de
683 2587 994 2639 utilitatibus
1025 2594 1079 2637 et
1112 2588 1413 2647 commodis,
1447 2606 1579 2655 quae
1610 2606 1816 2649 manent
1850 2615 2046 2667 semper

204 2686 262 2731 et
293 2693 510 2744 quorum
545 2678 769 2730 fructum
805 2693 835 2727 a
868 2675 938 2727 Te
965 2676 1230 2729 discedens
1262 2687 1316 2728 et
1344 2678 1396 2729 in
1426 2682 1604 2734 urbem
1632 2685 1695 2736 ad
1730 2689 1899 2740 studia
1932 2708 2044 2743 mea

202 2767 408 2821 ,fluens
451 2782 650 2842 mecum
695 2766 884 2817 referre
929 2768 1074 2833 potui
1120 2767 1447 2819 uberrimum.
1516 2771 1616 2823 Sed
1657 2775 1769 2828 dies
1800 2795 1882 2829 me
1922 2781 2045 2832 defi-

209 2857 334 2916 ciet,
372 2857 415 2910 si
460 2871 752 2922 expromere
787 2871 968 2918 coner,
1010 2867 1258 2922 quantum
1289 2859 1457 2909 studia
1501 2877 1614 2912 mea
1658 2865 1939 2920 identidem
1982 2887 2046 2922 ex

206 2947 443 3003 convictu
476 2953 650 2997 nostro
683 2945 1016 3010 prosena-iun
1052 2955 1104 2996 et
1149 2947 1330 2998 dubito
1365 2948 1470 2999 sere
1516 2951 1709 3010 dicere,
1757 2972 1855 3020 qua
1898 2973 1963 3008 ex
1990 2976 2047 3010 re

210 3039 324 3108 plus
357 3035 485 3088 lucri
518 3035 683 3088 fecere
717 3035 844 3086 mihi
879 3035 1092 3094 soleam,
1128 3052 1190 3088 ex
1225 3038 1453 3089 doctrina
1489 3048 1579 3090 tua
1611 3043 1794 3093 eximia
1830 3055 1885 3097 et
1916 3050 2045 3100 mul-

213 3127 370 3194 tiplici
405 3125 638 3182 seientia,
674 3141 774 3189 qua
802 3141 972 3190 parem
1005 3141 1156 3190 quem
1186 3126 1296 3177 Tibi
1329 3144 1536 3193 ponam,
1570 3130 1731 3183 habeo
1765 3137 2045 3190 neminem:

213 3234 276 3270 an
294 3233 359 3270 ex
375 3215 712 3269 Bibliothecae
732 3224 849 3267 tuae
871 3232 995 3274 usu,
1030 3233 1160 3281 quae
1194 3227 1247 3267 et
1277 3234 1514 3284 magnum
1534 3236 1803 3274 numerum
1838 3228 2043 3280 utilissi-

213 3296 427 3365 morum=
445 3307 688 3358 librorum
718 3306 968 3366 continet,
1003 3315 1058 3358 et
1089 3323 1200 3358 eam
1234 3308 1414 3368 habet,
1447 3325 1546 3373 qua
1575 3310 1679 3362 sere
1712 3314 1941 3370 laborare
1974 3321 2044 3371 vi-

214 3398 428 3456 fleatur,
461 3397 656 3462 copiam
682 3396 1092 3448 dissertationum
1114 3438 1127 3459 ‚
1160 3407 1585 3464 programmatum
1619 3412 1672 3454 et
1705 3405 1756 3455 id
1790 3423 1953 3472 genus
1987 3411 2043 3461 li·
