2210 3970
484 235 537 293 L.
562 238 698 293 vm.
741 235 919 293 αχν.
963 235 1001 309 g
1028 241 1095 289 ss
1134 266 1179 275 -
1249 254 1293 288 c.
1320 230 1478 289 xvir.
1522 236 1675 309 §42
1881 242 1984 291 sca

165 397 281 446 aeta
323 398 528 454 essent,
569 397 621 444 et
662 390 970 462 Pompeium
1006 389 1108 442 iter
1142 386 1485 443 Brundisium
1522 386 1695 441 facere
1729 388 1986 459 coepisse:

165 508 440 565 quumque
497 507 594 545 nec
642 490 775 545 mihi
822 506 919 544 nec
971 488 1123 544 fratri
1176 503 1295 543 meo
1339 485 1564 542 dubium
1623 492 1798 550 esset,
1856 489 1986 559 quin

165 593 510 649 Brundisium
550 591 1023 655 contenderemuS,
1062 607 1094 645 a
1131 589 1340 653 multiS‚
1388 590 1482 660 qui
1522 605 1553 643 e
1591 588 1809 643 Samnio
1848 589 1986 660 Apu-

164 693 340 766 liaque
365 691 684 756 veniebant,
726 691 986 746 admoniti
1019 706 1235 754 sumuS‚
1275 695 1336 744 ut
1365 704 1679 745 caveremus
1700 731 1714 753 ,
1755 706 1821 743 ne
1847 690 1987 744 exci-

165 809 417 866 peremur
446 809 478 847 a
517 791 767 854 Caesare;
806 791 948 864 quod
981 793 1027 846 is
1060 792 1114 847 in
1147 790 1332 861 eadem
1366 789 1509 854 loca,
1550 806 1687 861 quae
1720 806 1816 844 nos
1848 796 1989 861 pete-

163 893 381 959 bamus,
435 891 741 966 prosectuS,
795 892 1023 948 celerius
1074 893 1266 957 etiam,
1318 908 1480 965 quam
1534 907 1630 946 nos
1682 906 1987 963 possemus,

160 1006 250 1057 eo,
289 1008 395 1065 quo
428 991 756 1056 intenderet,
797 999 1058 1049 venturus
1089 999 1245 1048 esset.
1326 991 1476 1061 Quod
1515 1007 1682 1064 quum
1718 992 1793 1045 ita
1824 997 1990 1055 esset,

159 1108 258 1148 nec
297 1091 468 1159 mihi,
509 1109 607 1153 nec
641 1093 796 1149 fratri
830 1110 984 1157 meo,
1025 1110 1122 1149 nec
1161 1095 1415 1167 cuiquam
1448 1094 1746 1150 amicorum
1787 1092 1990 1165 placuit

160 1195 526 1260 committere,
566 1201 627 1250 ut
655 1196 932 1251 temeritas
959 1203 1140 1250 nostra
1162 1211 1266 1251 non
1294 1195 1467 1251 solum
1496 1194 1670 1253 nobis,
1703 1193 1797 1250 sed
1825 1194 1989 1249 etiam

160 1293 485 1367 reipublicae
536 1299 785 1355 noceret:
836 1310 1006 1365 quum
1058 1295 1375 1367 praesertim
1428 1309 1534 1348 non
1588 1293 1988 1356 dubitaremus,

158 1393 324 1465 quin,
364 1393 411 1447 si
450 1393 612 1448 etiam
652 1398 833 1447 tutum
866 1391 1018 1446 nobis
1059 1394 1160 1446 iter
1195 1391 1418 1454 suisset,
1460 1391 1771 1462 Pompeium
1807 1398 1985 1447 tamen

157 1493 264 1551 iam
282 1493 556 1566 *consequi
599 1507 701 1548 non
743 1507 1035 1564 possemus,

233 1693 394 1752 XVII.
472 1699 564 1752 41.
606 1694 823 1763 Quum¹
860 1694 1003 1752 diem
1036 1710 1101 1750 ex
1133 1694 1220 1750 die
1252 1693 1651 1767 exspectabam,
1693 1700 1754 1750 ut
1786 1701 1986 1752 statue·

157 1810 271 1857 rem
293 1836 307 1861 ,
346 1795 481 1869 quid
507 1802 647 1854 esset
681 1795 1015 1860 faciendum,
1055 1811 1124 1851 vr.
1164 1795 1278 1851 Kal.
1314 1795 1467 1851 Mart.
1491 1800 1512 1832 ²
1545 1797 1752 1867 vesperi
1793 1794 1988 1852 Balbus

156 1896 333 1953 minor
370 1896 437 1953 ad
475 1913 563 1957 me
593 1897 769 1962 venit,
809 1896 1019 1953 occulta
1052 1898 1137 1954 via
1170 1913 1397 1954 currens
1429 1895 1496 1952 ad
1535 1895 1823 1953 Lentulum
1863 1914 1986 1953 con·

155 1996 327 2059 sulem
349 2039 363 2062 ‚
391 1998 575 2055 ⁴missu
606 1997 877 2062 Caesarie,
916 2014 1041 2053 cum
1082 1996 1279 2053 litteris
1299 2038 1314 2061 ,
1353 2012 1479 2052 cum
1513 1996 1819 2062 mandam,
1853 2014 1983 2054 cum

155 2098 508 2169 promissione
545 2098 874 2171 provinciae,
915 2097 1138 2152 Romam
1178 2102 1240 2151 ut
1279 2094 1509 2155 rediret:
1547 2097 1638 2151 cui
1671 2097 1983 2168 persuaderi

156 2207 310 2270 posse
341 2213 447 2254 non
481 2197 813 2262 arbitrabar,
855 2198 959 2252 nisi
981 2203 1122 2253 esset
1141 2198 1562 2253 circumventus·
1615 2195 1762 2252 Idem
1781 2197 1988 2264 aiebat,

157 2297 295 2352 nihil
324 2299 487 2355 malle
527 2298 826 2363 Caesarem,
867 2316 1025 2370 quam
1055 2307 1114 2352 ut
1145 2298 1453 2370 Pompeium
1484 2306 1870 2370 assequeretur:
1909 2329 1987 2341 —-

158 2395 213 2466 id
244 2377 526 2457 credebam
550 2430 626 2440 --
650 2408 700 2455 et
729 2400 923 2454 rediret
946 2400 1002 2452 in
1031 2399 1261 2470 qratiam
1277 2418 1293 2451 .·
1333 2428 1409 2438 —-
1448 2396 1502 2452 id
1530 2413 1636 2452 non
1669 2398 1982 2464 credebam,

157 2505 210 2554 et
241 2500 542 2557 metuebam
564 2542 578 2566 ‚
620 2517 686 2556 ne
717 2501 892 2555 omnis
931 2499 1060 2555 haec
1095 2498 1379 2554 clementia
1419 2497 1486 2554 ad
1520 2496 1796 2555 Sullanam
1836 2499 1982 2558 illam

155 2599 526 2657 crudelitatem
578 2599 938 2673 colligeretur.
1036 2602 1124 2654 42.
1179 2597 1374 2653 Balbus
1423 2597 1641 2670 quidem
1694 2601 1866 2656 maior
1915 2603 1983 2658 ad

155 2713 243 2761 me
279 2701 526 2775 scripsit,
563 2699 701 2756 nihil
731 2699 894 2755 malle
934 2698 1234 2763 Caesarem,
1275 2717 1433 2771 quam
1465 2699 1703 2771 principe
1737 2699 1982 2774 Pompeio

159 2800 274 2854 sine
304 2809 444 2856 metu
479 2801 664 2856 vivere.
757 2799 904 2855 Sed³
954 2816 1052 2871 ego
1091 2817 1189 2855 nec
1230 2798 1347 2854 illos
1383 2816 1802 2870 congressuroS,
1855 2820 1981 2867 nec,

160 2900 207 2952 si
237 2900 510 2972 congressi
543 2905 749 2963 essent,
788 2899 1099 2971 Pompeium
1126 2900 1193 2954 ad
1225 2899 1388 2954 ullam
1415 2898 1773 2955 conditionem
1807 2920 1980 2959 acces·

160 3015 350 3055 surum
388 2997 657 3072 putabam.
736 2997 881 3053 Balbi
902 3004 924 3037 ⁴
961 2999 1189 3056 Cornelii
1221 3000 1527 3054 litterarum
1559 3001 1863 3073 exemplum
1903 3005 1985 3059 in-

162 3099 243 3155 fra
293 3100 512 3172 scripsi,
566 3105 626 3154 ut
665 3115 840 3158 meam
885 3101 1057 3164 vicem
1109 3101 1340 3165 doloreS,
1395 3116 1561 3171 quum
1614 3117 1699 3155 me
1751 3101 1983 3160 derideri

157 3200 380 3257 videres

226 3472 262 3528 ι)
296 3469 348 3514 aa
371 3473 462 3515 Ait.
487 3474 580 3516 vn.
613 3473 684 3515 eo.
721 3472 803 3528 §a
840 3499 895 3506 -
931 3472 1231 3531 2)1bid.vm.
1267 3475 1305 3517 9.
1338 3475 1420 3528 §a
1455 3498 1512 3507 -
1546 3475 1585 3533 ⁵)
1615 3474 1720 3521 thid.
1757 3479 1869 3523 vui.
1906 3483 1975 3525 15.

158 3547 249 3604 53.
280 3574 339 3582 —
369 3549 410 3607 4)
443 3548 553 3593 lbid.
587 3551 670 3605 §a
