2210 3970
668 208 699 245 A
718 208 748 245 N
770 208 800 246 N
824 208 850 246 u
873 206 898 244 s
954 205 1001 243 υ.
1057 207 1101 243 c,
1161 190 1475 244 689-690.
1878 192 1986 247 603

162 345 229 384 ver
263 337 488 399 publicari
530 336 745 383 scelerata
773 353 858 382 non
884 350 1018 398 posse
1048 335 1258 391 consilia,
1299 336 1392 379 nisi
1422 334 1597 395 Iupiter
1632 346 1788 377 rursus
1825 333 1986 379 altiore

158 417 206 461 in
237 414 426 461 culmine
449 416 697 478 figeretur,
729 414 986 461 orientalem
1017 427 1249 458 conversus
1280 410 1341 456 ad
1369 412 1621 468 cardinem,
1652 410 1882 472 radiisque
1906 426 1986 472 op·

150 493 334 554 positus
363 493 488 539 solis.
549 493 766 554 Adfuisse
803 493 921 538 dicto
956 489 1129 552 fidem.-
1160 505 1263 534 nam
1290 489 1491 534 subrecto
1516 488 1730 544 culmine,
1762 498 1988 534 converso-

155 586 239 631 que
259 569 321 615 ad
343 570 479 615 solem
505 570 631 632 signo
648 604 662 627 ,
687 572 896 633 patuisse
926 583 998 613 res
1023 565 1230 622 abditas,
1263 575 1308 612 et
1338 575 1536 612 reserata
1563 568 1611 612 in
1641 566 1869 627 maleficia
1889 568 1987 612 vin-

155 645 365 692 dicatum.
394 677 395 680 =
425 645 673 709 obsequens
705 663 740 692 c.
762 651 863 692 122.
897 650 955 692 M.
976 647 1177 691 Cicerone
1210 645 1254 690 0.
1282 644 1473 689 Antonio
1500 659 1611 689 coss.
1639 646 1699 702 [a.
1717 646 1766 689 U.
1786 647 1830 689 C.
1855 646 1985 703 691]

154 726 280 770 Inter
304 723 401 769 alia
423 723 639 782 relatum,
673 725 844 769 biennio
867 730 971 768 ante
997 725 1122 782 [2:11.
1139 725 1183 769 C.
1202 724 1330 782 889.]
1361 723 1410 766 in
1440 721 1659 783 Capitolio
1685 721 1835 782 lupam
1859 722 1986 765 Remi

153 809 198 847 et
237 801 417 847 Romuli
453 801 654 863 fulmine
691 802 855 859 ictam,
893 802 1155 863 signumque
1193 801 1316 845 Iovis
1356 815 1455 844 cum
1496 798 1699 844 columna
1734 798 1984 844 disiectum.

152 879 452 941 Haruspicum
477 894 684 940 responso
709 879 758 923 in
773 878 885 937 soro
915 879 1170 939 repositum.
1239 877 1430 924 Tabulae
1457 877 1604 939 legum
1629 891 1789 922 aeneae
1816 875 1984 922 litteris

154 955 430 1019 liquefactis.
492 955 556 1001 Ab
585 956 657 1001 his
679 955 904 1018 prodigiis
934 954 1155 1001 Catil-inae
1185 955 1367 1014 nefaria
1392 955 1664 1017 conspiratio
1692 961 1860 1016 coepta.

227 1058 291 1135 (ὅ)
339 1060 398 1116 Τ.
439 1059 762 1132 Pomponius
802 1059 1014 1115 Atticus
1053 1058 1256 1115 relictis
1294 1058 1552 1126 Athenis,
1595 1058 1684 1114 ubi
1724 1076 1831 1115 xxn
1871 1057 1989 1137 sero

149 1178 316 1218 annos
349 1168 589 1218 moratus
622 1167 771 1225 erat,
812 1161 1035 1216 Romam
1071 1160 1230 1216 redit.

211 1263 342 1324 Nepos
374 1266 468 1308 Att.
502 1277 539 1307 o.
571 1264 614 1307 2.
648 1264 690 1306 2.
739 1260 983 1320 Interfecto
1015 1259 1217 1322 Sulpicio
1260 1262 1321 1319 [a.
1343 1262 1391 1306 U.
1420 1263 1464 1306 C.
1493 1262 1622 1319 666]
1640 1293 1653 1314 ‚
1690 1267 1983 1321 posteaquam

150 1338 289 1397 vidit,
325 1339 519 1398 Cinnano
546 1339 743 1384 tumultu
770 1339 996 1383 civitatem
1026 1352 1121 1381 esse
1129 1335 1465 1396 perturbatam,
1497 1362 1557 1371 —-
1589 1337 1785 1381 Athenas
1810 1353 1858 1381 se
1884 1353 1984 1381 con·

151 1417 264 1463 tulit
289 1418 349 1477 [v.
367 1418 421 1464 ad
438 1434 476 1465 a.
495 1421 599 1463 667.
619 1419 698 1476 5.].
721 1431 757 1461 o.
770 1419 810 1462 4.
829 1419 870 1460 3.
891 1416 973 1459 llic
988 1413 1234 1475 complures
1249 1428 1389 1458 annos
1402 1420 1604 1458 moratus
1633 1441 1717 1459 -.
1751 1414 1981 1476 Tranquil-
2027 1397 2036 1404 .

154 1495 264 1541 latis
291 1502 439 1541 autem
466 1494 595 1539 rebus
627 1493 862 1551 Romanis,
895 1488 1154 1554 remigravit
1178 1492 1383 1545 Romam,
1417 1498 1469 1535 ut
1494 1491 1650 1552 opinor
1666 1525 1679 1547 ‚
1715 1495 1763 1538 L.
1783 1495 1910 1537 Cotta
1938 1500 1983 1537 et

151 1574 200 1619 1..
232 1575 449 1635 Torquato
470 1587 580 1619 coss.
604 1586 731 1633 quem
752 1569 867 1614 ‹liem
893 1569 959 1614 sic
980 1569 1187 1614 universa
1212 1567 1375 1612 civitae
1396 1567 1726 1633 Atheniensium
1742 1579 1981 1632 prosecuta

151 1653 247 1707 est,
279 1656 332 1695 ut
365 1646 562 1695 lacrimis
593 1644 805 1693 desiderii
826 1646 988 1706 futuri
1019 1644 1209 1691 dolorem
1239 1643 1472 1691 indicaret.

908 1865 1227 1889 ·.--“““---·-

439 2051 690 2130 ANNUS
738 2039 980 2108 νιΤΑΕ
1030 2049 1455 2107 mcssnoms
1504 2052 1684 2108 xmn.

140 2232 180 2259 a.
198 2217 246 2260 U.
264 2218 308 2260 C.
444 2275 447 2277 -
701 2219 817 2261 Coss.
850 2219 895 2259 L.
931 2217 1099 2259 IULIUS
1132 2217 1339 2258 CAESAR.
1800 2233 1837 2261 a.
1857 2221 1905 2263 A.
1931 2222 1977 2263 C.

179 2309 287 2350 690.
853 2310 897 2351 C.
930 2309 1149 2350 MARCIUS
1182 2307 1410 2349 FIGULUS.
1866 2313 1943 2355 64.

219 2437 282 2513 (¹)
324 2437 506 2494 Cicero
538 2454 739 2494 annum
781 2437 972 2519 aetatis
1006 2453 1170 2509 agens
1201 2453 1331 2491 xmn
1353 2478 1369 2499 ‚
1415 2437 1508 2509 qui
1541 2435 1750 2508 legibus
1780 2438 1970 2496 Roma·

139 2538 224 2614 nis
261 2537 558 2610 consularis
594 2544 746 2602 erat,
803 2538 1142 2594 consulatum
1182 2537 1351 2610 petit:
1391 2536 1460 2592 ad
1499 2537 1640 2609 quod
1677 2526 1969 2613 suscipien-

139 2637 268 2702 dum
313 2637 374 2708 Q.
403 2638 586 2696 Cicero
629 2640 831 2712 scripto
860 2638 996 2694 libro
1034 2638 1100 2695 de
1133 2638 1390 2712 petitione
1417 2639 1728 2696 consulatus
1766 2642 1836 2698 Μ.
1866 2643 1970 2699 sra-

139 2746 279 2795 trem
311 2739 621 2796 cohortatus
652 2746 750 2796 est.
791 2758 845 2796 11.
881 2758 926 2795 o.
951 2744 1040 2796 54.
1079 2744 1170 2795 91.
1209 2757 1256 2793 c.
1279 2743 1369 2795 56.
1414 2743 1503 2795 99.

203 2839 287 2885 eie.
305 2838 415 2885 Phil.
431 2851 476 2884 v.
504 2853 542 2884 c.
559 2842 634 2886 17.
663 2841 735 2885 47.
765 2839 957 2885 Maiores
979 2840 1150 2895 nostri,
1175 2846 1343 2883 veteres
1364 2837 1463 2895 illi,
1495 2838 1729 2886 admodum
1754 2845 1937 2905 antiqui
1949 2879 1966 2902 ‚

144 2917 261 2980 leges
285 2917 470 2963 annales
493 2932 580 2962 non
611 2915 852 2961 habebant.-
882 2932 996 2977 quas
1020 2916 1179 2962 multis
1198 2923 1306 2978 post
1329 2916 1461 2960 annis
1489 2918 1651 2963 attulit
1679 2921 1888 2978 ambitio,
1915 2931 1970 2969 ut

136 2993 309 3055 gradus
333 3001 480 3039 esseut
497 2994 736 3056 petitionis
765 2995 882 3040 inter
908 2994 1128 3056 aequales.
1189 2996 1266 3039 Ita
1292 3011 1422 3057 saepe
1446 3012 1609 3057 magna
1632 2996 1803 3042 indoles
1823 3000 1968 3045 cirtu-

138 3073 200 3117 tis
216 3104 230 3130 ,
254 3073 524 3134 priusquam
554 3071 823 3132 reipublicae
846 3072 1058 3134 prodesse
1078 3074 1332 3135 potuisset,
1363 3075 1586 3118 exstincta
1598 3074 1717 3134 fuit.
1779 3079 1840 3121 At
1863 3094 1967 3124 vero

137 3148 260 3211 apud
283 3150 494 3212 antiquos
523 3150 675 3208 Rulli,
719 3152 877 3209 Decii,
913 3152 1116 3209 Corvini,
1149 3152 1367 3213 multique
1398 3151 1511 3207 alii,
1551 3154 1790 3198 recentiore
1815 3163 1964 3200 autem

128 3228 346 3276 ,memoria
391 3230 595 3291 superior
628 3229 873 3288 Africanus
889 3263 903 3287 ,
960 3233 1005 3275 T.
1043 3231 1323 3276 Flamininus
1338 3265 1352 3287 ‚
1395 3230 1627 3276 admodum
1668 3233 1967 3281 adolescentes

139 3306 340 3352 consules
355 3307 508 3367 facti,
541 3315 693 3352 tantas
714 3323 784 3352 res
806 3316 1063 3370 gesserunt,
1096 3317 1149 3354 ut
1167 3309 1330 3370 populi
1354 3309 1542 3354 Romani
1565 3311 1799 3371 imperium
1823 3329 1961 3357 auxe-

141 3387 258 3443 rint,
298 3401 452 3431 nomen
487 3387 699 3431 ornarint.
768 3384 923 3446 Quid?
971 3385 1148 3430 Macedo
1190 3385 1462 3443 Alexander,
1509 3405 1645 3448 quum
1686 3389 1742 3433 ab
1782 3391 1963 3436 ineunte

136 3470 285 3510 aelate
325 3480 396 3509 res
434 3466 652 3509 maa-imas
683 3479 832 3525 gerere
874 3465 1088 3525 coepisset
1105 3498 1117 3522 7
1163 3482 1299 3510 nonne
1334 3467 1465 3510 tertio
1503 3473 1547 3511 et
1585 3468 1806 3515 tricesimo
1845 3486 1962 3518 auno

1514 3543 1615 3593 44*
