2210 3970
14 2955 17 2967 -
9 2377 20 2908 OE<v—⁴—-——-.—-q---
12 2336 13 2340 „
12 2319 13 2322 .
12 2275 13 2298 M.
12 2257 13 2263 ⁴
11 2185 14 2218 ..ψ
11 2078 13 2121 ᾼᾈ
16 2027 17 2037 ᾼ

411 237 629 298 L.V111.
671 254 718 292 ο.
743 235 950 293 xxxv.
993 236 1128 311 §96
1167 268 1241 276 -
1280 254 1326 290 c.
1351 237 1584 293 xxxvi
1627 239 1816 311 5100.
1916 243 2019 296 591

187 389 382 445 Paucis
402 395 419 430 ¹
454 395 574 463 post
611 388 799 446 diebus
830 405 897 445 ex
931 387 1237 445 Pharsalica
1262 386 1389 460 fuga
1423 389 1570 444 venit
1594 388 1888 455 Labienus,
1927 393 2022 464 qui

187 491 470 547 interitum
508 492 777 547 exercitus
821 491 1109 546 nuntiavit.

263 688 498 747 xxxvl.
579 694 668 745 98.
710 690 907 748 Hunc²
950 707 1050 763 ego
1081 690 1217 747 mihi
1254 689 1378 746 belli
1419 690 1580 746 linem
1620 690 1752 756 feci,
1795 706 1892 746 nec
1925 707 2020 764 pu-

183 792 324 857 tavi,
363 793 764 865 quum‘integri
798 809 954 866 pares
993 809 1099 848 non
1134 791 1448 858 fuissemus,
1487 790 1686 847 fractos
1717 793 2022 865 superiores

182 888 311 946 lore.
402 891 634 948 Discessi
672 891 739 948 ab
775 909 838 950 eo
875 892 1040 958 bello,
1092 893 1149 947 in
1193 909 1300 966 quo
1337 899 1433 948 aut
1465 893 1522 947 in
1560 893 1678 948 acie
1715 890 2016 948 cadendum

182 987 315 1057 suit,
354 998 450 1048 aut
487 993 545 1049 in
578 993 785 1068 aliquas
818 994 1042 1051 insidias
1074 993 1451 1060 incidendum,
1491 1000 1587 1050 aut
1625 992 2017 1051 deveniendum

181 1090 238 1146 in
276 1091 496 1147 victoris
534 1108 757 1159 manuS,
809 1099 904 1149 aut
940 1094 1007 1150 ad
1046 1095 1237 1151 Iubam
1282 1093 1732 1166 confugiendum,
1790 1100 1886 1150 aut
1929 1110 2016 1150 ca·

163 1172 408 1265 “piendus
427 1197 704 1265 tamquam
733 1194 918 1250 exsilio
939 1194 1111 1259 locuS,
1151 1201 1246 1250 aut
1266 1194 1647 1250 consciscenda
1667 1209 1813 1250 mors
1832 1193 2017 1249 volun·

179 1291 335 1348 laria.
414 1291 568 1349 Certe
613 1293 748 1348 nihil
787 1292 891 1349 fuit
928 1300 1205 1365 praeterea
1225 1335 1241 1358 ‚
1299 1294 1346 1348 si
1385 1282 1674 1347 te0victori
1713 1293 1880 1349 nolles
1924 1301 2021 1348 aut

179 1406 288 1446 non
337 1390 563 1447 auderes
613 1393 969 1448 committere.
1067 1394 1148 1449 Ex
1199 1391 1447 1446 omnihus
1499 1399 1681 1448 autem
1728 1393 1831 1457 iis,
1882 1410 2022 1465 quae

179 1487 328 1556 dixi,
367 1490 750 1557 incommodiS,
790 1491 925 1547 nihil
958 1491 1291 1547 tolerabilius
1323 1490 1541 1558 exsilio,
1580 1492 1900 1565 praesertim
1941 1494 2018 1548 in-

179 1591 418 1648 nocenti:
470 1591 563 1648 ubi
615 1591 762 1648 nulla
814 1592 1068 1649 adiuncta
1119 1598 1203 1648 est
1258 1591 1575 1666 turpitudo;
1632 1591 1768 1648 addo
1820 1594 2014 1659 etiam,

176 1708 348 1766 quum
388 1709 453 1749 ea
488 1692 622 1750 urhe
653 1709 862 1759 careas,
903 1694 960 1749 in
1000 1710 1107 1768 qua
1139 1693 1276 1750 nihil
1309 1695 1410 1758 sit,
1450 1693 1593 1767 quod
1625 1693 1807 1750 videre
1845 1696 2018 1767 possis

177 1793 295 1849 sine
327 1791 522 1850 dolore.
603 1797 691 1850 99.
734 1794 1034 1851 Exercitu⁸
1074 1794 1301 1860 amisso,
1341 1812 1468 1867 ego,
1506 1795 1600 1867 qui
1639 1796 1788 1867 pacis
1827 1803 2018 1851 auctor

109 1966 115 1973 ἱ
176 1909 390 1967 semper
427 1893 664 1961 fueram,
715 1901 836 1968 post
868 1894 1238 1952 Pharsalicum
1278 1895 1544 1969 praelium
1584 1913 1775 1951 suasor
1812 1895 1891 1952 fui
1930 1913 2015 1952 ar-

177 2010 393 2052 morum
438 2012 546 2050 non
585 1994 1046 2067 deponendorum,
1086 1996 1179 2052 sed
1219 1996 1673 2059 abiiciendorum;
1714 2014 1839 2051 nam
1860 2001 1882 2034 ⁴
1920 2013 2015 2069 spe

179 2097 328 2167 pacis
359 2101 414 2152 et
445 2094 566 2151 odio
604 2096 778 2151 civilis
810 2097 1090 2168 sanguinis
1124 2096 1307 2152 abesse
1345 2114 1377 2151 a
1415 2096 1539 2152 belli
1579 2099 1868 2152 necessarii
1897 2114 2014 2169 per-

178 2194 381 2251 tinacia
415 2195 578 2252 volui.
658 2196 842 2252 Victi⁶
883 2213 1071 2252 sumus
1111 2197 1310 2268 igitur,
1349 2202 1472 2261 aut,
1513 2196 1559 2250 si
1599 2197 1743 2251 vinci
1778 2196 2016 2268 dignitas

178 2310 286 2350 non
323 2301 534 2369 potest,
591 2295 749 2352 fracti
795 2303 941 2353 certe
992 2303 1047 2352 et
1095 2296 1306 2351 abiecti.
1386 2295 1448 2350 In
1488 2312 1594 2367 quo
1639 2313 1795 2352 nemo
1838 2303 2015 2368 potest

177 2412 285 2451 non
324 2398 559 2453 maxime
604 2414 791 2453 eorum
830 2397 1052 2452 laudare
1097 2396 1415 2462 consilium,
1455 2397 1548 2468 qui
1588 2414 1714 2452 cum
1760 2415 1852 2470 spe
1899 2400 2012 2453 vin-

177 2495 335 2552 cendi
371 2497 535 2552 simul
574 2496 887 2554 abiecerunt
925 2497 1169 2553 certandi
1207 2498 1373 2554 etiam
1407 2496 1760 2569 cupiditatem
1782 2539 1797 2563 ,
1837 2506 2010 2554 osten-

173 2595 478 2670 deruntque
521 2597 789 2670 sapientes
828 2603 882 2652 et
926 2597 1091 2652 honos
1123 2598 1267 2653 cives
1307 2598 1464 2653 initia
1496 2596 1620 2652 belli
1661 2598 1836 2653 civilis
1877 2601 2010 2654 invi-

176 2702 261 2753 tos
311 2697 613 2771 suscipere,
666 2704 906 2754 extrema
956 2698 1187 2754 libenter
1237 2715 1343 2754 non
1395 2699 1662 2771 persequi.
1754 2700 1859 2767 Qui
1905 2718 2010 2755 non

177 2795 321 2852 idem
359 2796 644 2852 consilium
684 2799 857 2852 secuti
897 2805 1024 2854 sunt
1043 2841 1059 2864 ‚
1111 2816 1200 2856 eos
1232 2798 1385 2853 video
1426 2799 1481 2852 in
1521 2798 1627 2854 duo
1659 2816 1857 2871 genera
1895 2818 2012 2856 esse

175 2896 480 2953 distractoS.
557 2896 666 2952 Aut
710 2899 855 2954 enim
893 2916 1151 2956 renovare
1194 2899 1394 2955 bellum
1433 2901 1612 2954 conati
1651 2907 1808 2965 sunt,
1849 2900 2011 2974 hique

176 3013 236 3053 se
279 2998 337 3052 in
385 2995 622 3052 Africam
667 2997 1038 3056 contulerunt:
1091 3008 1186 3057 aut
1237 3001 1430 3056 victori
1476 3016 1592 3055 sese
1643 3000 2008 3056 crediderunt.

182 3101 308 3154 100.
347 3097 471 3153 Me⁸
522 3096 739 3170 quidem
779 3105 926 3154 certe
966 3098 1098 3157 haec
1150 3101 1256 3157 duo
1302 3098 1632 3156 fefellerunt:
1687 3101 1844 3155 initio
1888 3120 2011 3175 spes

242 3315 282 3374 ¹)
312 3312 367 3359 de
391 3314 579 3362 Divinat.
603 3317 639 3361 1.
665 3331 702 3361 c.
727 3318 798 3360 32.
834 3318 949 3375 §68.
981 3343 1042 3352 —-
1074 3320 1114 3377 ⁵³)
1145 3318 1278 3380 Epist.
1305 3315 1359 3362 ad
1387 3319 1440 3361 Μ.
1465 3316 1648 3362 Marium
1673 3317 1749 3376 (ad
1774 3323 1895 3367 Fam.
1910 3325 2010 3368 VII.

182 3394 228 3436 3.
259 3392 366 3451 53.)
397 3417 458 3427 —-
487 3393 529 3452 ⁵)
560 3407 637 3454 pro
668 3392 864 3439 Deiotaro
897 3410 934 3439 c.
959 3397 1032 3441 10.
1066 3397 1182 3453 §29.
1215 3423 1275 3429 —
1305 3397 1347 3455 4)
1380 3395 1516 3457 Epist.
1548 3396 1604 3442 ad
1634 3399 1678 3445 C.
1703 3399 1898 3444 Cassium
1930 3401 2008 3458 (ad

188 3470 311 3519 Fama
339 3471 427 3517 XV.
451 3472 525 3515 15.
560 3471 668 3529 51.)
699 3496 758 3503 -
791 3473 832 3529 ⁵)
865 3471 996 3533 Epist.
1020 3471 1072 3519 ad
1091 3477 1143 3519 Μ.
1170 3473 1353 3519 Marcell.
1388 3474 1463 3533 (ad
1496 3477 1614 3521 Fam.
1648 3478 1718 3521 IV.
1746 3479 1785 3520 7.
1815 3477 1925 3536 §2.)
1951 3504 2008 3510 —-

183 3547 224 3606 6)
258 3545 310 3592 ad
338 3549 428 3593 Att.
460 3550 532 3593 ix.
567 3551 607 3593 6.
644 3551 692 3593 A.
723 3549 806 3605 §z
