2150 3990
438 217 494 272 1..
518 217 578 272 V.
620 234 666 272 c.
689 215 876 275 xxm.
917 214 957 288 ς
983 219 1050 270 57
1091 243 1165 255 --
1204 231 1250 270 ο.
1276 213 1459 270 xxw.
1501 215 1540 289 g
1565 220 1636 271 oo
1844 221 1947 271 221

139 383 404 425 concursu
425 410 441 434 ,
480 370 563 435 vi,
615 383 777 425 manu
821 365 1178 439 gerebantur:
1219 364 1601 437 perferebatur.
1680 362 1955 436 Magistra—

141 476 231 525 tus
251 469 462 544 templis
480 468 812 542 pellebantur
830 510 846 534 ,
878 466 970 524 alii
989 467 1206 523 omnino
1225 465 1375 522 aditu
1396 482 1459 521 ac
1479 465 1593 521 soro
1612 464 1954 537 prohibeban-

143 574 266 624 tur:
309 584 463 624 nemo
482 569 778 624 resistebat.
830 566 1158 625 Gladiatores
1177 583 1241 622 ex
1262 566 1525 639 praetoris
1541 566 1805 621 comitatu
1821 581 1961 621 com-

141 666 418 739 prehensi,
439 666 495 721 in
516 673 764 723 senatum
790 666 1119 732 introducti,
1146 665 1404 732 confessi,
1445 666 1502 721 in
1528 664 1706 721 vincla
1731 665 1959 721 coniecti

139 782 169 824 a
190 764 382 822 Milone
401 806 417 831 ,
435 766 620 823 emissi
640 782 671 823 a
693 767 955 823 Serrano:
988 766 1190 823 mentio
1210 766 1372 823 nulla.
1433 765 1632 822 Forum
1650 764 1964 838 corporibus

137 865 340 921 civium
372 864 734 922 Romanorum
773 872 1107 923 constratum
1138 865 1300 924 caede
1338 872 1627 922 nocturna:
1667 882 1773 922 non
1806 865 1963 922 modo

139 965 286 1029 nulla
343 982 478 1022 nova
528 968 771 1039 quaestio
790 1007 806 1033 ‚
876 966 971 1029 sed
1027 968 1190 1024 etiam
1240 974 1422 1025 vetera
1480 966 1682 1024 iudicia
1735 965 1965 1025 sublata.

138 1066 413 1124 Tribunus
443 1066 612 1142 plebis
637 1067 758 1141 plus
789 1069 983 1140 viginti
1015 1068 1328 1126 vulneribus
1354 1069 1590 1142 acceptis
1617 1066 1824 1125 iacebat
1855 1083 1965 1124 mo-

138 1166 434 1225 ribundus:
492 1168 716 1224 alterius
753 1168 959 1225 tribuni
997 1169 1202 1242 plebis,
1252 1169 1422 1228 divini
1456 1168 1726 1234 hominis,
1765 1168 1963 1243 (dicam

137 1267 284 1326 enim
320 1266 462 1340 quod
498 1268 673 1325 sentio
691 1307 709 1331 2
745 1273 802 1320 et
832 1266 974 1337 quod
1005 1283 1220 1324 mecum
1250 1270 1495 1324 sentiunt
1524 1268 1731 1341 omnes)
1764 1267 1967 1331 divini,

139 1366 339 1438 insigni
365 1364 598 1438 quadam
618 1405 634 1429 ,
674 1363 946 1429 inaudita,
984 1381 1123 1420 nova
1154 1366 1529 1438 magnitudine
1546 1367 1716 1422 animi
1739 1407 1756 1431 ,
1794 1367 1968 1438 gravi-

64 1535 70 1542 ,
142 1470 288 1532 tate,
338 1463 444 1526 fide
474 1462 733 1538 praediti,
790 1462 982 1520 domus
1019 1471 1103 1521 est
1145 1472 1451 1538 oppugnata
1491 1464 1632 1521 ferro
1652 1507 1667 1531 ‚
1726 1462 1934 1521 facibus
1954 1508 1968 1530 ,

140 1566 383 1631 exercitu
418 1563 687 1628 Clodiano.
767 1567 857 1621 59.
899 1565 1016 1635 Qua
1036 1572 1054 1606 ¹
1100 1572 1283 1638 strage
1314 1565 1557 1622 nonnulli
1596 1566 1827 1639 permoti
1859 1582 1968 1623 ma·

136 1667 427 1740 gistratus,
464 1666 665 1739 partim
695 1671 847 1724 metu
883 1667 1105 1733 mortis,
1142 1668 1344 1741 partim
1381 1667 1754 1741 desperatione
1791 1667 1970 1741 reipu-

136 1767 348 1834 blicae,
374 1764 673 1842 paullulum
693 1781 726 1823 a
752 1782 874 1823 mea
892 1782 1085 1824 caussa
1103 1774 1465 1824 recesserunt:
1506 1767 1701 1840 reliqui
1724 1766 1968 1834 suerunt,

137 1885 272 1942 quos
309 1883 495 1942 neque.
519 1873 696 1925 terror
714 1908 731 1934 ‚
782 1883 957 1942 neque
994 1868 1107 1934 vis,
1158 1885 1257 1926 nec
1294 1886 1447 1942 speS,
1485 1884 1584 1924 nec
1621 1874 1831 1934 metus,
1870 1885 1969 1926 nec

139 1970 431 2043 promissa,
469 1984 568 2026 nec
599 1969 809 2035 minae,
849 1986 946 2026 nec
979 1967 1086 2026 tela
1106 2011 1121 2036 ‚
1161 1987 1259 2026 nec
1298 1968 1441 2027 faces
1472 1986 1504 2026 a
1543 1975 1764 2026 senatus
1787 1975 1968 2026 aucto-

139 2071 325 2137 ritate,
381 2087 417 2127 a
464 2069 645 2144 populi
683 2070 910 2127 Romani
949 2070 1243 2142 dignitate,
1293 2087 1326 2127 a
1372 2087 1491 2127 mea
1528 2070 1702 2127 salute
1744 2069 1966 2142 depelle-

140 2175 280 2227 rent.
357 2169 420 2227 In
437 2174 461 2208 ²
492 2168 690 2242 quihus
721 2169 968 2227 consules
995 2168 1245 2235 suerunt,
1283 2171 1378 2243 qui
1406 2170 1747 2242 superiorum
1778 2187 1968 2227 consu·

140 2271 254 2330 lum
293 2270 480 2330 ruinas
511 2269 713 2325 virtute
750 2285 850 2324 sua
887 2267 1190 2334 fulserunt,
1229 2286 1443 2326 summa
1481 2269 1825 2328 tribunorum
1863 2269 1967 2344 ple·

139 2372 223 2434 bis
253 2376 667 2450 praetorumque
693 2368 796 2431 tide
833 2375 888 2427 et
918 2369 1198 2444 diligentia
1229 2369 1511 2428 sublevati.

216 2571 403 2631 XXIV.
479 2573 572 2630 60.
611 2571 753 2641 Quid
782 2588 882 2645 ego
901 2571 968 2628 de
999 2573 1464 2645 praestantissimo
1489 2574 1633 2639 viro,
1673 2573 1735 2630 Τ.
1762 2573 1968 2637 Annio,

141 2673 352 2731 dicam?
393 2679 490 2729 aut
524 2672 648 2747 quis
678 2671 746 2727 de
777 2671 874 2728 tali
905 2672 1011 2728 civi
1043 2674 1178 2729 satis
1202 2674 1364 2747 digne
1390 2691 1648 2748 umquam
1680 2674 1967 2747 loquetur?

144 2775 316 2844 Quem
333 2780 356 2814 ⁸
387 2759 534 2832 enim
577 2789 836 2846 umquam
873 2775 1054 2830 virum
1099 2781 1211 2831 tam
1258 2776 1551 2832 immortali
1595 2777 1799 2832 virtute
1834 2774 1968 2831 vidi-

144 2873 298 2935 mus?
337 2874 462 2948 qui,
501 2872 647 2933 nullo
677 2875 916 2947 praemio
952 2876 1223 2949 proposito
1238 2918 1253 2942 ‚
1293 2883 1506 2948 praeter
1525 2875 1623 2931 boc
1637 2902 1664 2942 ‚·
1692 2874 1834 2948 quod
1861 2875 1967 2930 iam

143 2975 439 3035 contritum
463 2980 520 3033 et
550 2979 916 3047 contemptum
948 2982 1196 3049 putatur,
1237 2975 1500 3032 iudicium
1531 2975 1820 3039 bonorum,
1859 2991 1967 3031 om·

145 3077 238 3134 nia
263 3074 502 3150 pericula
517 3117 544 3148 ,,
570 3091 812 3132 summos
831 3075 1066 3143 labores,
1105 3078 1452 3150 gravissimas
1477 3075 1845 3132 contentiones
1870 3075 1969 3130 ini·

148 3177 490 3250 micitiasque
534 3175 811 3249 suscepit?
852 3176 946 3249 qui
991 3176 1126 3234 mibi
1166 3194 1307 3233 unus
1354 3193 1418 3231 ex
1471 3175 1719 3232 omnibus
1762 3175 1971 3232 civibus

212 3444 249 3499 ι)
281 3447 373 3501 post
404 3440 530 3486 redit.
563 3442 609 3486 in
642 3445 802 3488 Senatu
838 3459 874 3488 c.
912 3446 951 3487 3.
981 3445 1005 3500 ᾗ
1041 3444 1082 3487 7,
1119 3469 1175 3476 -—-
1211 3441 1378 3501 ³)1bid.
1405 3458 1439 3485 c.
1472 3445 1512 3486 8.
1546 3441 1570 3498 §
1602 3442 1669 3485 18.
1717 3465 1773 3473 -—
1824 3444 1862 3501 ⁵)
1897 3456 1972 3502 pre

150 3517 291 3563 Sextio
314 3532 350 3563 c.
380 3520 453 3565 ⁴0.
485 3521 510 3577 §
537 3521 608 3565 86.
