2150 3990
442 251 497 306 L.
521 250 608 307 ιν.
647 268 693 305 0.
718 248 852 304 xxl.
895 247 935 321 3
959 252 1028 303 55
1068 279 1142 288 -
1180 247 1411 314 mxxii.
1454 250 1493 321 3
1518 255 1604 303 56.
1839 253 1930 304 181

133 402 287 458 fastis
314 400 610 458 evellendos
641 399 812 474 putet)
859 406 1013 472 pacto
1052 399 1158 454 iam
1192 397 1399 454 foedere
1432 399 1828 472 provinciarum
1868 433 1941 440 —

135 508 196 557 ut
215 507 232 540 ¹
268 501 490 558 Gabinio
511 502 669 576 Syria
687 500 906 556 daretur
926 541 940 564 ,
961 498 1265 554 Macedonia
1286 499 1494 563 Pisoni,
1537 499 1750 571 utrique
1771 498 1943 553 infini-

134 609 250 658 tum
271 599 556 673 imperium
571 642 586 666 ,
602 601 790 672 ingens
803 599 1028 673 pecunia
1043 631 1140 663 ,—
1152 597 1400 672 producti
1414 604 1436 636 ²
1458 599 1513 655 in
1527 599 1672 654 circo
1685 598 1948 655 Flaminio

135 702 190 756 in
229 699 538 755 concionem
577 700 644 756 ab
682 700 772 755 illa
811 699 951 756 furia
986 715 1049 756 ac
1081 705 1230 773 peste
1255 700 1489 772 patriae,
1548 699 1782 754 maximo
1819 716 1945 755 cum

133 800 340 872 gemitu
359 798 618 855 bonorum
634 842 648 865 ‚
670 800 760 856 illa
791 801 970 856 omnia
989 842 1005 867 ,
1043 816 1180 874 quae
1206 806 1323 857 tum
1345 807 1531 856 contra
1550 816 1637 857 me
1657 806 1950 872 contraque

132 898 519 973 rempublicam
541 899 736 956 fiebant
756 944 770 966 ,
810 918 938 958 voce
963 917 1025 957 ac
1046 901 1313 958 sententia
1332 918 1430 957 sua
1449 900 1946 975 comprobaverunt.

135 999 330 1058 lisdem
361 999 673 1057 consulibus
704 1001 1012 1059 sedentibus
1043 1010 1204 1076 atque
1242 1001 1691 1077 inspectantibus,
1729 1001 1837 1058 lata
1868 1001 1957 1058 lex

33 1139 46 1146 ω
137 1107 220 1159 est
234 1143 249 1169 ,
267 1119 332 1157 ne
350 1102 581 1175 auspicia
602 1102 860 1169 valerent,
897 1122 963 1159 ne
986 1105 1104 1178 quis
1123 1104 1481 1169 obnuntiaret,
1519 1121 1584 1159 ne
1602 1104 1720 1177 quis
1753 1103 1857 1176 leqi
1878 1103 1954 1158 in-

137 1202 413 1258 tercederet
433 1222 452 1258 .·
490 1211 548 1258 ut
566 1204 803 1259 omnibus
820 1205 976 1277 fastis
995 1205 1175 1260 diebus
1195 1204 1359 1276 leqem
1380 1205 1516 1277 ferri
1534 1204 1711 1259 liceret
1732 1224 1750 1259 .·
1787 1214 1844 1259 ut
1866 1204 1955 1260 lex

137 1303 315 1368 Aelia,
355 1302 444 1358 lex
476 1302 635 1374 Fufia
671 1320 735 1357 ne
765 1302 959 1357 valeret
982 1322 999 1356 :
1036 1318 1144 1375 qua
1183 1319 1291 1357 una
1330 1304 1640 1374 rogatione,
1679 1303 1801 1375 quis
1838 1311 1956 1368 est,

135 1402 230 1476 qui
269 1417 375 1457 non
425 1399 720 1472 intelligat,
759 1400 1068 1457 universam
1106 1400 1492 1475 rempublicam
1530 1418 1648 1458 esse
1687 1400 1955 1458 deletam?

137 1507 227 1559 1515.
281 1499 477 1559 lisdem
517 1499 827 1557 consulibus
885 1501 1310 1575 inspectantibus
1330 1545 1345 1569 ,
1395 1519 1675 1560 servorum
1721 1501 1960 1560 delectus

139 1602 438 1661 habebatur
461 1618 558 1678 pro
583 1601 841 1658 tribunali
864 1602 1108 1670 Aurelio,
1149 1604 1364 1660 nomine
1383 1603 1757 1678 collegiorum,
1792 1621 1960 1678 quum

142 1705 363 1762 vicatim
400 1702 643 1761 homines
682 1702 1180 1770 conscriberentur,
1219 1703 1631 1762 decuriarentur
1650 1748 1665 1772 ,
1709 1704 1778 1761 ad
1822 1706 1932 1761 vim
1950 1750 1963 1771 ,

143 1804 211 1862 ad
246 1821 441 1862 manus
459 1845 476 1871 ,
525 1802 594 1861 ad
631 1803 848 1861 caedem
871 1845 886 1870 ,
932 1803 1001 1860 ad
1038 1803 1395 1878 direptionem
1433 1804 1812 1861 incitarentur.
1867 1805 1963 1862 lis·

143 1905 265 1963 dem
297 1892 779 1963 consulibus'arma
811 1906 867 1962 in
895 1905 1156 1979 templum
1194 1904 1429 1962 Castoris
1459 1905 1634 1979 palam
1667 1913 1962 1980 comporta·

141 2005 340 2081 bantur
359 2047 375 2073 ,
413 2005 614 2079 gradus
644 2004 884 2063 eiusdem
924 2005 1110 2079 templi
1155 2005 1509 2063 tollebantur:
1568 2007 1764 2063 armati
1799 2005 1964 2062 homi·

145 2123 252 2165 nes*
286 2105 469 2164 'forum
515 2112 571 2162 et
613 2105 897 2162 conciones
942 2105 1221 2163 tenebant:
1274 2104 1464 2161 caedes
1513 2105 1969 2178 lapidationesque

147 2205 371 2264 fiebant:
430 2204 612 2263 nullus
667 2211 785 2262 erat
837 2211 1086 2272 senatuS,
1144 2204 1280 2261 nihil
1338 2204 1534 2279 reliqui
1588 2207 1966 2279 magistratus:

147 2323 290 2364 unus
321 2321 533 2363 omnem
566 2306 808 2363 omnium
847 2312 1163 2380 potestatem
1190 2307 1357 2361 armis
1382 2313 1438 2361 et
1468 2305 1765 2363 latrociniis
1802 2310 1966 2380 possi·

145 2407 334 2474 debat,
372 2423 477 2464 non
510 2406 691 2480 aliqua
728 2406 780 2463 vi
821 2423 918 2462 sua
939 2448 954 2472 ,
993 2405 1086 2462 sed
1125 2422 1296 2479 quum
1334 2405 1442 2461 duo
1472 2406 1718 2462 consules
1748 2424 1780 2463 a
1813 2425 1966 2481 repu-

144 2508 289 2579 blica
313 2507 712 2582 provinciarum
744 2505 955 2563 foedere
985 2506 1328 2570 retraxisset,
1368 2505 1691 2572 insultabat,
1729 2506 1966 2565 domina-

142 2607 331 2674 batur,
369 2607 490 2664 aliis
533 2606 911 2681 pollicebatur,
963 2612 1169 2663 terrore
1207 2621 1271 2661 ac
1308 2611 1459 2661 metu
1498 2604 1697 2662 multos
1717 2650 1732 2672 ,
1783 2607 1966 2681 plures

145 2708 311 2765 etiam
347 2724 442 2782 spe
472 2714 527 2764 et
565 2707 844 2781 promissis
875 2706 1109 2764 tenebat.
1186 2709 1274 2762 56.
1317 2705 1463 2774 Quae
1483 2711 1505 2745 ³
1545 2706 1715 2779 igitur
1744 2708 1801 2764 L.
1829 2709 1967 2765 Cati-

35 2819 38 2826 ·
145 2808 320 2864 linam·
343 2813 626 2863 conantem
658 2806 844 2863 consul
882 2806 1160 2881 prohibui,
1216 2824 1279 2862 ea
1317 2807 1374 2863 P.
1408 2806 1650 2863 Clodium
1683 2807 1968 2867 facientem

149 2908 214 2965 hi
245 2906 490 2964 consules
532 2891 878 2964 adiuverunt.
971 2907 1151 2964 Voluit
1198 2907 1287 2963 ille
1332 2914 1579 2964 senatum
1638 2908 1971 2977 interlicere,

149 3009 206 3065 hi
239 3007 602 3064 sustulerunt:
643 3007 787 3080 leges
816 3009 1129 3075 incendere,
1168 3008 1224 3064 hi
1263 3008 1618 3080 abrogarunt:
1660 3009 1972 3068 interimere

42 3167 46 3171 .
149 3108 410 3183 patriam,
462 3106 520 3162 hi
553 3106 872 3163 afflixerunt.
951 3109 1239 3166 Incendere
1286 3109 1375 3164 illa
1413 3109 1815 3166 coniuratorum
1860 3127 1971 3167 ma·

151 3227 254 3266 nus
286 3207 455 3263 voluit
495 3194 732 3263 Urbem:
764 3207 820 3263 hi
848 3209 965 3264 eius
992 3209 1236 3275 domum,
1277 3225 1435 3281 quem
1468 3214 1685 3281 propter
1724 3209 1860 3265 Urbs
1892 3213 1969 3267 in·

152 3326 310 3366 censa
343 3326 445 3366 non
487 3316 583 3366 est.
663 3299 887 3366 Caedem
922 3310 998 3366 illi
1038 3311 1269 3376 civium,
1322 3310 1378 3365 hi
1417 3310 1732 3367 servitutem
1771 3316 1970 3386 expeti-

216 3472 253 3528 ι)
284 3487 360 3532 pro
391 3475 524 3520 Domo
548 3489 624 3519 sua
642 3489 680 3520 e.
701 3475 778 3531 21.
812 3476 914 3533 §55
948 3500 1004 3509 —
1039 3491 1113 3536 pro
1144 3473 1285 3519 Sextio
1302 3490 1338 3519 c.
1361 3475 1433 3519 14.
1458 3474 1573 3531 §3:3.
1607 3499 1664 3509 -—
1697 3477 1738 3535 ³)
1767 3475 1812 3520 in
1837 3476 1969 3522 Pison.

152 3564 189 3591 ς.
225 3550 264 3593 7.
294 3550 318 3606 ς
350 3553 420 3596 15.
563 3549 566 3552 ⁴
