2150 3990
243 255 349 305 250
839 263 1046 300 olcERo
1093 263 1163 300 DE
1215 262 1350 298 vlu
1399 261 1501 299 suA

238 399 513 455 civitatis?
593 396 916 452 Nominatim
957 413 1076 451 sum
1117 396 1410 468 appellatus
1449 398 1504 449 in
1544 396 1706 450 Bruto
1728 437 1741 458 ,

396 499 626 563 Tullius,
665 499 754 569 qui
793 498 1082 553 libertatem
1119 497 1315 550 civibus
1353 495 1686 550 stabiliverat.

232 600 421 655 Millies
441 603 749 654 revocatum
771 604 867 653 est.
929 598 1197 652 Parumne
1218 596 1499 650 videbatur
1518 594 1745 667 populus
1779 594 2052 652 Romanus

234 701 496 765 iudicare,
531 699 584 754 id
606 717 637 754 a
665 716 751 754 me
771 705 824 754 et
844 714 874 752 a
908 704 1099 752 senatu
1131 713 1247 751 esse
1277 698 1662 763 constitutum,
1695 696 1838 769 quod
1857 696 2054 769 perditi

232 802 375 856 cives
408 800 680 855 sublatum
701 816 796 871 per
815 815 911 854 nos
931 796 1394 853 criminabantur?
1438 802 1525 853 80.
1550 798 1780 854 Maxime
1804 815 1930 853 vero
1963 815 2052 871 po-

232 901 343 975 puli
363 900 589 955 Romani
610 899 871 953 iudicium
893 899 1135 953 universi
1155 913 1410 952 consessu
1431 897 1790 969 gladiatorum
1818 898 2051 955 declara-

228 1008 347 1055 tum
367 1006 465 1054 est.
515 1000 646 1078 Erat
666 999 811 1052 enim
837 1014 1038 1053 munus
1061 998 1325 1069 Scipionis
1344 997 1570 1069 dignum
1599 1005 1652 1054 et
1672 1016 1734 1053 eo
1755 1000 1869 1071 ipso
1889 1006 1942 1055 et
1963 999 2052 1054 illo

227 1100 286 1167 Q.
303 1098 510 1154 Metello
524 1139 539 1163 ‚
561 1097 650 1152 cui
676 1096 919 1152 dabatur.
961 1098 1021 1152 Id
1043 1103 1224 1155 autem
1247 1098 1537 1170 spectaculi
1559 1115 1730 1170 genus
1755 1104 1894 1164 erat,
1909 1099 2051 1170 quod

222 1201 370 1255 omni
389 1199 690 1271 frequentia
709 1204 869 1273 atque
889 1200 1034 1254 omni
1056 1215 1251 1270 genere
1271 1199 1552 1254 hominum
1580 1199 1911 1265 celebratur,
1944 1216 2049 1272 quo

223 1299 513 1356 multitudo
531 1300 765 1355 maxime
785 1299 1097 1354 delectatur.
1140 1300 1203 1355 In
1224 1300 1368 1355 hunc
1386 1317 1700 1356 consessum
1720 1301 1778 1355 P.
1803 1299 2018 1355 Sextius
2033 1342 2048 1365 ,

221 1401 475 1456 tribunus
511 1399 710 1472 plehiS,
749 1417 917 1472 quum
957 1406 1140 1471 ageret
1172 1400 1308 1457 nihil
1346 1399 1494 1455 aliud
1521 1401 1579 1455 in
1611 1417 1674 1456 eo
1693 1401 2048 1472 magistratu,

218 1503 324 1557 nisi
362 1518 540 1557 meam
569 1515 845 1566 caussam,
875 1502 1053 1565 venit,
1087 1507 1141 1556 et
1174 1518 1230 1556 se
1261 1502 1456 1573 populo
1483 1501 1660 1567 dedit,
1694 1518 1799 1556 non
1826 1501 2047 1572 plausus

215 1603 538 1674 cupiditate,
591 1601 684 1656 sed
724 1608 786 1656 ut
824 1602 927 1673 ipsi
967 1602 1175 1655 inimici
1225 1602 1396 1656 nostri
1436 1601 1768 1656 voluntatem
1807 1602 2046 1658 universi

215 1702 396 1776 populi
427 1700 688 1756 viderent.
749 1700 909 1755 Venit
929 1707 1110 1756 autem
1137 1701 1206 1756 ad
1226 1700 1534 1757 columnam
1564 1701 1847 1756 Maeniam.
1907 1702 2043 1757 Tan·

212 1810 304 1859 tus
347 1810 429 1859 est
475 1821 540 1859 ex
579 1803 831 1859 omnihus
867 1803 1190 1875 spectaculis
1229 1819 1402 1875 usque
1445 1819 1477 1858 a
1511 1803 1808 1875 Capitolio,
1858 1808 2044 1858 tantus

212 1922 276 1961 ex
315 1904 416 1960 fori
467 1903 720 1961 cancellis
770 1903 992 1976 plausus
1043 1905 1312 1960 excitatus
1330 1945 1346 1968 ‚
1406 1910 1470 1959 ut
1515 1919 1813 1976 numquam
1854 1904 2044 1959 ‘maior

210 2007 489 2062 consensio
526 2013 622 2062 aut
659 2007 897 2078 apertior
941 2005 1121 2078 populi
1161 2005 1388 2060 Romani
1434 2006 1675 2060 universi
1722 2005 1886 2062 fuisse
1933 2004 2043 2061 ulla

208 2108 262 2160 in
287 2122 485 2162 caussa
521 2106 810 2161 diceretur.

281 2306 497 2362 XXXII.
577 2311 667 2361 81.
709 2306 864 2362 Hunc
886 2312 903 2344 ¹
958 2323 1059 2377 ego
1108 2305 1346 2360 reditum
1391 2303 1762 2376 repudiarem,
1815 2307 1910 2377 qui
1961 2307 2038 2363 ita

205 2409 400 2462 florens
446 2406 549 2461 fuit
570 2449 584 2471 ,
637 2414 700 2461 ut
737 2422 947 2471 verear,
1000 2422 1067 2461 ne
1106 2406 1228 2477 quis
1267 2420 1363 2460 -me
1392 2403 1592 2460 ¹studio
1637 2403 1838 2476 gloriae
1881 2412 2036 2478 putet

204 2507 406 2565 idcirco
444 2506 640 2570 exisse,
693 2511 756 2559 ut
796 2507 873 2559 ita
906 2505 1180 2559 redirem?
1260 2505 1431 2572 Quem
1471 2506 1616 2559 enim
1655 2522 1915 2577 umquam
1955 2523 2032 2562 se-

206 2613 366 2664 natus
412 2607 618 2670 civem,
676 2605 782 2660 nisi
827 2622 943 2670 me,
995 2604 1303 2659 nationibus
1348 2605 1548 2659 exteris
1600 2605 2031 2660 commendavit?

202 2709 360 2763 cuius
397 2722 657 2778 umquam
697 2712 915 2778 propter
952 2706 1181 2763 salutem
1201 2747 1217 2770 ,
1269 2705 1377 2760 nisi
1415 2721 1591 2760 meam
1611 2747 1627 2771 ,
1676 2711 1896 2760 senatus
1933 2723 2028 2778 pu-

202 2809 339 2865 blice
367 2808 528 2863 sociis
555 2806 735 2880 populi
763 2806 990 2862 Romani
1010 2808 1225 2879 gratias
1251 2805 1398 2878 egit?
1479 2807 1554 2861 De
1595 2823 1683 2862 me
1715 2822 1823 2862 uno
1849 2812 2030 2878 patres

199 2911 490 2983 conscripti
529 2909 919 2973 decreverunt,
959 2915 1057 2974 ut,
1097 2909 1206 2980 qui
1235 2908 1618 2980 ⁴provincias
1657 2923 1799 2963 cum
1840 2908 2026 2980 impe·

202 3014 297 3069 rio
347 3011 748 3075 obtinerent,
806 3010 914 3083 qui
958 3016 1345 3082 quaest-ores
1397 3009 1731 3081 legatique
1779 3015 2023 3074 essent,

200 3112 473 3169 salutem
518 3117 581 3169 et
626 3111 824 3166 vitam
869 3126 1067 3165 meam
1118 3109 1547 3166 custodirent.
1639 3109 1701 3164 In
1753 3125 1861 3165 una
1905 3125 2023 3164 mea

201 3228 390 3268 caussa
427 3218 547 3286 post
579 3211 804 3266 Romam
833 3210 1101 3266 conditam
1136 3210 1337 3266 factum
1371 3217 1476 3275 est,
1517 3216 1577 3265 ut
1604 3209 1802 3266 litteris
1834 3225 2022 3265 consu-

201 3313 403 3371 laribus
453 3328 517 3366 ex
559 3313 1047 3379 senatusconsulto,
1102 3319 1335 3369 cuncta
1387 3329 1456 3367 ex
1511 3311 1727 3375 ltalia,
1776 3327 2019 3374 omneS‚

262 3551 298 3609 ³)
333 3547 438 3593 lbid.
475 3564 509 3594 ο.
529 3552 597 3593 60.
635 3549 775 3605 §128
