2210 3970
707 265 934 306 Annus
994 265 1041 303 u.
1100 265 1143 302 e.
1205 251 1328 303 710.
1825 254 1929 304 787

98 397 322 444 cohortari
351 412 437 443 non
474 396 846 455 intermittemus,
881 413 968 457 quo
1007 395 1055 439 in
1092 394 1187 439 dies
1227 394 1403 455 longius
1434 392 1637 438 discendo
1669 394 1926 438 exercendo·

20 460 29 532 ἶ
98 492 182 539 que
209 491 256 521 se
282 475 506 539 procedat.
554 475 697 520 Cicero
729 474 850 520 filius
877 475 930 519 ad
964 476 1164 520 Tironem
1197 473 1270 532 (ad
1302 475 1533 519 Famxw.
1560 474 1632 547 ².¹'
1663 474 1728 529 2.)
1764 473 1927 516 Grates

98 555 184 600 tibi
218 562 479 617 optatosque
510 569 634 610 esse,
678 552 757 613 qui
793 551 845 596 de
886 569 954 596 me
981 568 1179 597 rumores
1217 553 1494 613 afferuntur,
1527 567 1611 595 non
1650 550 1828 606 dubito,
1861 553 1924 595 mi

28 672 31 674 .
98 631 354 678 dulcissime
392 633 516 676 Tiro:
555 629 877 691 praestaboque
915 639 959 675 et
1000 632 1175 687 enitar,
1219 638 1271 674 ut
1302 632 1350 674 in
1387 628 1482 672 (lies
1512 630 1657 690 magis
1691 630 1922 690 magisque

25 728 29 744 ›
91 709 204 754 'haec
240 725 424 754 nascens
466 708 518 752 de
552 724 618 752 me
657 707 910 768 duplicetur
939 709 1102 770 opinio.
1137 734 1194 742 —-
1234 710 1418 752 Tantum
1446 708 1561 753 enim
1589 708 1701 751 mihi
1732 707 1923 751 dolorem

30 795 31 799 ’
96 787 427 849 cruciatumque
458 786 708 831 attulerunt
737 793 884 831 errata
924 788 1088 831 aetatis
1120 800 1270 840 meae,
1302 791 1355 828 ut
1392 800 1476 827 non
1512 783 1655 827 solum
1687 786 1863 827 animus
1895 801 1924 827 a

37 860 41 865 ’
86 864 270 925 factis,
318 863 399 910 sed
437 879 568 909 aures
612 880 782 925 quoque
815 882 842 908 a
875 864 1277 909 commemoratione
1309 862 1583 907 abhorreant.
1618 888 1677 897 —
1713 863 1923 923 Cratippo

16 952 19 960 '
93 958 190 999 me,
224 942 368 999 scito,
414 957 498 987 non
529 950 583 987 ut
625 943 926 1004 discipulum,
958 943 1039 988 sed
1081 949 1134 987 ut
1157 941 1316 1003 filium
1358 956 1453 985 esse
1497 941 1919 986 coniunctissimum.

93 1021 202 1064 Nam
234 1035 370 1081 quum
397 1018 531 1064 audio
558 1020 690 1066 illum
722 1019 937 1078 libenter,
971 1030 1066 1066 tum
1098 1024 1231 1067 etiam
1258 1021 1491 1084 propriam
1525 1018 1623 1063 eius
1653 1020 1921 1063 suavitatem

34 1119 36 1122 ·
92 1097 364 1144 vehementer
393 1097 645 1159 amplector.
711 1100 820 1143 Sum
849 1108 967 1145 totos
999 1099 1094 1144 dies
1124 1116 1223 1144 cum
1246 1115 1321 1155 eo,
1353 1100 1583 1160 noctisque
1612 1112 1921 1159 saepenumero

27 1224 30 1230 Δ
84 1183 276 1238 partem.
340 1176 493 1221 Exoro
520 1176 660 1234 enim,
695 1185 750 1222 ut
779 1194 945 1222 mecum
972 1196 1105 1240 quam
1144 1179 1405 1240 saepissime
1430 1184 1593 1223 caenet.
1658 1177 1752 1219 1100
1782 1176 1921 1220 intro·

24 1312 28 1315 ⁷
91 1253 227 1300 ducta
270 1254 614 1311 consuetudine,
666 1272 796 1317 saepe
836 1257 1127 1301 inscientibus
1169 1256 1295 1300 nobis
1337 1264 1382 1300 et
1425 1253 1715 1300 ructuantibus
1755 1247 1922 1314 obrepit

19 1355 22 1364 ⁴
89 1331 357 1396 sublataque
402 1334 637 1379 severitate
675 1333 990 1395 philosophiae
1025 1334 1340 1379 humanissime
1371 1334 1597 1379 nobiscum
1643 1332 1830 1375 iocatur.
1864 1356 1923 1364 —

17 1403 22 1418 ¹
89 1410 218 1470 Quid
240 1427 318 1474 ego
350 1410 403 1457 de
432 1414 614 1457 Bruttio
646 1412 829 1457 dicam?
861 1426 990 1472 quem
1020 1411 1144 1456 vaullo
1178 1421 1369 1474 tempore
1400 1429 1429 1456 a
1455 1428 1523 1455 me
1541 1411 1699 1472 patior
1729 1408 1921 1453 discede·

88 1505 166 1544 ης
211 1490 342 1535 cuius
382 1507 519 1552 quum
548 1491 690 1552 frugi
732 1506 966 1550 severaque
1008 1498 1076 1534 est
1116 1492 1242 1543 vita,
1286 1498 1382 1535 tum
1418 1491 1553 1534 etiam
1600 1488 1924 1533 iucundissima

22 1559 30 1604 ¹·
89 1568 316 1614 convictio.
361 1594 420 1604 -—-
462 1570 701 1614 Praeterea
745 1568 1031 1614 declamitare
1079 1570 1241 1612 Graece
1287 1567 1411 1629 apud
1460 1569 1661 1612 Cassium
1703 1567 1923 1618 institui,-

89 1647 249 1692 Latine
280 1653 428 1692 autem
454 1647 580 1708 apud
605 1649 836 1694 Bruttium
863 1648 1058 1693 exerceri
1088 1647 1198 1693 volo.
1267 1650 1375 1692 Utor
1397 1645 1717 1707 familiaribus
1747 1654 1790 1690 et
1816 1659 1921 1707 quo·

4 1753 13 1766 .=
85 1722 278 1769 tidianis
310 1723 661 1780 convictoribus,
702 1741 814 1787 quos
853 1741 1000 1769 secum
1044 1725 1275 1787 Mitylenis
1310 1726 1551 1786 Cratippus
1590 1723 1813 1778 adclusit,
1849 1723 1923 1767 ho-

30 1861 31 1865 *
86 1801 282 1849 minibus
314 1807 359 1846 et
385 1799 529 1847 doctis
567 1809 610 1847 et
638 1802 714 1847 illi
732 1803 1084 1864 probatissimis.
1147 1802 1339 1847 Multum
1373 1803 1488 1847 enim
1517 1819 1683 1846 mecum
1711 1810 1778 1846 est
1810 1802 1922 1863 Epi-

15 1871 27 1943 f
87 1887 258 1938 crates,
279 1876 494 1942 prince'ps
528 1880 890 1937 Atheniensium,
923 1888 967 1925 et
1000 1880 1211 1925 Leonides
1239 1889 1282 1926 et
1317 1882 1471 1926 horum
1504 1882 1639 1926 ceteri
1673 1879 1859 1926 similes.

163 1965 252 2043 (¹⁷)
292 1967 511 2035 Cicero,
552 1985 720 2041 quum
760 1985 858 2041 per
889 1968 1210 2024 Dolabellam
1254 1969 1337 2023 ins
1378 1968 1597 2024 haberet
1641 1967 1922 2041 legationis

83 2067 318 2132 liberae,
361 2075 687 2143 cuperetque
728 2069 898 2125 filium
934 2086 1093 2125 suum
1134 2069 1357 2125 Athenis
1385 2070 1557 2125 visere
1581 2112 1594 2134 ,
1635 2067 1919 2124 consilium

16 2163 25 2249 ’χ
81 2169 223 2241 oepit
266 2168 633 2249 insGraeciam
679 2169 1085 2243 proficiscendi;
1126 2169 1266 2242 quod
1310 2177 1487 2224 tamen
1538 2169 1642 2224 iter
1681 2186 1784 2224 non
1826 2169 1920 2224 ab·

16 2266 29 2318 ἶ
83 2261 256 2326 solvil.

144 2372 228 2417 cic.
262 2370 319 2417 ad
354 2377 445 2416 Att.
474 2384 570 2416 xlv.
604 2374 643 2415 7.
677 2374 718 2415 2.
784 2373 819 2414 Α
852 2372 1052 2416 Cicerone
1080 2372 1197 2416 mihi
1225 2371 1401 2416 litterae
1428 2388 1533 2415 sane
1561 2372 1913 2433 πεπινωμὲναι,

82 2459 125 2496 et
158 2450 260 2495 bene
304 2449 472 2511 longae.
520 2476 579 2483 —
628 2449 732 2494 Volo
781 2466 926 2494 mense
972 2450 1170 2508 Quintili
1218 2451 1264 2494 in
1317 2451 1559 2495 Graeciam.
1625 2450 1736 2496 lbid.
1767 2456 1836 2497 13.
1873 2457 1913 2498 4.

4 2517 38 2596 J
81 2528 382 2591 Proficiscor‚
422 2535 475 2572 ut
511 2528 854 2584 constitueram,
900 2528 1075 2590 legatus
1114 2530 1158 2573 in
1196 2530 1423 2572 Graeciam
1441 2529 1468 2571 ,⁹
1509 2555 1567 2561 —
1603 2530 1755 2573 Sentio
1789 2530 1916 2576 ralde

18 2607 30 2650 ἶ
81 2623 177 2652 esse
207 2605 322 2652 utile
353 2605 415 2650 ad
443 2607 823 2668 confirmationem
858 2606 1103 2663 Ciceronis,
1137 2623 1203 2651 me
1226 2607 1335 2651 illuc
1363 2608 1534 2651 tenire:
1562 2625 1638 2652 nec
1660 2608 1755 2652 alia
1786 2626 1913 2654 caus·

27 2707 31 2717 ν
79 2699 133 2729 sa
164 2683 466 2746 profectionis
507 2683 624 2729 mihi
664 2684 762 2729 ulla
786 2684 893 2744 fuit
930 2693 1054 2741 tum,
1094 2702 1230 2746 quum
1273 2686 1508 2730 consilium
1551 2688 1650 2747 cepi
1686 2686 1828 2748 legari
1858 2691 1915 2733 ab

84 2763 282 2808 Caesare.
332 2760 444 2806 lbid.
480 2763 551 2805 16.
586 2763 627 2804 3.
696 2762 833 2822 Cupio
873 2788 931 2794 -
968 2778 1197 2806 excurrere
1229 2763 1276 2807 iu
1313 2765 1554 2808 Graeciam.
1595 2766 1750 2827 Magni
1775 2767 1911 2811 inter·

82 2849 151 2886 est
187 2840 438 2896 Ciceronis,
470 2838 542 2883 vel
566 2853 661 2882 mea
678 2839 864 2898 potius,
895 2838 968 2882 vel
990 2839 1235 2884 mehercule
1266 2842 1531 2902 utriusque,
1564 2859 1633 2886 me
1648 2844 1911 2891 intervenire

4 2911 32 2981 f
79 2917 281 2963 discenti.
347 2915 456 2973 Ibid.
493 2918 563 2960 18.
599 2918 640 2960 4.
704 2915 804 2977 Ego
848 2932 904 2960 ea·
932 2916 1034 2973 his,
1076 2934 1189 2978 quae
1222 2921 1386 2979 parari
1409 2919 1559 2975 video,
1591 2937 1677 2966 non
1717 2924 1909 2970 multum

15 3014 37 3068 J,
77 2995 236 3042 Idibus
261 2995 439 3040 Martiis
471 2996 532 3053 [v.
551 3009 680 3054 supra
712 3009 754 3037 n.
771 2995 835 3052 3.]
862 2993 1116 3055 profectum
1144 2996 1305 3041 iudico.
1338 2999 1499 3059 Itaque
1516 2997 1568 3042 de
1597 3000 1781 3045 Graecia
1801 3002 1906 3063 quo—

14 3068 39 3139 ξ·
80 3075 191 3120 tidie
219 3074 364 3135 magis
393 3080 438 3117 et
476 3071 622 3133 ‘veagis
663 3072 818 3132 cogito.
868 3072 978 3117 lbid.
1003 3086 1078 3117 xv·
1114 3076 1155 3119 8.
1186 3079 1226 3119 1.
1291 3076 1446 3119 Etiam
1485 3077 1650 3138 scripsi
1680 3079 1742 3123 ad
1773 3083 1907 3126 Anto·

14 3145 35 3199 ³3
77 3154 201 3198 nium
238 3151 291 3197 de
325 3150 573 3213 legatione.-
607 3165 690 3203 ne,
733 3150 776 3192 si
806 3148 869 3193 ad
898 3149 1174 3195 Dolabellam
1211 3152 1355 3196 solum
1386 3154 1695 3214 scripsissem,
1732 3157 1907 3204 iracun-

12 3226 42 3273 ’Ἴέ
71 3231 163 3276 'dus
197 3230 320 3276 homo
351 3234 700 3274 commoveretur.
749 3226 858 3271 lbid.
888 3231 956 3272 11.
993 3232 1032 3274 4.
1097 3230 1330 3275 Dolabella
1358 3249 1425 3276 me
1466 3232 1557 3276 sibi
1599 3233 1764 3295 legavit
1792 3254 1833 3281 a.
1862 3237 1904 3282 d.

78 3319 142 3354 lv.
175 3310 322 3353 Nonas
353 3310 474 3366 [lun.
507 3322 569 3349 Ξ
601 3309 628 3350 2
655 3307 805 3365 lunii}
850 3307 910 3352 Id
937 3308 1050 3353 mihi
1075 3307 1171 3352 her⁷i
1199 3311 1371 3370 vesperi
1397 3312 1652 3357 nuntiatum
1680 3322 1759 3359 est.
1825 3318 1903 3361 Vo-

18 3393 42 3455 ξ
74 3385 169 3431 tiva
192 3402 246 3430 ne
275 3385 360 3431 tibi
387 3384 562 3446 quidem
587 3383 810 3445 placebat.
844 3412 903 3419 —-
937 3387 1131 3443 Habent,
1165 3388 1339 3447 opinor,
1375 3387 1538 3433 liberae
1561 3389 1803 3451 legationes
1829 3393 1901 3438 de-

15 3458 41 3483 Φ

19 3479 47 3566 2*
65 3462 257 3524 finitum
299 3470 473 3524 tempus
513 3462 604 3523 lege
640 3462 763 3507 Iulia
795 3465 856 3522 [ν.
884 3464 938 3508 ad
971 3483 1006 3510 a.
1027 3468 1128 3510 695.
1165 3467 1261 3523 6.];
1305 3482 1381 3509 nec
1410 3466 1558 3523 facile
1596 3469 1704 3513 addi
1733 3479 1902 3532 potest.

71 3542 183 3587 Aveo
210 3558 351 3603 genus
390 3541 650 3602 legationis,
697 3551 778 3600 ut,
822 3561 955 3603 quum
991 3543 1128 3606 velis,
1178 3543 1390 3600 introire,
1425 3546 1545 3589 exire
1591 3547 1746 3594 liceat:
1781 3550 1901 3611 quod

7 3628 48 3698 ‚732
1450 3624 1510 3672 67
1531 3634 1551 3654 *

26 3589 36 3606 ⁴»

25 3612 30 3620 ι
