2158 4030
913 225 985 237 -—
1029 210 1121 248 xm
1160 223 1235 235 ·····

138 348 385 422 quidquid
436 346 499 398 ab
545 343 656 396 aliis
695 340 961 395 Veteribus
1007 340 1071 391 de
1118 340 1354 391 Cicerone
1389 340 1627 406 scriptum
1668 343 1762 399 sit,
1808 354 1858 393 et
1907 343 1977 394 vi-

140 454 243 495 tam
287 439 351 492 ad
396 432 550 488 finem
595 449 755 501 usque
788 431 1081 500 perductam
1101 468 1113 488 ,
1149 445 1208 480 ea
1243 430 1407 479 omnia
1445 430 1630 479 conieci
1679 431 1730 480 in
1765 434 1974 483 alteram

141 531 305 600 operis
348 527 449 580 mei
494 534 713 593 partem;
761 522 908 574 cuius
942 536 1054 572 eam
1087 518 1282 570 videbis
1320 535 1428 570 esse
1462 520 1706 570 rationem
1728 560 1739 582 ,
1776 533 1834 572 ut
1875 539 1974 571 non

139 619 299 688 magis
342 615 517 669 haberi
551 615 708 682 possit
748 612 877 664 liber
925 610 1201 678 peculiaris,
1234 624 1386 674 quam
1433 610 1837 674 supplementum
1890 612 1978 661 ho-

139 726 253 762 rum
287 703 787 760 Commentariorum.
854 700 911 752 In
946 715 1071 765 quos
1104 715 1263 765 quum
1305 699 1370 749 sit
1414 706 1669 763 tamquam
1705 699 1979 750 Annotatio

142 796 500 865 Chronologica
518 832 532 854 ,
568 808 670 844 non
714 790 969 843 immerito
1002 788 1130 840 mihi
1170 789 1275 840 visa
1322 795 1400 838 est
1439 803 1583 854 posse
1618 788 1820 838 inscribi
1870 788 1980 838 An-

142 890 327 942 nales
372 882 819 940 ciceroniani,
870 879 924 930 in
957 879 1122 946 quibus
1171 877 1235 928 ad
1280 892 1417 927 suum
1457 892 1663 943 quaeque
1694 892 1875 927 annam
1907 894 1978 926 re-

123 949 392 1046 seruntur,
430 988 550 1041 quae
583 973 635 1023 im
672 971 747 1021 his
784 968 1259 1021 Commentariis
1307 974 1640 1017 memorantur.
1710 966 1856 1017 Hunc
1891 984 1978 1018 au-

137 1077 242 1120 tem
277 1045 465 1117 librum
484 1103 496 1123 ,
543 1063 632 1130 qui
678 1060 974 1112 brevissimo
1009 1074 1211 1125 quoque
1257 1066 1480 1123 tempore
1514 1058 1566 1106 in
1613 1058 1777 1107 lucem
1812 1057 1980 1123 prodi-

135 1159 240 1217 bit,
293 1156 494 1207 mittam
540 1153 604 1203 ad
652 1151 1047 1217 Oosterdykium
1080 1164 1251 1199 meum
1272 1186 1286 1208 ,
1320 1163 1539 1213 quocum
1571 1146 1697 1197 mihi
1732 1157 1783 1197 et
1831 1157 1981 1198 vetus

139 1254 191 1300 et
222 1258 405 1312 magna
439 1239 659 1292 amicitia
690 1246 780 1289 est.
852 1237 999 1297 Quod
1029 1237 1151 1301 quin
1187 1252 1306 1301 pace
1340 1245 1430 1286 tua
1458 1237 1686 1286 facturus
1721 1237 1840 1295 sim,
1878 1253 1981 1288 non

138 1333 348 1392 dubito,
401 1330 443 1382 si
485 1329 661 1380 dixero
708 1324 1103 1392 Oosterdykium
1137 1332 1191 1374 et
1224 1339 1374 1390 opera
1419 1332 1472 1375 et
1512 1326 1719 1375 consilio
1766 1327 1889 1376 mihi
1928 1330 1979 1378 in

139 1419 478 1489 conquirenda
518 1427 571 1470 et
616 1415 925 1485 disponenda
969 1414 1181 1465 materia
1215 1415 1286 1464 ita
1320 1422 1521 1480 praesto
1563 1414 1719 1465 fuisse
1766 1427 1825 1467 ut
1870 1419 1981 1468 iure

139 1512 282 1581 quasi
318 1525 411 1563 suo
444 1507 654 1561 alteram
700 1507 850 1559 istam
895 1513 1089 1575 partem
1123 1505 1358 1559 videatur
1399 1520 1545 1573 posse
1580 1505 1674 1556 sibi
1711 1507 1978 1557 vindicare.

167 1693 307 1745 Sed
334 1692 435 1744 iam
470 1690 533 1742 ad
568 1690 651 1749 id,
690 1689 824 1740 unde
860 1689 1071 1757 digressi
1108 1705 1314 1748 sumus,
1350 1698 1678 1740 revertamur.
1748 1687 1984 1754 Suspicor

138 1783 296 1852 igitur
329 1781 454 1833 mihi
488 1794 691 1858 quoque
727 1795 991 1830 occursum
1026 1779 1120 1837 iri,
1157 1788 1208 1829 ct
1237 1779 1441 1844 quidem
1478 1795 1505 1828 a
1532 1778 1693 1828 doctis
1728 1788 1780 1829 ct
1814 1780 1981 1829 erudi·

138 1872 206 1925 tis
245 1869 606 1940 quaerentibus
626 1908 639 1928 ,
689 1869 876 1921 satisne
910 1878 1048 1919 recte
1082 1864 1246 1919 facere
1288 1869 1490 1927 videar,
1526 1869 1614 1933 qui
1651 1870 1812 1918 varios
1847 1869 1982 1919 inter

139 1977 193 2015 se
237 1967 534 2014 connectere
581 1974 736 2010 ausus
789 1958 882 2009 sim
928 1958 1064 2007 locos
1109 1974 1172 2008 ex
1219 1959 1370 2009 variis
1411 1967 1463 2010 et
1514 1959 1719 2008 omnino
1769 1959 1981 2010 diversis

61 2027 67 2034 1
138 2052 334 2120 seriptis
367 2057 660 2117 excerptos:
707 2063 872 2114 neque
921 2049 1055 2098 enim
1100 2064 1201 2098 non
1246 2046 1496 2114 ignorari,
1541 2047 1832 2099 Ciceronem
1879 2065 1980 2100 non

139 2155 334 2208 semper
373 2140 552 2192 eodem
588 2138 740 2190 modo
785 2138 1037 2203 scripsisse
1057 2175 1070 2194 ‚
1107 2138 1204 2186 alio
1245 2137 1428 2203 quippe
1474 2153 1626 2187 usum
1668 2138 1866 2189 dicendi
1896 2156 1980 2206 ge-

137 2232 258 2283 nere
291 2231 345 2282 in
379 2228 647 2296 EpistoliS,
692 2243 817 2293 quas
858 2225 1165 2292 quotidianis
1211 2225 1378 2276 verbis
1424 2235 1596 2277 texere
1631 2229 1845 2287 soleret;
1881 2231 1981 2281 alio

135 2320 190 2370 in
222 2317 570 2378 Orationibus,
621 2317 674 2367 in
708 2317 893 2382 quibus
927 2323 1018 2365 aut
1052 2313 1291 2363 subtilius
1330 2314 1531 2365 locutus
1568 2317 1665 2374 sit,
1703 2319 1743 2367 si
1774 2335 1980 2373 caussae

133 2407 357 2475 privatae
391 2413 560 2458 essent
585 2414 638 2458 et
676 2416 889 2464 tenues,
937 2412 1033 2468 aut
1062 2403 1319 2466 ornatiuS,
1356 2405 1397 2454 si
1432 2405 1496 2455 de
1525 2406 1802 2472 capite'vel
1845 2410 1975 2461 sama

133 2504 400 2565 ageretur-3
436 2494 535 2546 alio
581 2495 798 2561 denique
834 2495 887 2545 in
933 2493 1398 2561 Disputationibus‚
1444 2511 1574 2561 quae
1613 2497 1770 2548 alium
1804 2517 1978 2565 quem·

133 2586 255 2638 dam·
295 2585 565 2638 verborum
616 2600 796 2635 sonum
847 2585 1179 2652 requirerent.
1264 2583 1448 2635 Fateor
1503 2587 1738 2651 equidem
1758 2628 1771 2647 ,
1825 2601 1977 2657 atque

133 2676 301 2728 etiam
327 2676 566 2744 profiteor
611 2683 803 2726 tantam
838 2691 948 2726 esse
993 2675 1340 2727 diversitatem
1386 2676 1626 2727 orationis
1670 2678 1724 2727 in
1765 2678 1979 2731 diversis

135 2766 331 2834 scriptis
375 2766 627 2818 Ciceronis
663 2774 723 2816 ut
757 2766 842 2816 vix
888 2766 1155 2832 quisquam
1199 2766 1485 2816 litterarum
1530 2768 1737 2833 peritior
1782 2772 1975 2822 nescire

137 2855 320 2922 possit,
354 2872 506 2923 quam
541 2855 668 2906 nihil
714 2855 875 2905 simile
918 2855 1100 2907 habeat
1145 2857 1354 2922 epistola
1383 2865 1474 2907 aut
1506 2857 1695 2909 iudicio
1735 2870 1826 2910 aut
1859 2877 1975 2912 con·

135 2945 294 3004 sioni,
329 2953 382 2996 et
414 2953 603 3012 quanto
631 2945 771 2995 aliud
800 2945 999 2997 dicendi
1028 2963 1189 3014 genus
1217 2946 1471 2997 desideret
1496 2948 1796 3014 disputatio,
1833 2951 1972 3003 aliud

134 3036 462 3094 deliberatio,
498 3034 637 3085 aliud
681 3045 852 3101 poscat
885 3038 1105 3104 gravitas
1152 3037 1400 3088 senatoria
1418 3075 1430 3098 ‚
1477 3037 1616 3087 aliud
1650 3054 1772 3089 aura
1817 3057 1972 3108 popu-

133 3126 282 3178 laris:
319 3135 372 3178 at
405 3125 485 3178 vel
519 3125 590 3176 sic
626 3133 795 3177 tamen
829 3128 1008 3179 dubito
1042 3145 1107 3178 an
1140 3127 1404 3178 diversitas
1438 3127 1564 3188 ista,
1600 3145 1729 3194 quae
1765 3132 1970 3184 omnino

135 3216 200 3268 de
235 3215 357 3268 totis
403 3214 637 3282 operibus
672 3218 835 3277 valet,
871 3219 1107 3284 cuiquam
1141 3219 1374 3270 videatur
1409 3226 1511 3268 tam
1553 3218 1655 3269 late
1698 3229 1869 3286 patere
1912 3228 1975 3274 ut'

137 3304 200 3357 ad
241 3304 464 3372 singulas
510 3307 785 3358 sententias
819 3309 975 3375 possit
1003 3309 1193 3359 referri.
1266 3307 1398 3366 Quin
1433 3307 1586 3360 etiam
1605 3349 1618 3368 ‚
1654 3309 1750 3359 nisi
1791 3327 1969 3363 sensus

8 3415 47 3479 2⁴
134 3409 217 3447 me
250 3401 395 3449 meus
429 3395 591 3450 omnis
621 3397 778 3457 fallit,
819 3405 958 3450 tanto
993 3399 1162 3451 minus
1197 3397 1515 3452 laborabitur
1530 3414 1591 3451 eo
1625 3400 1968 3462 incommodo,
