2210 3970
518 238 657 294 nx.
703 239 859 294 mxl,
903 239 941 312 3
969 245 1035 294 27
1078 271 1151 279 -
1191 256 1235 291 ο.
1262 239 1380 294 xii.
1426 239 1463 312 g
1491 245 1575 294 29.
1852 242 1955 292 467

126 405 320 460 genere
363 387 716 445 discesseris?
797 391 901 447 Sed
942 390 1101 454 haec,
1141 406 1308 462 quum
1345 390 1408 444 ad
1452 387 1839 462 philosophiam
1875 405 1960 442 co·

126 490 432 554 hortamur,
473 493 782 545 accuratius
814 491 1077 563 disputari
1105 490 1299 545 solent:
1341 490 1482 561 quod
1519 491 1573 544 in
1609 489 1963 544 Hortensio

129 591 373 646 l’eeimuS.

203 790 320 848 ΧΠ.
403 795 491 847 28.
534 793 1018 849 Academicam¹
1055 800 1236 849 autem
1267 809 1479 848 omnem
1509 793 1964 864 quaestionem

127 898 384 964 quattuor
417 891 570 948 libris
591 893 819 949 absolvi:
861 896 1041 950 neseio
1080 911 1242 967 quam
1264 894 1427 958 hene,
1467 892 1560 949 sed
1582 894 1658 947 ita
1677 898 1932 948 accurate
1952 933 1968 956 ,

127 998 191 1048 ut
212 991 347 1047 nihil
369 1001 551 1066 posset
578 1011 757 1067 supra.
838 996 942 1052 Et²
977 996 1114 1051 hanc
1135 994 1353 1068 quidem
1371 994 1702 1061 ἆκαδημικῆν
1721 991 1969 1056 σύνταξιν

125 1099 296 1149 totam
334 1092 402 1149 ad
455 1095 753 1151 Varronem
800 1096 1159 1151 traduximus·
1241 1095 1410 1150 Feei⁸
1450 1095 1619 1166 igitur
1660 1109 1963 1150 sermonem

127 1195 268 1250 inter
306 1210 403 1251 nos
433 1194 678 1252 habitum
708 1199 764 1253 in
795 1193 1062 1262 Cumano,
1103 1213 1273 1270 quum
1306 1203 1448 1252 esset
1477 1212 1586 1250 una
1620 1195 1962 1268 Pomponius,

126 1294 354 1352 Varroni
394 1295 515 1352 dedi
548 1304 729 1370 partes
763 1297 1149 1362 AntiochinaS,
1201 1313 1338 1369 quas
1376 1296 1442 1350 ab
1481 1297 1597 1367 ipso
1636 1295 1851 1367 probari
1884 1297 1963 1351 in·

123 1395 390 1453 tellexisse
436 1397 571 1453 mihi
623 1397 875 1453 videbar:
937 1398 1070 1453 mihi
1123 1398 1331 1469 sumpsi
1390 1395 1645 1451 Philonis.
1740 1395 1963 1451 Prim0⁴

122 1498 252 1555 haee
289 1497 613 1556 Academica
652 1515 779 1555 cum
819 1498 1006 1554 Catulo
1028 1541 1042 1563 ,
1084 1497 1335 1562 Lucullo,
1397 1497 1681 1552 Hortensio
1718 1495 1965 1553 contule·

120 1615 266 1656 ram:
307 1600 429 1656 sic⁸
467 1600 612 1656 enim
651 1600 1039 1656 constitueram
1062 1643 1075 1666 ,
1117 1600 1390 1655 neminem
1432 1597 1709 1653 includere
1752 1597 1810 1653 in
1850 1597 1961 1654 dia·

123 1701 271 1773 logos
310 1715 495 1758 eorum
517 1742 532 1766 ‚
591 1701 685 1774 qui
732 1701 994 1757 viverent.
1086 1700 1233 1757 Sed⁸
1291 1716 1420 1756 sane
1459 1701 1515 1754 in
1563 1716 1818 1772 personas
1856 1715 1963 1755 non

122 1799 398 1859 cadebant.
500 1802 672 1860 Erant
711 1804 858 1859 enim
909 1805 1268 1871 λογικώτερα,
1324 1817 1486 1875 quam
1536 1808 1599 1857 ut
1644 1800 1722 1856 illi
1778 1801 1845 1857 de
1896 1802 1966 1856 iis

58 1921 59 1925 ¹
123 1902 417 1959 somniasse
468 1918 728 1976 umquam
782 1902 1113 1959 viderentur.
1205 1903 1408 1960 Deinde
1429 1910 1468 1969 ⁷,
1533 1903 1659 1975 quia
1710 1903 1859 1971 παρὰ
1905 1904 1966 1958 τὸ

121 2004 312 2073 πρέπον
351 2003 665 2071 videbatur,
706 2004 847 2077 quod
888 2013 1007 2061 erat
1039 2005 1348 2061 hominibus
1377 2011 1500 2060 nota
1523 2048 1537 2070 ‚
1579 2022 1684 2060 non
1718 2004 1806 2059 illa
1848 2005 1964 2078 qui·

123 2105 245 2161 dem
290 2107 646 2169 ἀπαιδευσία,
702 2104 797 2161 sed
844 2107 900 2161 in
942 2108 1010 2161 iis
1050 2106 1212 2162 rebus
1269 2108 1518 2174 ἄτριψία,
1580 2105 1793 2160 eosdem
1847 2105 1966 2160 illos

124 2220 397 2262 sermones
436 2207 504 2263 ad
537 2207 790 2262 Catonem
825 2209 1166 2279 Brutumque
1192 2209 1398 2263 tratuli.
1480 2212 1567 2262 29.
1610 2207 1752 2262 Ecce
1779 2214 1961 2262 autem

125 2306 291 2362 Attici
329 2306 543 2363 litterae
581 2307 648 2362 de
688 2307 954 2362 Varrone:
995 2307 1234 2380 quihus⁸
1275 2308 1466 2362 scribit
1504 2314 1559 2362 et
1597 2306 1892 2362 desiderari
1933 2325 1965 2362 a

125 2407 392 2473 Varrone,
457 2416 513 2464 et
569 2409 753 2480 magni
802 2407 955 2463 illum
1009 2410 1311 2465 aestimare.
1414 2408 1773 2464 Commotus⁹
1817 2407 1964 2463 hisce

125 2508 352 2574 litteriS‚
377 2514 545 2564 totam
573 2508 919 2565 Academiam
943 2509 1010 2564 ab
1033 2509 1341 2565 hominihus
1369 2509 1719 2564 nobilissimis
1738 2508 1936 2565 abstuli
1953 2552 1966 2573 ‚

123 2608 418 2681 tratulique
457 2608 524 2664 ad
564 2615 815 2665 nostrum
845 2609 1111 2675 sodalem,
1153 2617 1207 2665 et
1235 2628 1301 2665 ex
1335 2609 1543 2665 duobus
1576 2610 1728 2665 libris
1762 2610 1966 2665 contuli

126 2710 183 2763 in
232 2716 508 2782 quattuor.
595 2710 919 2768 Grandiores
971 2719 1100 2767 sunt
1151 2714 1399 2773 omnino,
1452 2728 1616 2784 quam
1657 2720 1812 2767 erant
1858 2712 1969 2775 illi;

125 2808 218 2864 sed
249 2814 432 2866 tamen
466 2811 639 2867 multa
672 2810 933 2867 detracta.
1014 2813 1163 2868 Libri
1190 2813 1410 2885 quidem
1450 2814 1525 2868 ita
1561 2814 1811 2869 exierunt
1841 2814 1969 2887 (nisi

125 2909 262 2965 forte
291 2927 378 2966 me
444 2913 748 2967 communis
786 2914 1055 2982 φιλαυτία
1101 2914 1356 2987 decipit),
1418 2921 1478 2968 ut
1527 2915 1582 2967 in
1631 2913 1727 2968 tali
1772 2930 1968 2983 genere

130 3027 196 3066 ne
229 3012 373 3084 apud
394 3012 623 3069 Graecos
655 3012 875 3084 quidem
911 3016 1087 3071 simile
1125 3017 1438 3089 quidquam.
1519 3017 1580 3070 In
1604 3021 1648 3053 ¹⁰
1686 3016 1794 3080 eiS,
1834 3031 1971 3086 quae

124 3118 280 3166 erant
328 3121 518 3170 contra
556 3117 949 3183 ἀκαταληψίαν
995 3117 1270 3189 praeclare
1308 3118 1527 3172 collecta
1567 3116 1634 3171 ab
1680 3116 1971 3182 Antiocho,

189 3341 204 3362 ι
260 3329 316 3374 ad
350 3335 442 3378 Att.
476 3336 594 3379 xm.
630 3337 703 3379 19.
737 3336 822 3392 §a
858 3361 918 3369 -
952 3338 992 3393 2)
1027 3335 1135 3381 lbid.
1171 3339 1288 3381 xm.
1326 3342 1395 3382 16.
1448 3340 1472 3395 §
1506 3340 1548 3381 2.
1582 3365 1640 3375 ..-
1673 3340 1713 3396 ⁵)
1748 3338 1881 3399 Epist.
1915 3338 1970 3382 ad

129 3408 304 3453 Varron.
337 3410 413 3467 (ad
442 3414 562 3455 Fam.
596 3414 669 3456 IX.
697 3415 738 3456 8.
758 3414 783 3471 §
807 3414 871 3470 1.)
903 3438 963 3447 --
995 3414 1036 3472 4)
1053 3415 1107 3458 ad
1144 3417 1235 3460 Att.
1263 3419 1382 3459 XIII.
1414 3419 1484 3459 19.
1514 3419 1554 3459 5.
1590 3443 1649 3450 -—-
1683 3415 1853 3474 ⁵)1bid.
1888 3418 1972 3475 §3.

127 3486 168 3542 6)
186 3484 295 3531 Ibid.
330 3489 354 3544 ᾗ
388 3491 429 3532 5.
465 3516 523 3523 --
557 3493 597 3549 7)
631 3490 742 3536 Ibid.
777 3493 895 3536 XIII.
932 3496 1003 3537 16.
1043 3495 1068 3551 §
1106 3497 1145 3538 1.
1196 3521 1254 3527 —
1305 3496 1343 3551 ⁸)
1375 3492 1485 3538 lbid.
1519 3496 1639 3539 XIII.
1673 3496 1743 3538 19.
1774 3498 1798 3551 §
1836 3499 1876 3540 3.
1911 3521 1971 3528 —-

119 3563 158 3621 9)
193 3561 302 3608 lbid.
338 3566 453 3612 XIII.
489 3571 563 3613 13.
600 3570 682 3626 §L
721 3595 781 3604 —
818 3573 872 3629 ¹⁰)
908 3569 1019 3614 lbid.
1055 3573 1178 3615 XIII.
1216 3574 1286 3616 19.
1324 3574 1409 3628 §3.

1583 3649 1683 3696 30*
