2210 3970
244 297 350 349 746
716 308 1044 344 ANNALES
1103 307 1612 345 creationum.

245 435 438 498 timor,
478 449 524 486 a.
551 431 601 485 d.
627 447 700 484 111.
725 429 802 484 Id.
827 429 946 483 Iun.
979 428 1073 499 [·-..:
1106 427 1329 481 111unii
1354 433 1458 482 70²5
1480 454 1556 485 -τ
1581 433 1647 483 19
1679 432 1808 502 Apr.
1834 434 1905 484 49
1928 447 1974 484 a.
1997 433 2076 505 G.]

250 537 306 589 in
335 551 522 589 navem
551 531 898 594 conscendit,
939 536 1000 582 ut
1023 529 1336 599 Pompeium
1363 530 1417 581 in
1447 529 1725 584 Graeciam
1747 538 2091 602 sequeretur,

254 636 346 706 qui
369 641 480 689 toto
497 633 596 688 hoc
618 649 757 686 anno
786 647 916 685 usus
939 636 1020 684 est
1053 636 1114 682 ut
1133 631 1317 700 copias
1338 629 1574 701 undique
1595 637 1946 702 compararet.
1980 648 2093 685 vm.

255 754 301 791 c.
327 740 416 791 54.
453 739 523 790 92
563 752 683 806 sqq.

267 875 272 879 .
317 835 539 881 Plutarch.
566 835 650 879 Cic.
693 849 728 877 c.
755 835 827 876 38.
859 835 900 875 1.
943 834 1041 876 Τοῦ
1072 830 1126 876 δὲ
1162 835 1405 894 Καίσαρος
1435 835 1508 885 εἰς
1538 830 1759 894 Ἰβηρίαν
1786 831 2093 894 ἀπάραντος,

260 914 424 966 εὐθύς
459 912 523 965 ὡς
555 913 814 972 Πομπήιον
849 908 1059 955 ἔπλευσε.
1139 912 1217 954 Dio
1246 923 1335 955 XLI.
1369 927 1405 954 c.
1435 914 1503 954 18.
1539 916 1582 955 3.
1614 910 1781 963 ,Αὐτὸς
1810 909 1864 957 δὲ
1892 910 1944 968 (ὁ
1975 915 2098 955 Kat-

261 998 373 1056 σαρ)
414 995 463 1046 ἐς
501 993 586 1050 τήν
633 989 852 1050 Ἰβηρίαν
883 1015 942 1023 --
979 989 1222 1051 ὥρμησεν.
1267 987 1354 1033 κάν
1388 991 1542 1052 τούτῳ
1577 989 1720 1035 ἄλλοι
1755 1008 1806 1036 τε
1839 990 2098 1051 βουλευταὶ

263 1077 346 1119 καὶ
378 1072 406 1118 o‘
436 1071 685 1133 Κικέρων,
734 1067 853 1130 μηδὲ
888 1068 937 1121 ἒς
969 1067 1088 1128 ὄψιν
1121 1068 1186 1130 τῷ
1217 1071 1434 1127 Καίσαρι
1467 1067 1656 1125 ἐλθὼν,
1693 1070 1811 1132 πρὸς
1845 1070 1928 1116 τὸν
1962 1073 2096 1130 Πομ·

260 1153 408 1211 πήιον
449 1151 512 1203 ὥς
545 1166 596 1214 γε
630 1151 689 1195 τά
741 1165 791 1195 τε
825 1149 1116 1210 δικαιότερα
1158 1148 1433 1209 πράττοντα
1465 1152 1548 1194 καὶ
1596 1147 1662 1212 τῷ
1699 1150 1894 1211 πολέμῳ
1924 1150 2102 1213 κρατή·-

263 1248 414 1279 σοντα
446 1227 770 1290 ἀπεχώρησεν.
848 1227 1066 1273 Plutarch.
1095 1231 1239 1288 Pomp.
1268 1243 1304 1272 ο.
1337 1230 1410 1272 64.
1445 1232 1488 1273 3.
1530 1228 1754 1291 Κικέρων
1794 1227 1877 1286 δὲ,
1925 1233 2099 1292 καίπερ

265 1308 388 1357 ἄλλα
430 1309 674 1374 γεγραφὼς
710 1313 794 1354 καὶ
832 1304 1234 1368 βεβουλευμένος,
1283 1306 1414 1366 ὅμως
1448 1308 1729 1371 κατῃδέσθη
1760 1309 1825 1370 μή
1867 1308 2099 1372 γενέσθαι

266 1395 354 1436 τοῦ
398 1389 864 1451 προκινδυνεύοντος
899 1384 1119 1446 ἀριθμοῦ
1156 1387 1239 1441 τῆς
1265 1387 1516 1448 πατρίδος.
1581 1392 1732 1433 Caesar
1761 1393 1807 1433 B.
1827 1392 1868 1434 C.
1899 1402 1971 1434 111.
1998 1403 2040 1434 e.
2056 1391 2098 1433 3.

264 1471 531 1531 Pompeius,
566 1485 762 1512 annuum
798 1466 998 1527 spatium
1031 1463 1092 1507 ad
1120 1465 1440 1523 comparandas
1477 1467 1630 1526 copias
1655 1466 1846 1521 nactus,
1878 1465 1998 1526 quod
2026 1481 2103 1509 va-

264 1565 396 1592 cuam
423 1565 452 1591 a
479 1547 591 1591 bello
619 1555 753 1607 atque
776 1545 830 1588 ab
861 1545 983 1588 hoste
1010 1543 1202 1586 otiosam
1224 1542 1415 1600 fuerat,
1447 1561 1653 1607 ‘magnam
1680 1559 1736 1587 ex
1759 1544 1867 1586 Asia
1898 1542 2106 1605 Cycladi-

267 1627 432 1687 busque
478 1626 672 1678 insulis.
726 1625 943 1684 Corcyra,
980 1621 1191 1675 Athenis,
1224 1621 1398 1674 Ponto,
1433 1624 1680 1686 Bithynia,
1714 1624 1877 1686 Syria,
1915 1623 2100 1680 Cilicia,

264 1703 503 1759 Phoenice,
537 1705 736 1763 Aegypto
765 1701 952 1745 classem
978 1706 1180 1761 coegerat
1207 1707 1288 1743 cet.

343 1807 428 1883 (2⁵)
468 1807 744 1861 Adventus
785 1797 1056 1859 Ciceronis
1097 1804 1291 1857 ceteris
1326 1811 1514 1874 gratus
1563 1805 1700 1862 fuit:
1758 1807 1884 1862 Cato
1920 1811 2102 1860 autem

265 1886 419 1966 illum
456 1908 797 1978 conspicatus
839 1904 1023 1958 multis
1069 1903 1245 1957 verbis
1284 1905 1665 1975 reprehendit,
1704 1907 1846 1979 quod
1885 1908 2104 1977 Pompe-

267 2010 380 2063 ium
423 2015 641 2063 secutus
688 2013 844 2061 esset.
925 2005 1088 2059 Cuius
1129 2004 1288 2059 verba
1336 2007 1579 2061 animum
1625 2008 1895 2062 Ciceronis
1949 2007 2105 2061 flexe-

273 2115 420 2164 runt.
517 2108 713 2163 Videns
748 2107 979 2177 denique
1018 2103 1164 2159 nulla
1211 2121 1406 2176 magna
1457 2106 1511 2159 in
1563 2124 1621 2162 re
1656 2108 1968 2178 Pompeium
2010 2123 2109 2161 sua

271 2228 431 2283 opera
470 2210 583 2274 uti,
624 2226 728 2263 non
752 2207 965 2277 negavit
994 2222 1049 2259 se
1084 2203 1212 2259 facti
1234 2206 1317 2258 sui
1352 2207 1641 2278 poenitere.
1681 2226 1790 2263 vm.
1822 2226 1868 2262 c.
1894 2213 1982 2262 55.
2015 2210 2104 2262 95.

277 2337 286 2353 ν
338 2310 556 2357 Plutarch.
583 2310 667 2354 Cic.
694 2325 730 2353 c.
758 2311 829 2352 38.
860 2312 901 2352 1.
946 2310 1039 2352 Καὶ
1078 2315 1179 2358 τοῖς
1210 2305 1296 2366 μὲν
1331 2306 1501 2360 ἄλλοις
1534 2307 1764 2368 ἀσμένοις
1795 2307 1973 2368 ὤφθη,
2008 2310 2109 2355 Κά-

278 2409 376 2438 των
401 2391 444 2436 δ’
465 2388 616 2435 αὐτὸν
641 2388 757 2435 ἰδὼν
778 2389 884 2450 ἰδίᾳ
899 2389 1053 2434 πολλοὶ
1075 2387 1406 2448 κατεμέμφετο
1423 2392 1663 2451 Πομπηίῳ
1681 2382 2028 2451 προσθέμενον.
2047 2415 2109 2426 —-

276 2462 431 2519 Οὗτοί
459 2487 511 2516 τε
533 2469 592 2526 δή
618 2474 704 2514 τοῦ
727 2468 1004 2528 Κικέρωνος
1037 2467 1334 2530 ἀνέστρεφον
1370 2470 1418 2514 οἱ
1455 2470 1592 2532 λόγοι
1626 2470 1710 2527 τήν
1735 2467 2020 2532 γνώμηνκαὶ
2050 2470 2107 2516 τὸ

276 2551 397 2614 μέγα
428 2549 576 2610 μηδὲν
611 2549 743 2610 αὐτῷ
771 2551 991 2609 χρῆσθαι
1024 2549 1299 2607 Πομπήιον.
1365 2550 1543 2600 Λῖτιος
1573 2548 1617 2593 δ’
1639 2544 1696 2607 ἧν
1722 2548 1872 2601 αὐτὸς
1907 2550 1998 2595 οὐκ
2025 2549 2112 2612 ἆρ-

282 2633 512 2691 νούμενος
529 2627 891 2689 μεταμέλεσθαι
908 2663 918 2681 ,
943 2627 1216 2687 φλαυρίζων
1234 2626 1289 2673 δὲ
1313 2632 1401 2673 τοῦ
1418 2632 1680 2688 Πομπηίου
1699 2629 1781 2687 τήν
1807 2630 2109 2691 παρασκευήν
2198 2680 2200 2682 ,

281 2713 363 2756 καὶ
381 2709 499 2772 πρὸς
520 2710 577 2754 τὰ
596 2707 900 2768 βουλεύματα
918 2706 1250 2751 δυσκολαίνων
1268 2706 1494 2760 ὑπούλως
1511 2711 1594 2754 καὶ
1623 2713 1710 2755 τοῦ
1739 2709 2112 2771 παρασκώπτειν
2191 2698 2210 2747 ,³ss

280 2807 331 2835 τι
359 2793 442 2834 καὶ
475 2787 632 2850 λέγειν
665 2790 834 2848 χάριεν
870 2789 940 2838 εἰς
977 2791 1093 2838 τούς
1124 2787 1406 2847 συμμάχους
1436 2787 1528 2833 οὐκ
1560 2786 1879 2849 ἀπεχόμενος.

289 2902 291 2904 ’
359 2893 444 2968 (2⁶)
487 2892 680 2947 Caesar
718 2891 937 2944 interim
962 2893 1015 2944 in
1050 2891 1362 2963 Hispaniam
1397 2891 1699 2964 prosectUS,
1742 2910 1804 2948 ea
1837 2893 2114 2964 provincia

236 3041 239 3045 ,
279 2996 516 3067 potitur,
560 2992 825 3063 superatis
862 2993 1101 3065 Pompeii
1140 2992 1367 3063 legatiS,
1407 2993 1467 3049 L.
1504 2992 1758 3055 Afrani0‚
1797 2994 1863 3047 M.
1902 2994 2113 3048 Petreio

274 3089 330 3173 et
363 3095 430 3149 M.
473 3094 733 3149 Varrone.
954 3094 957 3098 ’

301 3189 306 3196 ’
341 3194 514 3241 Orosius
540 3207 603 3237 vr.
639 3196 767 3238 c.15.
800 3195 904 3236 Moa-
936 3193 1071 3253 Alpes
1105 3201 1380 3237 transvectus
1417 3192 1670 3236 Massiliam
1704 3193 1853 3249 venit,
1896 3193 1958 3238 acl
1981 3211 2114 3255 qaam

281 3272 619 3336 oppugnandam
654 3298 710 3306 --
751 3272 1008 3316 Treboniam
1043 3271 1322 3331 relinquen,
1356 3271 1418 3315 ad
1441 3271 1688 3332 Hispanias
1719 3271 1968 3327 contendit,
2001 3287 2115 3332 quas
2178 3327 2179 3330 Ἴ

282 3356 333 3399 L.
357 3352 577 3411 Afranius
601 3358 644 3394 et
665 3353 724 3394 M.
743 3350 951 3393 Petreius
979 3357 1022 3392 et
1051 3351 1106 3393 M.
1125 3351 1287 3405 Varro,
1320 3349 1582 3410 Pompeiani
1610 3348 1770 3403 duces,
1801 3365 1900 3392 cam
1929 3348 2113 3409 legioni·
2179 3359 2188 3370 ⁹

284 3430 364 3475 bus
396 3429 661 3472 obtinebant.
726 3427 798 3471 Ibi
824 3427 981 3470 multis
1013 3426 1205 3486 praeliis
1233 3428 1460 3472 Petreium
1493 3426 1817 3487 Afraniumque
1854 3435 2114 3487 superatae,

284 3507 526 3573 composita
550 3505 784 3566 pactione,
819 3504 1006 3549 dimisit.
1071 3507 1126 3548 In
1158 3504 1369 3548 ulteriore
1397 3521 1495 3549 vero
1524 3505 1747 3564 Hispania
1774 3504 1886 3548 duas
1923 3505 2113 3567 legiones

282 3603 309 3628 a
343 3587 400 3630 M.
436 3576 625 3628 Varrone
651 3583 859 3641 suscepit.
926 3582 1104 3644 Appian.
1136 3586 1179 3627 B.
1210 3586 1253 3627 C.
1289 3595 1337 3628 11.
1371 3599 1404 3626 c.
1435 3587 1506 3627 42.
1541 3580 1679 3628 Οὕτω
1710 3583 2057 3645 κρατυνάμενος
2084 3582 2113 3628 o‘
