2150 3990
151 3430 191 3453 a!

281 246 381 297 154
555 286 558 291 .
622 286 625 290 .
888 256 1095 292 alcano
1141 257 1208 292 nn
1260 255 1394 292 viu
1433 254 1536 293 suA

272 390 498 465 publicis
540 395 766 443 testatus
813 405 1016 453 essem,
1071 389 1178 443 fore
1200 431 1213 453 ,
1266 397 1326 443 ut
1366 387 1647 459 aliquando
1686 387 1879 458 aliquis
1916 391 2076 459 patri-

273 491 450 549 monio
488 488 814 560 naufraguS,
872 491 1123 543 inimicus
1168 491 1298 554 otii,
1351 490 1608 542 bonorum
1666 488 1868 553 hostis,
1925 488 2080 543 aliter

273 591 506 650 indicata
544 590 676 645 haec
714 606 829 645 esse
879 589 1115 653 diceret,
1172 607 1277 661 quo
1317 587 1560 652 faciliuS‚
1612 595 1768 642 vento
1807 588 1984 660 aliquo
2022 591 2081 643 in,

270 692 532 764 optimum
583 705 848 762 quemque
905 690 1168 753 excitato,
1227 692 1402 760 posset
1441 688 1497 742 in
1547 687 1703 742 malis
1758 688 2081 759 reipublicae

270 799 484 865 portum
523 807 745 845 suorum
784 789 1047 843 malorum
1088 789 1319 860 aliquem
1358 788 1615 875 invenire.
1693 788 1877 860 Itaque
1915 790 2078 843 intro-

269 892 446 946 ductis
473 891 530 944 in
564 895 810 944 senatum
838 887 1134 953 indicibus,
1175 888 1429 942 constitui
1450 894 1748 952 senatoreS,
1787 889 1880 960 qui
1900 889 2078 944 omnia

269 991 508 1046 indicum
559 989 702 1042 dicta
723 1029 737 1051 ‚
790 988 1118 1058 interrogata
1139 1030 1152 1052 ‚
1205 1003 1458 1059 responsa
1512 987 1919 1059 perscriberent.
2009 989 2079 1042 At

266 1107 398 1162 quos
435 1088 619 1145 viros?
674 1104 778 1142 non
819 1086 991 1141 solum
1031 1103 1243 1141 summa
1280 1089 1496 1142 virtute
1519 1094 1574 1142 et
1613 1087 1748 1149 fide;
1799 1088 1954 1142 cuius
1992 1105 2079 1159 ge·

264 1191 409 1245 neris
441 1190 498 1244 in
531 1195 722 1244 senatu
753 1187 979 1243 facultas
1012 1189 1274 1250 maxima;
1314 1189 1406 1243 sed
1440 1189 1636 1254 etiam,
1676 1205 1808 1261 quos
1845 1188 2074 1243 sciebam

264 1291 554 1355 memoria,
607 1290 832 1344 scientia
852 1331 867 1353 ,
938 1289 1322 1344 consuetudine
1373 1297 1427 1344 et
1483 1289 1754 1344 celeritate
1808 1288 2076 1344 scribendi

265 1391 516 1448 facillime
535 1433 550 1455 ‚
602 1407 738 1462 quae
788 1389 1099 1444 dicerentur
1118 1432 1132 1455 ,
1190 1390 1439 1462 persequi
1494 1401 1680 1461 posse:
1740 1389 1794 1443 C.
1835 1389 2076 1443 Cosconi-

261 1505 377 1556 um,
429 1493 523 1565 qui
561 1498 691 1546 tunc
731 1497 847 1545 erat
879 1498 1124 1562 praetor:
1173 1490 1240 1545 M.
1274 1489 1570 1544 Messallam
1591 1530 1607 1554 ,
1646 1490 1738 1560 qui
1777 1497 1894 1543 tum
1927 1505 2079 1561 prae-³

259 1599 439 1647 turam
477 1591 721 1663 petebat:
775 1592 832 1645 P.
866 1590 1141 1660 Nigidium
1161 1632 1175 1654 ‚
1216 1591 1349 1662 App.
1380 1589 1678 1644 Claudium.
1757 1587 1923 1643 Credo
1961 1604 2077 1643 esse

261 1692 529 1749 neminem
551 1734 566 1756 ‚
617 1692 710 1763 qui
756 1690 840 1745 his
884 1690 1192 1745 hominibus
1229 1690 1296 1745 ad
1333 1706 1458 1745 vere
1506 1689 1845 1745 referendum
1867 1696 1978 1745 aut
2018 1686 2076 1744 fi-

257 1792 377 1846 dem
409 1797 591 1864 putet,
631 1798 725 1846 aut
757 1792 1040 1863 ingenium
1067 1790 1315 1846 defuisse.
1380 1795 1466 1846 76.
1508 1790 1647 1858 Quid
1679 1790 1903 1846 deinde?
1945 1790 2074 1863 quid

256 1891 392 1946 feci?
434 1909 603 1963 quum
633 1891 831 1946 scirem
852 1933 867 1955 ‚
907 1892 982 1945 ita
1021 1891 1282 1946 indicium
1322 1892 1379 1946 in
1419 1890 1627 1946 tabulas
1663 1891 1903 1964 publicas
1940 1891 2076 1946 rela-

256 1999 403 2057 tum,
443 1999 505 2047 ut
543 1975 663 2047 illae
701 1991 914 2047 tabulae
950 1993 1158 2064 privata
1197 1999 1376 2047 tamen
1414 1993 1657 2048 custodia
1678 2035 1692 2058 ,
1731 2007 1880 2047 more
1910 1993 2072 2047 maio-

247 2109 377 2147 ·rum
397 2131 412 2156 ‚
458 2093 902 2154 continerentur;
955 2109 1060 2147 non
1098 2093 1397 2158 occultavi,
1424 2111 1426 2113 '
1449 2108 1554 2148 non
1605 2094 1861 2148 continui·
1892 2093 2036 2147 domi
2058 2127 2076 2158 ‚s

255 2192 348 2247 sed
379 2191 611 2246 describi
650 2191 716 2246 ab
754 2191 1002 2246 omnibus
1041 2194 1227 2249 statim
1266 2193 1502 2248 librariis
1521 2235 1537 2259 ‚
1576 2190 1743 2249 dividi
1781 2194 1981 2266 passim
2019 2200 2074 2248 et

253 2292 557 2366 pervulgari
591 2299 750 2364 atque
789 2291 874 2347 edi
913 2292 1116 2364 populo>
1143 2293 1383 2348 Romano
1411 2293 1689 2366 imperavi.
1766 2292 1934 2349 Divisi
1971 2295 2076 2348 toti

255 2393 439 2447 ltaliae
459 2434 473 2458 ‚
525 2394 683 2447 emisi
732 2394 789 2447 in
829 2409 1015 2448 omnes
1059 2394 1394 2466 provincias:
1454 2395 1570 2454 eius
1617 2394 1838 2459 indicii,
1899 2412 1928 2449 e
1966 2409 2072 2467 quo

251 2492 396 2548 sal-us
431 2491 609 2546 oblata
646 2498 787 2546 esset
830 2492 1107 2557 omnibUS,
1146 2500 1419 2566 expertem
1451 2504 1567 2550 esse
1605 2496 1875 2550 neminem
1907 2495 2076 2549 volui..

252 2593 438 2664 Itaque
454 2591 616 2646 credo
636 2633 651 2656 ‚
690 2591 867 2648 locum
906 2592 963 2646 in
994 2592 1121 2647 orbe
1153 2600 1423 2649 terrarum
1444 2609 1571 2648 esse
1604 2592 1841 2659 nullum,
1875 2611 1980 2666 quo
2013 2596 2067 2649 in

250 2692 362 2746 loco
412 2691 593 2764 populi
645 2691 870 2746 Romani
918 2709 1110 2748 nomen
1152 2695 1223 2749 sit
1242 2735 1259 2758 ‚
1304 2695 1439 2766 quin
1467 2694 1670 2750 eodem
1709 2696 2077 2768 perscriptum

251 2790 350 2848 hoc
388 2791 650 2846 indicium
697 2793 1014 2866 pervenerit.

328 2991 487 3053 XXV.
569 2996 657 3047 77.
718 2991 936 3046 Iudiciis
959 2999 974 3029 ¹
1031 2994 1283 3064 expositis
1340 2992 1500 3066 atque
1558 2996 1750 3061 editis,
1819 2995 2073 3051 senatum

251 3092 529 3156 consului,
570 3092 635 3146 de
673 3109 882 3146 summa
922 3092 1194 3164 republica
1232 3094 1360 3166 quid
1400 3094 1515 3149 fieri
1554 3096 1802 3168 placeret.
1882 3097 2064 3152 Dictae

252 3200 378 3247 sunt
427 3207 458 3249 a
508 3183 862 3265 principibus*
891 3195 1183 3249 acerrimae
1240 3212 1302 3249 ac
1353 3195 1673 3251 fortissimae
1735 3198 2062 3261 sententiae,

252 3309 386 3364 quas
437 3300 652 3347 senatus
692 3294 806 3348 sine
848 3294 953 3348 ulla
1005 3295 1260 3349 varietate
1300 3303 1380 3351 est
1420 3304 1751 3352 consecutus,
1833 3299 1899 3354 Et
1939 3315 2070 3370 quo-.

248 3443 455 3462 μ’*

315 3539 352 3595 ι)
387 3539 436 3584 ln
469 3534 690 3583 onitin.
724 3552 757 3580 ‹·.
779 3542 818 3580 6.
855 3540 891 3592 §-
914 3539 982 3582 13.
1047 3568 1076 3599 ,
