2158 4030
281 184 345 233 18
860 195 1067 232 (nonno
1115 196 1184 232 ni:
1234 196 1369 234 v1rA
1416 197 1520 234 sua

276 343 488 383 morum
521 329 757 400 suscepit
790 329 1103 384 inimicitias
1148 335 1202 384 et
1240 331 1488 385 maximis
1523 331 1577 384 in
1623 329 1892 384 laboribus
1931 347 2099 403 usque

277 432 344 488 ad
382 448 650 486 summam
694 435 1025 485 senectutem
1069 447 1280 485 summa
1313 448 1437 486 cum
1477 430 1646 502 gloria
1683 431 1835 484 vixit.
1913 431 2100 486 Postea

276 532 338 600 Q.
360 533 679 604 PompeiuS,
719 530 910 585 humili
950 536 1110 601 atque
1142 530 1368 584 obscuro
1393 531 1506 584 loco
1545 536 1733 595 natus,
1773 548 1946 585 nonne
1985 532 2096 602 plu·

277 632 433 687 rimis
466 631 768 685 inimicitiis
794 630 1150 700 maximisque
1183 631 1296 684 suis
1322 629 1575 700 periculis
1608 646 1670 684 ac
1695 630 1965 685 laboribus
1992 647 2100 685 am·
2151 675 2158 691 ,.

277 731 547 805 plissimos
580 731 806 786 honores
839 736 921 785 est
951 728 1212 800 adeptus?
1272 727 1422 783 Modo
1461 728 1515 782 C.
1550 729 1844 784 Fimbriam
1866 773 1880 795 ,
1921 731 1974 785 C.
1998 731 2101 785 Ma-

274 832 449 896 rium,
491 831 546 886 C.
594 830 831 885 Caelium
876 829 1111 884 vidimus
1149 844 1256 884 non
1295 826 1655 884 mediocribus
1700 829 2002 884 inimicitiis
2041 847 2104 885 ac

272 931 548 986 laboribus
588 930 938 994 contendere,
978 935 1041 984 ut
1079 927 1147 983 ad
1191 929 1322 982 istos
1367 927 1594 982 honores
1631 931 2001 1000 pervenirent,
2040 930 2107 986 ad

275 1047 409 1101 quos
449 1025 673 1102 'patricii
720 1046 817 1101 per
866 1027 1055 1082 ludum
1102 1034 1156 1082 et
1200 1010 1296 1099 per
1341 1027 1722 1099 negligentiam
1766 1032 2103 1102 perveniunt.

278 1131 420 1185 Haec
459 1128 645 1185 eadem
691 1129 796 1184 fuit
841 1134 1056 1183 nostrae
1088 1129 1314 1183 rationis
1340 1129 1488 1200 regio
1527 1136 1581 1184 et
1619 1130 1739 1185 via:
1781 1129 1972 1185 horum
2013 1148 2108 1186 nos

279 1229 560 1284 hominum
587 1236 790 1284 sectam
824 1234 984 1300 atque
1018 1228 1269 1283 instituta
1300 1230 1570 1300 persecuti
1603 1246 1807 1285 sumuS.
1886 1235 1976 1287 58.
2020 1231 2108 1285 Vi-

280 1330 567 1395 debamuS,
629 1336 831 1401 quanta
897 1335 1038 1383 esset
1089 1329 1145 1383 in
1209 1328 1445 1394 invidia,
1504 1337 1811 1402 quantoque
1875 1332 1932 1385 in
1991 1331 2111 1386 odio

278 1430 420 1502 apud
473 1428 731 1501 quosdam
776 1427 1019 1483 homines
1066 1428 1267 1484 nobiles
1307 1445 1565 1484 novorum
1617 1430 1897 1485 hominum
1936 1431 2111 1486 virtus

277 1537 331 1584 et
367 1529 661 1588 industria:
703 1529 749 1584 si
790 1527 1062 1583 tantulum
1096 1527 1277 1583 oculos
1322 1528 1676 1596 dejiceremus
1695 1545 1711 1595 ,
1749 1537 1963 1602 praesto
1995 1548 2110 1587 esse

278 1630 529 1686 insidias:
573 1631 619 1684 si
647 1629 818 1684 ullum
845 1629 1023 1684 locum
1055 1629 1398 1700 aperiremus
1422 1628 1716 1700 suspicioni
1742 1637 1837 1686 aut
1863 1632 2110 1697 crimini,

278 1730 652 1803 accipiendum
698 1747 815 1786 esse
863 1730 1051 1784 statim
1093 1728 1324 1791 vulnus;
1363 1745 1482 1785 esse
1525 1728 1678 1786 nobis
1729 1747 1940 1804 semper
1977 1733 2109 1804 vigi-

278 1831 499 1887 landum
520 1873 535 1896 ,
588 1847 800 1904 semper
842 1829 1192 1886 laborandum
1242 1829 1572 1887 videbamus
1647 1832 1866 1889 Etenim
1906 1834 2115 1889 tacitae

279 1933 454 2004 magis
480 1939 534 1987 et
566 1932 808 1987 occultae
846 1932 1166 1990 inimicitiae
1191 1931 1462 1988 timendae
1486 1938 1643 1998 sunt,
1683 1950 1846 2005 quam
1879 1934 2128 1991 indictae

280 2039 440 2104 atque
474 2039 706 2104 apertae.
785 2032 1076 2088 Hominum
1108 2031 1368 2088 nobilium
1402 2049 1508 2088 non
1542 2032 1652 2089 fere
1691 2035 1977 2106 quisquam
2023 2053 2112 2090 no·
2156 2059 2158 2061 ·

281 2139 426 2187 strae
454 2131 754 2186 industriae
784 2129 1022 2186 favebat:
1062 2130 1224 2186 nullis
1252 2133 1452 2187 nostris
1477 2131 1667 2189 officiis
1690 2133 2115 2191 benevolentiam

280 2232 496 2288 illorum
523 2232 738 2288 allicere
763 2238 1100 2304 poteramus:
1141 2232 1295 2304 quasi
1323 2239 1520 2290 natura
1544 2241 1599 2290 et
1630 2251 1826 2306 genere
1858 2235 2115 2293 disiuncti

280 2339 489 2398 essent,
530 2333 607 2387 ita
627 2330 960 2399 dissidebant
985 2347 1018 2386 a
1044 2331 1197 2387 nobis
1229 2334 1410 2389 animo
1442 2340 1496 2390 et
1515 2334 1805 2392 voluntate.
1849 2341 1937 2392 59.
1960 2338 2112 2408 Ego¹

280 2449 406 2487 vero
439 2439 590 2487 tanto
617 2431 898 2487 intervallo
924 2431 1160 2487 claustra
1187 2433 1292 2487 ista
1322 2432 1618 2489 nobilitatis
1644 2434 1870 2507 refregi,
1910 2443 1972 2491 ut
2006 2437 2115 2493 adi-

281 2540 371 2588 tus
397 2532 466 2588 ad
492 2532 833 2588 consulatum
858 2531 1109 2603 posthac,
1149 2532 1292 2587 sicut
1318 2532 1460 2605 apud
1492 2534 1722 2590 maiores
1748 2542 1958 2592 nostros
1985 2535 2117 2603 fuit,

282 2650 388 2689 non
421 2633 595 2705 magis
633 2631 931 2698 nobilitati,
971 2648 1135 2704 quam
1179 2632 1371 2687 virtuti
1415 2638 1639 2704 pateret.
1719 2633 2076 2702 Quamobrem
2096 2644 2117 2675 ²

287 2734 466 2806 quivis
511 2733 705 2790 haheat
747 2749 835 2787 me
887 2733 1066 2805 ipsum
1110 2732 1213 2787 sibi
1267 2732 1588 2789 documento
1607 2777 1622 2800 ,
1676 2752 1835 2807 quem
1882 2741 2120 2809 equestri
2147 2772 2158 2832 Ὗ

283 2840 464 2890 ortum
509 2832 624 2887 loco
663 2831 938 2890 consulem
983 2831 1154 2897 vidit,
1194 2849 1333 2904 quae
1370 2834 1513 2890 vitae
1551 2835 1638 2890 via
1678 2834 1931 2892 facillime
1975 2839 2118 2896 viros

283 2935 449 2991 bonos
469 2933 536 2989 ad
570 2933 825 2990 bonorem
853 2933 1280 3006 dignitatemque
1299 2933 1575 3006 perducat.
1617 2937 1730 3008 Ego
1749 2943 1771 2976 ³
1812 2940 1955 2994 enim
1983 2939 2118 3007 huc,

286 3051 317 3088 a
349 3052 435 3091 me
462 3042 613 3091 ortus
645 3042 699 3091 et
732 3052 828 3107 per
859 3051 945 3090 me
978 3035 1166 3100 niXUS,
1206 3035 1439 3092 ascendi.

365 3236 502 3290 XIV.
587 3243 672 3293 40.
716 3240 854 3294 Ante
874 3244 896 3276 4
936 3244 1174 3293 nostram
1208 3240 1522 3294 memoriam
1550 3246 1602 3295 et
1629 3257 1743 3296 mos
1777 3243 1889 3315 ipse
1915 3246 2123 3317 patrius

350 3393 389 3448 ¹)
422 3405 496 3451 pro
530 3393 705 3436 Murena
731 3408 766 3436 c.
786 3395 828 3439 8.
857 3394 966 3449 §12
999 3417 1056 3425 —
1092 3393 1129 3450 ²)
1157 3407 1232 3452 pro
1260 3390 1289 3437 l.
1311 3392 1490 3452 Agraria
1517 3395 1550 3438 1.
1582 3408 1619 3441 c.
1638 3396 1678 3438 9.
1722 3396 1746 3451 ᾗ
1779 3398 1852 3443 27.
1885 3424 1941 3433 -
1977 3401 2015 3458 5)
2049 3415 2124 3461 pro

292 3466 464 3513 Plancio
493 3483 530 3515 c.
548 3471 622 3514 27.
655 3471 679 3525 ᾗ
699 3472 770 3514 67.
805 3497 862 3504 -
897 3471 938 3529 4)
955 3468 1008 3513 de
1026 3468 1206 3530 Republ.
1225 3473 1274 3516 V.
1300 3485 1335 3516 e.
1356 3473 1396 3515 1.
1432 3472 1456 3528 §
1477 3473 1515 3515 1.
