2210 3970
274 226 379 276 4⁶2
885 239 1093 276 emano
1134 238 1202 275 DE
1247 238 1381 275 VITA
1422 239 1525 275 sm
1591 219 1595 223 ’

270 375 485 428 ritatem
535 378 587 426 ct
629 371 968 427 severitatem
1011 371 1300 444 quamdam
1339 371 1515 426 verbis
1555 378 1608 426 et
1647 373 1904 427 orationis
1943 377 2094 445 quasi

268 474 593 528 maestitiam
639 480 961 545 sequuntur;
1009 473 1254 545 quodque
1295 473 1370 526 ita
1404 472 1713 537 divisimus,
1755 481 1815 527 ut
1847 474 1938 528 alii
1978 492 2094 546 gra-

266 590 385 636 ves,
426 572 517 626 alii
558 578 773 639 tenueS,
815 574 906 628 alii
943 574 1230 645 temperati
1267 573 1463 627 vellent
1501 572 1700 637 videri,
1741 581 1871 645 quot
1903 574 2094 628 oratio-

267 689 396 726 num
436 690 632 744 genera
671 691 787 729 esse
826 674 1091 738 diximuS,
1130 673 1354 728 totidem
1388 679 1661 728 oratorum
1691 674 2055 746 reperiuntur.

339 874 576 930 XXVIII.
656 880 745 929 81.
787 874 976 941 Quod¹
1024 875 1277 945 quoniam
1324 874 1525 929 Brutus
1563 891 1651 930 me
1689 876 1902 947 saepius
1941 891 2091 945 roga-

260 983 438 1041 verat,
479 973 856 1046 aggrediebar,
897 991 1003 1030 non
1035 981 1147 1030 tam
1179 974 1491 1047 perficiendi
1531 992 1652 1048 spe,
1692 992 1855 1047 quam
1888 975 2090 1048 experi-

259 1076 390 1132 undi
427 1076 718 1130 voluntate.
797 1074 1055 1130 Malebam
1095 1076 1270 1140 enim,
1309 1092 1479 1148 quum
1513 1075 1692 1130 studio
1724 1076 1887 1130 huius
1920 1091 2092 1130 essem

259 1177 568 1242 obsecutus,
610 1175 903 1231 desiderari
932 1175 998 1230 ab
1038 1176 1153 1248 ipso
1192 1176 1535 1247 prudentiam
1570 1189 1776 1241 meam,
1816 1192 2004 1247 quam,
2045 1177 2103 1230 si

259 1278 311 1332 id
336 1295 439 1332 non
469 1276 743 1340 fecissem,
783 1275 1223 1331 benevolentiam.
1282 1277 1470 1350 Itaque
1489 1282 1511 1314 ²
1543 1275 1642 1331 hoc
1663 1293 1784 1330 sum
1806 1290 2091 1346 aggressus

256 1379 441 1433 statim
475 1377 711 1432 Catone
740 1375 1004 1438 absoluto;
1042 1392 1203 1448 quem
1231 1377 1409 1449 ipsum
1439 1393 1737 1450 numquam
1760 1377 2088 1447 attigissem,

255 1486 496 1550 tempora
531 1479 729 1531 timens
767 1477 989 1531 inimica
1025 1478 1249 1542 virtuti,
1290 1478 1395 1532 nisi
1434 1477 1608 1534 eidem
1649 1479 1819 1534 Bruto
1850 1477 2087 1532 hortanti

252 1587 306 1635 et
347 1578 491 1634 illius
531 1579 846 1633 memoriam
887 1578 1024 1631 mihi
1063 1594 1247 1632 caram
1281 1579 1540 1645 excitanti
1573 1595 1680 1633 non
1719 1595 1908 1651 parere
1941 1577 2089 1633 nefas

251 1696 366 1735 esse
417 1679 709 1733 duxissem.
808 1678 924 1733 De³
964 1678 1160 1733 Catone
1204 1678 1496 1748 πρόβλημα
1545 1679 1906 1747 Ἀρχιμήδειον
1954 1685 2086 1733 erat.

251 1781 363 1835 Non
405 1779 755 1851 assequebar,
809 1786 871 1834 ut
910 1778 1233 1844 scriberem,
1273 1778 1415 1851 quod
1453 1780 1545 1833 isti
1585 1795 1691 1833 non
1730 1779 1886 1834 modo
1918 1778 2085 1834 liben-

250 1889 361 1944 ter,
403 1881 495 1936 sed
535 1882 698 1936 etiam
739 1897 909 1952 aequo
947 1881 1126 1935 animo
1165 1880 1343 1952 legere
1382 1887 1614 1953 possent.
1709 1881 1849 1949 Quin
1890 1881 2101 1945 etiam,

248 1983 294 2036 si
334 1999 364 2036 a
405 1983 688 2036 sententiis
728 1982 844 2036 eius
884 1980 1080 2045 dictis,
1125 1981 1172 2034 si
1219 1979 1285 2035 ab
1324 1981 1471 2034 omni
1511 1980 1786 2035 voluntate
1825 1981 2084 2035 consiliis·

248 2100 380 2154 que,
420 2099 558 2153 quae
577 2082 642 2136 de
669 2081 943 2153 republica
971 2081 1189 2146 habuit,
1230 2080 1566 2144 recederem,
1591 2085 1865 2152 ψιλῶςᾳιιθ
1893 2081 2083 2136 vellem

246 2185 567 2256 gravitatem
607 2183 1071 2254 constantiamque
1111 2182 1228 2236 eius
1266 2181 1514 2243 laudare;
1553 2181 1652 2236 hoc
1692 2182 1870 2254 ipsum
1902 2189 2084 2237 tamen

248 2286 366 2339 istis
399 2279 643 2339 odiosum
682 2283 929 2350 ἄκουσμα
962 2290 1118 2338 esset.
1200 2286 1289 2338 82.
1333 2283 1436 2339 Sed
1468 2301 1593 2339 vere
1631 2282 1840 2338 laudari
1874 2283 1963 2339 ille
2000 2285 2084 2338 vir

247 2402 350 2438 non
387 2390 589 2456 potest,
630 2385 735 2438 nisi
775 2383 907 2438 haec
941 2391 1130 2438 ornata
1161 2385 1298 2440 sint:
1340 2384 1482 2456 quod
1522 2384 1611 2439 ille
1643 2399 1731 2450 ea,
1772 2402 1908 2457 quae
1939 2402 2083 2440 nunc

245 2492 400 2549 sunt,
440 2491 495 2539 et
528 2484 712 2538 sutura
737 2485 935 2539 viderit
967 2491 1046 2548 et,
1087 2501 1154 2539 ne
1189 2485 1407 2557 fierent,
1447 2485 1784 2540 contenderit
1823 2491 1900 2550 et,
1942 2486 2082 2539 facta

246 2604 312 2641 ne
350 2585 585 2649 videret,
637 2585 804 2639 vitam
843 2584 1141 2655 reliquerit.
1221 2586 1424 2639 Horum
1457 2586 1587 2656 quid
1621 2592 1737 2649 est,
1790 2585 1930 2656 quod
1965 2587 2082 2640 istis

245 2686 468 2759 probare
498 2683 808 2757 possemus?
889 2681 1020 2739 Cato
1041 2690 1063 2722 ⁴
1094 2685 1240 2739 enim
1273 2686 1350 2739 sic
1383 2684 1516 2739 abiit
1543 2695 1578 2739 e
1605 2685 1715 2739 vita
1748 2692 1809 2739 ut
1835 2702 2081 2740 caussam

246 2784 510 2841 moriendi
557 2790 779 2838 nactum
826 2800 883 2838 se
929 2801 1045 2839 esse
1084 2784 1357 2856 gauderet.
1451 2785 1721 2839 Tantam⁵
1765 2785 1875 2839 vim
1922 2786 2082 2840 habet

246 2886 549 2942 differentia
595 2893 944 2951 naturarum,
999 2893 1060 2940 ut
1112 2903 1516 2959 nonnumquam
1555 2892 1785 2941 mortem
1826 2887 1927 2940 sibi
1969 2888 2082 2958 ipse

247 2989 578 3043 consciscere
618 2986 814 3057 aliquis
855 2986 1078 3051 debeat,
1119 2988 1256 3042 alius
1295 2989 1351 3042 in
1391 2988 1574 3043 eadem
1616 3004 1807 3043 caussa
1845 3005 1950 3041 non
1991 2988 2077 3043 (le-

245 3091 383 3145 beat.
463 3088 603 3142 Num
636 3089 779 3142 enim
810 3087 912 3141 alia
943 3088 997 3140 in
1028 3105 1218 3142 caussa
1247 3089 1313 3143 M.
1343 3089 1470 3144 Cato
1504 3087 1632 3153 suit,
1663 3088 1717 3141 in
1752 3087 1855 3142 alia
1885 3089 2075 3152 ceteri,

198 3206 202 3211 ’
246 3192 337 3261 qui
366 3207 421 3243 se
450 3191 502 3242 in
528 3188 705 3243 Africa
735 3189 945 3244 Caesari
974 3189 1347 3244 tradiderunt?
1429 3191 1590 3261 Atqui
1624 3168 1818 3243 ceteris
1851 3188 2075 3244 forsitan

308 3466 344 3522 ¹)
377 3466 532 3510 Orator
570 3483 605 3510 c.
641 3471 681 3511 1.
717 3469 801 3524 §2
851 3494 910 3501 --
958 3470 998 3526 2)
1032 3466 1140 3512 lhid.
1177 3470 1306 3512 c.10.
1339 3468 1453 3525 §35
1504 3493 1562 3500 ——-
1611 3468 1650 3524 3)
1685 3465 1739 3510 ad
1773 3469 1865 3511 Att.
1899 3469 1994 3512 ΧΙΙ.
2031 3469 2071 3511 4.

246 3544 328 3599 §2
365 3570 420 3578 -
455 3545 495 3602 4)
529 3549 652 3590 Tusc.
690 3551 720 3590 1.
756 3563 789 3591 e.
811 3550 882 3592 30.
919 3550 1033 3606 §74.
1068 3575 1125 3582 -
1158 3550 1199 3605 ⁵)
1233 3547 1285 3590 <le
1317 3544 1440 3590 offic.
1476 3550 1507 3590 1.
1543 3561 1578 3589 ε».
1599 3549 1669 3590 31.
1701 3549 1847 3604 §112
1997 3538 2002 3540 ’
