2150 3990
515 242 677 300 1..v1.
721 262 766 298 ο.
790 242 898 298 xv.
941 242 981 315 3
1009 244 1076 296 36
1116 272 1190 281 -
1231 258 1274 295 ο.
1300 240 1434 295 Χνι.
1480 241 1518 314 g
1545 246 1630 295 59.
1881 243 1984 294 255

236 393 373 451 XVI.
454 399 540 450 58.
585 394 687 451 Sed
711 401 740 447 ¹:
769 410 931 467 quam
969 392 1141 449 multa
1167 408 1284 447 esse
1316 398 1524 463 oportet
1564 393 1620 446 in
1651 407 1744 455 eo,
1782 391 1877 462 qui
1914 391 1986 446 al-

162 503 338 551 terum
379 497 626 551 accuset!
724 496 968 550 Primum
1018 492 1385 564 integritatem
1424 498 1586 563 atque
1626 490 1986 546 innocentiam

158 595 508 667 singularem.
587 595 731 650 Nihil
770 602 853 651 est
891 596 1070 659 enim,
1129 592 1270 666 quod
1322 593 1504 648 minus
1555 590 1837 647 serendum
1881 590 1987 655 sit,

159 705 322 767 quam
355 695 620 750 rationem
646 695 712 750 ab
745 696 913 750 altero
939 696 1081 750 vitae
1113 710 1391 767 reposcere
1423 709 1578 757 eum,
1618 692 1712 764 qui
1739 707 1845 747 non
1872 706 1988 763 pos-

158 795 231 850 sit
265 809 398 849 suae
436 793 675 849 reddere.
755 795 888 850 Nam
908 801 930 834 2
963 796 1057 867 qui
1087 794 1191 850 sibi
1222 794 1323 850 hoc
1356 795 1619 866 sumpsit,
1659 799 1722 849 ut
1753 791 1989 861 corrigat

156 911 336 967 mores
365 894 596 950 aliorum
635 911 697 951 ac
730 903 952 968 peccata
979 896 1367 970 reprehendat,
1404 896 1528 968 quis
1557 894 1683 950 huic
1718 896 1990 967 ignoscat,

156 997 205 1052 si
238 1003 348 1069 qua
387 997 445 1051 in
483 1012 543 1052 re
595 997 708 1069 ipse
746 997 814 1053 ab
850 997 1108 1070 religione
1147 997 1309 1054 officii
1348 996 1675 1053 declinarit?
1754 997 1989 1070 Quapro-

158 1102 320 1170 pter³
357 1096 457 1153 hoe
490 1099 569 1153 ita
606 1098 912 1170 postulatur
941 1099 1009 1155 ah
1044 1099 1297 1155 omnihus
1316 1141 1332 1166 ,
1372 1106 1435 1156 ut
1467 1099 1536 1155 ab
1567 1099 1636 1154 iis
1668 1115 1726 1154 se
1758 1098 1989 1154 abstine-

157 1204 253 1252 ant
269 1198 518 1254 ‘maxime
538 1200 687 1255 vitiis
699 1241 715 1266 ,
741 1201 799 1254 in
819 1199 1016 1272 quihus
1036 1200 1268 1256 alterum
1290 1200 1750 1273 reprehenderint.
1790 1200 1990 1255 Furem

156 1297 389 1370 aliquem
439 1305 536 1353 aut
573 1314 824 1371 rapacem
870 1299 1186 1353 accusaris?
1237 1299 1459 1354 vitanda
1498 1299 1597 1353 tihi
1636 1315 1851 1370 semper
1885 1300 1993 1353 erit

154 1397 335 1452 onmis
369 1398 628 1453 avaritiae
670 1398 925 1470 suspicio.
1004 1397 1307 1453 Maleficum
1345 1398 1657 1470 quempiam
1699 1397 1993 1454 adduxeris

153 1501 250 1552 aut
274 1495 597 1553 crudelem?
649 1496 949 1552 cavendum
989 1497 1096 1552 erit
1127 1513 1368 1569 semper,
1406 1513 1476 1553 ne
1508 1513 1617 1569 qua
1649 1497 1707 1551 in
1742 1513 1809 1552 re
1841 1514 1990 1571 aspe-

154 1597 267 1653 rior
309 1600 406 1652 aut
455 1595 806 1653 inhumanior
826 1630 828 1636 ι
849 1595 1019 1652 fuisse
1064 1596 1298 1652 videare.
1378 1597 1758 1671 Corruptorem
1779 1640 1795 1663 ,
1840 1597 1990 1654 adul-

156 1696 372 1754 term?
405 1697 796 1771 providendum
827 1696 1144 1770 diligenter,
1184 1714 1252 1752 ne
1284 1696 1428 1770 quod
1461 1697 1517 1752 in
1550 1698 1662 1753 vita
1698 1698 1991 1771 vestigium

154 1797 397 1854 lihidinis
445 1805 714 1872 appareat.
790 1797 1000 1854 'Omnia
1051 1803 1346 1871 postremo,
1402 1814 1543 1871 quae
1588 1798 1884 1854 vindicaris
1934 1800 1991 1855 in

154 1897 351 1964 altero,
401 1897 502 1954 tihi
548 1899 652 1973 ipsi
698 1898 1044 1955 vehementer
1084 1898 1339 1972 fugienda
1381 1905 1528 1955 sunt.
1619 1899 1837 1956 Etenim
1883 1917 1992 1957 nou

154 1997 311 2054 modo
340 2005 655 2066 accusator,
693 1999 788 2055 sed
821 2016 889 2055 ne
923 1999 1236 2071 obiurgator
1266 1998 1486 2071 quidem
1520 1997 1773 2055 serendus
1804 2006 1889 2055 est
1920 2002 1991 2065 is,

153 2099 278 2172 qui,
316 2099 459 2189 qpod
497 2101 554 2156 in
594 2101 764 2157 altero
799 2102 997 2156 vitium
1036 2099 1417 2173 reprehendit,
1458 2101 1514 2155 in
1553 2117 1616 2155 eo
1655 2102 1769 2174 ipse
1807 2101 1991 2173 depre-

155 2197 429 2255 henditur.
497 2204 592 2256 59.
627 2199 831 2256 Deinde
851 2205 874 2239 ⁴
904 2206 1277 2256 accusatorem
1305 2200 1524 2255 firmum
1550 2216 1848 2272 verumque
1874 2217 1991 2256 esse

153 2306 390 2372 oportet:
431 2301 563 2357 cui⁸
601 2302 658 2356 in
697 2307 935 2357 mentem
967 2302 1184 2366 veniat,
1224 2301 1355 2373 quid
1393 2302 1597 2374 negotii
1628 2303 1704 2357 sit
1740 2317 1991 2358 caussam

155 2400 426 2472 publicam
469 2403 768 2466 sustinere:
817 2404 987 2458 vitam
1026 2402 1252 2457 alterius
1291 2408 1459 2457 totam
1508 2402 1780 2475 explicare
1830 2409 1994 2475 atque

156 2514 276 2558 eam
320 2518 429 2558 non
479 2502 640 2558 modo
683 2505 742 2558 in
793 2504 991 2559 animis
1043 2502 1316 2568 iudicum,
1369 2503 1463 2558 sed
1509 2504 1675 2558 etiam
1720 2505 1777 2558 in
1822 2502 1995 2559 oculis

155 2606 552 2677 conspectuque
601 2605 845 2660 omnium
884 2620 1182 2678 exponere;
1234 2605 1504 2660 sociorum
1543 2604 1773 2660 salutem
1795 2647 1810 2670 ,
1850 2622 1991 2660 com-

154 2702 315 2760 moda
364 2705 766 2776 provinciarum
786 2749 802 2772 ,
858 2706 971 2760 vim
1023 2705 1235 2779 legum,
1287 2705 1611 2777 gravitatem
1664 2706 1990 2762 iudiciorum

157 2802 457 2861 defendere.
533 2806 727 2879 Magna
744 2812 768 2846 θ
800 2813 929 2862 sunt
956 2823 1049 2872 ea,
1089 2822 1227 2879 quae
1253 2804 1390 2860 dico.
1470 2805 1737 2870 Dicenda,
1774 2806 1990 2862 demon·

157 2903 405 2970 stranda,
445 2906 771 2979 explicanda
815 2913 943 2963 sunt
982 2907 1190 2963 omnia:
1244 2922 1436 2961 caussa
1474 2921 1581 2959 non
1619 2905 1795 2960 solum
1830 2923 1991 2978 expo-

158 3003 332 3060 nenda
351 3046 368 3070 ,
420 3005 514 3061 sed
561 3006 730 3062 etiam
769 3009 1007 3079 graviter
1040 3008 1369 3080 copioseque
1406 3005 1613 3077 agenda
1650 3012 1749 3061 est.
1830 3006 1991 3061 Perfi-

157 3103 410 3161 ciendum
447 3112 559 3171 est,
608 3107 658 3161 si
696 3107 829 3180 quid
867 3124 1025 3179 agere
1064 3114 1161 3163 aut
1199 3106 1457 3179 perficere
1495 3106 1606 3170 viS,
1648 3111 1709 3160 ut
1746 3104 1991 3163 homines

158 3211 211 3260 te
257 3222 363 3260 non
409 3206 583 3262 solum
631 3207 883 3274 audiant,
933 3225 1123 3264 verum
1162 3209 1327 3263 etiam
1373 3206 1603 3261 libenter
1646 3205 1991 3280 studioseque

222 3399 260 3457 ⁸)
291 3380 480 3446 Divinat.
517 3399 565 3444 in
597 3404 712 3446 Caec.
746 3415 783 3446 c.
802 3403 843 3446 9.
878 3402 995 3459 §27.
1031 3428 1089 3436 —
1125 3405 1161 3461 ²)
1194 3402 1238 3445 in
1273 3404 1449 3444 Verrem
1485 3404 1581 3445 Act.
1620 3404 1673 3445 11.
1709 3405 1854 3447 1..111.
1889 3407 1985 3447 c.1.

157 3477 246 3534 §2
282 3502 338 3511 —-
370 3479 411 3537 ³)
442 3477 667 3524 lbid.c.2.
701 3479 790 3535 §4.
823 3503 883 3512 -
913 3481 955 3538 4)
985 3479 1172 3526 Divinat.
1195 3479 1237 3523 in
1269 3477 1422 3525 Caeci).
1445 3492 1479 3523 c.
1501 3479 1540 3522 9.
1570 3480 1684 3538 529.
1720 3507 1778 3514 -
1810 3483 1851 3540 ⁵)
1881 3479 1988 3525 lbid.

162 3569 197 3600 c.
216 3556 259 3603 8.
283 3556 398 3614 §22
432 3581 487 3594 -
523 3559 564 3617 6)
595 3554 705 3602 lbid.
737 3570 772 3601 c.
792 3558 863 3601 12.
896 3556 1012 3613 §39-
