<?xml version="1.0" encoding="UTF-8"?>
<!DOCTYPE html PUBLIC "-//W3C//DTD XHTML 1.0 Transitional//EN"
    "http://www.w3.org/TR/xhtml1/DTD/xhtml1-transitional.dtd">
<html xmlns="http://www.w3.org/1999/xhtml" xml:lang="en" lang="en">
 <head>
  <title>
</title>
<meta http-equiv="Content-Type" content="text/html;charset=utf-8" />
  <meta name='ocr-system' content='tesseract 3.04.00' />
  <meta name='ocr-capabilities' content='ocr_page ocr_carea ocr_par ocr_line ocrx_word'/>
</head>
<body>
  <div class='ocr_page' id='page_1' title='image "./mtulliiciceronis00suriuoft/mtulliiciceronis00suriuoft_0427.png"; bbox 0 0 2210 3970; ppageno 0'>
   <div class='ocr_carea' id='block_1_1' title="bbox 0 2011 4 2575">
    <p class='ocr_par' dir='ltr' id='par_1_1' title="bbox 0 2011 4 2575">
     <span class='ocr_line' id='line_1_1' title="bbox 0 2011 4 2575; baseline 0 0"><span class='ocrx_word' id='word_1_1' title='bbox 0 2011 4 2575; x_wconf 95' lang='lat' dir='ltr'><strong> </strong></span> 
     </span>
    </p>
   </div>
   <div class='ocr_carea' id='block_1_2' title="bbox 576 264 2025 339">
    <p class='ocr_par' dir='ltr' id='par_1_2' title="bbox 576 264 2025 339">
     <span class='ocr_line' id='line_1_2' title="bbox 576 264 2025 339; baseline 0.001 -18"><span class='ocrx_word' id='word_1_2' title='bbox 576 264 744 322; x_wconf 80' lang='lat' dir='ltr'><strong>L.1x.</strong></span> <span class='ocrx_word' id='word_1_3' title='bbox 786 266 943 322; x_wconf 78' lang='lat' dir='ltr'><strong>0.x1.</strong></span> <span class='ocrx_word' id='word_1_4' title='bbox 987 264 1119 339; x_wconf 72' lang='lat'><strong>§32</strong></span> <span class='ocrx_word' id='word_1_5' title='bbox 1159 294 1204 304; x_wconf 89' lang='lat'>-</span> <span class='ocrx_word' id='word_1_6' title='bbox 1273 279 1319 317; x_wconf 72' lang='grc' dir='ltr'><strong>ο.</strong></span> <span class='ocrx_word' id='word_1_7' title='bbox 1346 264 1456 319; x_wconf 87' lang='lat' dir='ltr'><strong>xn.</strong></span> <span class='ocrx_word' id='word_1_8' title='bbox 1500 264 1539 338; x_wconf 64' lang='lat' dir='ltr'>g</span> <span class='ocrx_word' id='word_1_9' title='bbox 1565 270 1653 320; x_wconf 76' lang='lat'><strong>35.</strong></span> <span class='ocrx_word' id='word_1_10' title='bbox 1917 270 2025 322; x_wconf 74' lang='lat'><strong>409</strong></span> 
     </span>
    </p>
   </div>
   <div class='ocr_carea' id='block_1_3' title="bbox 108 408 2032 1393">
    <p class='ocr_par' dir='ltr' id='par_1_3' title="bbox 108 408 2032 1393">
     <span class='ocr_line' id='line_1_3' title="bbox 192 408 2025 490; baseline -0.001 -17"><span class='ocrx_word' id='word_1_11' title='bbox 192 408 297 473; x_wconf 64' lang='lat'><strong>35.</strong></span> <span class='ocrx_word' id='word_1_12' title='bbox 339 415 443 472; x_wconf 63' lang='grc' dir='ltr'><strong>ΕΝ</strong></span> <span class='ocrx_word' id='word_1_13' title='bbox 496 424 675 473; x_wconf 88' lang='lat' dir='ltr'><strong>tamen</strong></span> <span class='ocrx_word' id='word_1_14' title='bbox 714 417 816 473; x_wconf 87' lang='lat' dir='ltr'><strong>alia</strong></span> <span class='ocrx_word' id='word_1_15' title='bbox 855 432 1065 490; x_wconf 87' lang='lat' dir='ltr'><strong>quoque</strong></span> <span class='ocrx_word' id='word_1_16' title='bbox 1108 431 1194 471; x_wconf 89' lang='lat' dir='ltr'><strong>res</strong></span> <span class='ocrx_word' id='word_1_17' title='bbox 1227 431 1314 471; x_wconf 90' lang='lat' dir='ltr'><strong>me</strong></span> <span class='ocrx_word' id='word_1_18' title='bbox 1354 415 1551 472; x_wconf 83' lang='lat' dir='ltr'><strong>Romae</strong></span> <span class='ocrx_word' id='word_1_19' title='bbox 1591 416 1793 477; x_wconf 86' lang='lat' dir='ltr'><strong>tenuit;</strong></span> <span class='ocrx_word' id='word_1_20' title='bbox 1845 432 2025 489; x_wconf 84' lang='lat' dir='ltr'><strong>exspe—</strong></span> 
     </span>
     <span class='ocr_line' id='line_1_4' title="bbox 205 512 2027 573; baseline -0.001 -1"><span class='ocrx_word' id='word_1_21' title='bbox 205 518 371 572; x_wconf 90' lang='lat' dir='ltr'><strong>ctatio</strong></span> <span class='ocrx_word' id='word_1_22' title='bbox 420 533 602 573; x_wconf 87' lang='lat' dir='ltr'><strong>rerum</strong></span> <span class='ocrx_word' id='word_1_23' title='bbox 647 517 1039 572; x_wconf 78' lang='lat' dir='ltr'><strong>Africanarum.</strong></span> <span class='ocrx_word' id='word_1_24' title='bbox 1136 512 1432 570; x_wconf 81' lang='lat' dir='ltr'><strong>Videbatur</strong></span> <span class='ocrx_word' id='word_1_25' title='bbox 1475 516 1621 571; x_wconf 91' lang='lat' dir='ltr'><strong>enim</strong></span> <span class='ocrx_word' id='word_1_26' title='bbox 1660 514 1793 570; x_wconf 89' lang='lat' dir='ltr'><strong>mihi</strong></span> <span class='ocrx_word' id='word_1_27' title='bbox 1834 531 1921 571; x_wconf 90' lang='lat' dir='ltr'><strong>res</strong></span> <span class='ocrx_word' id='word_1_28' title='bbox 1973 518 2027 570; x_wconf 89' lang='lat' dir='ltr'><strong>in</strong></span> 
     </span>
     <span class='ocr_line' id='line_1_5' title="bbox 203 613 2027 691; baseline -0.002 -18"><span class='ocrx_word' id='word_1_29' title='bbox 203 618 564 691; x_wconf 84' lang='lat' dir='ltr'><strong>propinquum</strong></span> <span class='ocrx_word' id='word_1_30' title='bbox 597 616 827 671; x_wconf 89' lang='lat' dir='ltr'><strong>adducta</strong></span> <span class='ocrx_word' id='word_1_31' title='bbox 855 616 1162 672; x_wconf 83' lang='lat' dir='ltr'><strong>discrimen.</strong></span> <span class='ocrx_word' id='word_1_32' title='bbox 1240 613 1501 670; x_wconf 81' lang='lat' dir='ltr'><strong>Putabam</strong></span> <span class='ocrx_word' id='word_1_33' title='bbox 1534 621 1716 670; x_wconf 89' lang='lat' dir='ltr'><strong>autem</strong></span> <span class='ocrx_word' id='word_1_34' title='bbox 1750 631 1868 670; x_wconf 88' lang='lat' dir='ltr'><strong>mea</strong></span> <span class='ocrx_word' id='word_1_35' title='bbox 1902 631 2027 669; x_wconf 90' lang='lat' dir='ltr'><strong>non·</strong></span> 
     </span>
     <span class='ocr_line' id='line_1_6' title="bbox 203 715 2031 791; baseline -0.001 -18"><span class='ocrx_word' id='word_1_36' title='bbox 203 717 338 773; x_wconf 85' lang='lat' dir='ltr'>nihil</span> <span class='ocrx_word' id='word_1_37' title='bbox 371 719 656 782; x_wconf 86' lang='lat' dir='ltr'><strong>interesse,</strong></span> <span class='ocrx_word' id='word_1_38' title='bbox 695 717 956 791; x_wconf 88' lang='lat' dir='ltr'><strong>quidquid</strong></span> <span class='ocrx_word' id='word_1_39' title='bbox 994 716 1141 772; x_wconf 90' lang='lat' dir='ltr'><strong>illinc</strong></span> <span class='ocrx_word' id='word_1_40' title='bbox 1180 716 1488 771; x_wconf 88' lang='lat' dir='ltr'><strong>nuntiatum</strong></span> <span class='ocrx_word' id='word_1_41' title='bbox 1522 722 1692 780; x_wconf 88' lang='lat' dir='ltr'><strong>esset,</strong></span> <span class='ocrx_word' id='word_1_42' title='bbox 1731 733 1836 771; x_wconf 92' lang='lat' dir='ltr'><strong>non</strong></span> <span class='ocrx_word' id='word_1_43' title='bbox 1875 715 2031 787; x_wconf 84' lang='lat' dir='ltr'><strong>longe</strong></span> 
     </span>
     <span class='ocr_line' id='line_1_7' title="bbox 203 817 2029 874; baseline -0.002 0"><span class='ocrx_word' id='word_1_44' title='bbox 203 819 387 874; x_wconf 88' lang='lat' dir='ltr'><strong>abesse</strong></span> <span class='ocrx_word' id='word_1_45' title='bbox 425 835 456 874; x_wconf 90' lang='lat' dir='ltr'><strong>a</strong></span> <span class='ocrx_word' id='word_1_46' title='bbox 500 818 738 873; x_wconf 89' lang='lat' dir='ltr'><strong>consiliis</strong></span> <span class='ocrx_word' id='word_1_47' title='bbox 770 819 1085 874; x_wconf 86' lang='lat' dir='ltr'><strong>amicorum.</strong></span> <span class='ocrx_word' id='word_1_48' title='bbox 1176 817 1308 873; x_wconf 83' lang='lat' dir='ltr'><strong>Erat</strong></span> <span class='ocrx_word' id='word_1_49' title='bbox 1348 818 1493 872; x_wconf 90' lang='lat' dir='ltr'><strong>enim</strong></span> <span class='ocrx_word' id='word_1_50' title='bbox 1532 834 1620 873; x_wconf 90' lang='lat' dir='ltr'><strong>res</strong></span> <span class='ocrx_word' id='word_1_51' title='bbox 1659 818 1766 872; x_wconf 91' lang='lat' dir='ltr'><strong>iam</strong></span> <span class='ocrx_word' id='word_1_52' title='bbox 1808 818 1863 871; x_wconf 92' lang='lat' dir='ltr'><strong>in</strong></span> <span class='ocrx_word' id='word_1_53' title='bbox 1905 833 2029 872; x_wconf 89' lang='lat' dir='ltr'><strong>eum</strong></span> 
     </span>
     <span class='ocr_line' id='line_1_8' title="bbox 199 916 2032 990; baseline 0 -18"><span class='ocrx_word' id='word_1_54' title='bbox 199 916 378 973; x_wconf 91' lang='lat' dir='ltr'><strong>locum</strong></span> <span class='ocrx_word' id='word_1_55' title='bbox 429 916 690 982; x_wconf 88' lang='lat' dir='ltr'><strong>adducta,</strong></span> <span class='ocrx_word' id='word_1_56' title='bbox 742 925 805 973; x_wconf 88' lang='lat' dir='ltr'><strong>ut</strong></span> <span class='ocrx_word' id='word_1_57' title='bbox 825 960 839 982; x_wconf 94' lang='lat'><em>‚</em></span> <span class='ocrx_word' id='word_1_58' title='bbox 898 932 1224 990; x_wconf 86' lang='lat' dir='ltr'><strong>quamquam</strong></span> <span class='ocrx_word' id='word_1_59' title='bbox 1274 916 1509 973; x_wconf 88' lang='lat' dir='ltr'><strong>multum</strong></span> <span class='ocrx_word' id='word_1_60' title='bbox 1555 918 1839 973; x_wconf 80' lang='lat' dir='ltr'><strong>interesset</strong></span> <span class='ocrx_word' id='word_1_61' title='bbox 1890 918 2032 973; x_wconf 92' lang='lat' dir='ltr'><strong>inter</strong></span> 
     </span>
     <span class='ocr_line' id='line_1_9' title="bbox 201 1017 2030 1092; baseline 0.001 -18"><span class='ocrx_word' id='word_1_62' title='bbox 201 1033 388 1074; x_wconf 87' lang='lat' dir='ltr'><strong>eorum</strong></span> <span class='ocrx_word' id='word_1_63' title='bbox 427 1034 674 1084; x_wconf 83' lang='lat' dir='ltr'><strong>caussaS‚</strong></span> <span class='ocrx_word' id='word_1_64' title='bbox 714 1019 807 1092; x_wconf 89' lang='lat' dir='ltr'><strong>qui</strong></span> <span class='ocrx_word' id='word_1_65' title='bbox 845 1017 1203 1084; x_wconf 82' lang='lat' dir='ltr'><strong>dimicabant,</strong></span> <span class='ocrx_word' id='word_1_66' title='bbox 1242 1025 1423 1074; x_wconf 89' lang='lat' dir='ltr'><strong>tamen</strong></span> <span class='ocrx_word' id='word_1_67' title='bbox 1457 1019 1600 1073; x_wconf 88' lang='lat' dir='ltr'><strong>inter</strong></span> <span class='ocrx_word' id='word_1_68' title='bbox 1636 1019 1890 1074; x_wconf 81' lang='lat' dir='ltr'><strong>victorias</strong></span> <span class='ocrx_word' id='word_1_69' title='bbox 1922 1035 2030 1076; x_wconf 92' lang='lat' dir='ltr'><strong>non</strong></span> 
     </span>
     <span class='ocr_line' id='line_1_10' title="bbox 199 1115 2029 1193; baseline 0.002 -19"><span class='ocrx_word' id='word_1_70' title='bbox 199 1115 432 1175; x_wconf 84' lang='lat' dir='ltr'><strong>multum</strong></span> <span class='ocrx_word' id='word_1_71' title='bbox 478 1118 869 1176; x_wconf 82' lang='lat' dir='ltr'><strong>interfuturum</strong></span> <span class='ocrx_word' id='word_1_72' title='bbox 907 1126 1173 1193; x_wconf 88' lang='lat' dir='ltr'><strong>putarem.</strong></span> <span class='ocrx_word' id='word_1_73' title='bbox 1262 1118 1488 1175; x_wconf 86' lang='lat' dir='ltr'><strong>Necesse</strong></span> <span class='ocrx_word' id='word_1_74' title='bbox 1507 1124 1529 1157; x_wconf 85' lang='lat'>²</span> <span class='ocrx_word' id='word_1_75' title='bbox 1567 1125 1685 1175; x_wconf 88' lang='lat' dir='ltr'><strong>erat</strong></span> <span class='ocrx_word' id='word_1_76' title='bbox 1722 1126 1818 1175; x_wconf 87' lang='lat' dir='ltr'><strong>aut</strong></span> <span class='ocrx_word' id='word_1_77' title='bbox 1861 1121 2029 1177; x_wconf 89' lang='lat' dir='ltr'><strong>armis</strong></span> 
     </span>
     <span class='ocr_line' id='line_1_11' title="bbox 108 1199 2026 1293; baseline 0.001 -18"><span class='ocrx_word' id='word_1_78' title='bbox 108 1199 125 1219; x_wconf 70' lang='lat'><em>⁶</em></span> <span class='ocrx_word' id='word_1_79' title='bbox 197 1219 385 1292; x_wconf 79' lang='lat' dir='ltr'><strong>urgeri</strong></span> <span class='ocrx_word' id='word_1_80' title='bbox 413 1218 801 1293; x_wconf 82' lang='lat' dir='ltr'><strong>rempublicam</strong></span> <span class='ocrx_word' id='word_1_81' title='bbox 840 1220 1213 1292; x_wconf 78' lang='lat' dir='ltr'><strong>sempiterniS‚</strong></span> <span class='ocrx_word' id='word_1_82' title='bbox 1253 1226 1376 1284; x_wconf 86' lang='lat' dir='ltr'><strong>aut,</strong></span> <span class='ocrx_word' id='word_1_83' title='bbox 1417 1218 1501 1275; x_wconf 89' lang='lat' dir='ltr'><strong>bis</strong></span> <span class='ocrx_word' id='word_1_84' title='bbox 1540 1220 1753 1292; x_wconf 83' lang='lat' dir='ltr'><strong>positiS,</strong></span> <span class='ocrx_word' id='word_1_85' title='bbox 1791 1221 2026 1277; x_wconf 88' lang='lat' dir='ltr'><strong>recreari</strong></span> 
     </span>
     <span class='ocr_line' id='line_1_12' title="bbox 196 1317 1204 1393; baseline -0.003 -18"><span class='ocrx_word' id='word_1_86' title='bbox 196 1317 482 1393; x_wconf 81' lang='lat' dir='ltr'><strong>aliquando</strong></span> <span class='ocrx_word' id='word_1_87' title='bbox 500 1361 517 1385; x_wconf 88' lang='lat'><strong>,</strong></span> <span class='ocrx_word' id='word_1_88' title='bbox 555 1326 652 1376; x_wconf 87' lang='lat' dir='ltr'><strong>aut</strong></span> <span class='ocrx_word' id='word_1_89' title='bbox 689 1318 934 1375; x_wconf 80' lang='lat' dir='ltr'><strong>funditus</strong></span> <span class='ocrx_word' id='word_1_90' title='bbox 966 1320 1204 1375; x_wconf 86' lang='lat' dir='ltr'><strong>interire.</strong></span> 
     </span>
    </p>
   </div>
   <div class='ocr_carea' id='block_1_4' title="bbox 188 1518 2030 3304">
    <p class='ocr_par' dir='ltr' id='par_1_4' title="bbox 188 1518 2030 3304">
     <span class='ocr_line' id='line_1_13' title="bbox 267 1518 2027 1592; baseline -0.001 -14"><span class='ocrx_word' id='word_1_91' title='bbox 267 1519 386 1580; x_wconf 85' lang='grc' dir='ltr'><strong>ΧΠ.</strong></span> <span class='ocrx_word' id='word_1_92' title='bbox 467 1525 556 1578; x_wconf 79' lang='lat'><strong>54.</strong></span> <span class='ocrx_word' id='word_1_93' title='bbox 598 1518 756 1590; x_wconf 78' lang='lat' dir='ltr'><strong>Quo⁸</strong></span> <span class='ocrx_word' id='word_1_94' title='bbox 800 1521 856 1576; x_wconf 92' lang='lat' dir='ltr'><strong>in</strong></span> <span class='ocrx_word' id='word_1_95' title='bbox 908 1518 1147 1592; x_wconf 89' lang='lat' dir='ltr'><strong>periculo</strong></span> <span class='ocrx_word' id='word_1_96' title='bbox 1194 1518 1435 1575; x_wconf 87' lang='lat' dir='ltr'><strong>nonnihil</strong></span> <span class='ocrx_word' id='word_1_97' title='bbox 1487 1535 1574 1576; x_wconf 91' lang='lat' dir='ltr'><strong>me</strong></span> <span class='ocrx_word' id='word_1_98' title='bbox 1624 1518 2027 1586; x_wconf 82' lang='lat' dir='ltr'><strong>consolabatur,</strong></span> 
     </span>
     <span class='ocr_line' id='line_1_14' title="bbox 192 1618 2029 1696; baseline -0.001 -17"><span class='ocrx_word' id='word_1_99' title='bbox 192 1635 364 1696; x_wconf 82' lang='lat' dir='ltr'><strong>quum</strong></span> <span class='ocrx_word' id='word_1_100' title='bbox 405 1619 771 1685; x_wconf 80' lang='lat' dir='ltr'><strong>recor-dabar,&#39;</strong></span> <span class='ocrx_word' id='word_1_101' title='bbox 802 1618 933 1675; x_wconf 88' lang='lat' dir='ltr'><strong>baec</strong></span> <span class='ocrx_word' id='word_1_102' title='bbox 979 1634 1068 1676; x_wconf 88' lang='lat' dir='ltr'><strong>me</strong></span> <span class='ocrx_word' id='word_1_103' title='bbox 1103 1625 1223 1676; x_wconf 88' lang='lat' dir='ltr'><strong>tum</strong></span> <span class='ocrx_word' id='word_1_104' title='bbox 1275 1619 1502 1686; x_wconf 82' lang='lat' dir='ltr'><strong>vidisse,</strong></span> <span class='ocrx_word' id='word_1_105' title='bbox 1554 1637 1725 1694; x_wconf 86' lang='lat' dir='ltr'><strong>quum</strong></span> <span class='ocrx_word' id='word_1_106' title='bbox 1763 1621 2029 1677; x_wconf 86' lang='lat' dir='ltr'><strong>secundas</strong></span> 
     </span>
     <span class='ocr_line' id='line_1_15' title="bbox 192 1718 2028 1792; baseline -0.001 -13"><span class='ocrx_word' id='word_1_107' title='bbox 192 1722 478 1779; x_wconf 66' lang='lat' dir='ltr'><strong>etiam&#39;res</strong></span> <span class='ocrx_word' id='word_1_108' title='bbox 515 1726 752 1786; x_wconf 84' lang='lat' dir='ltr'><strong>nostras,</strong></span> <span class='ocrx_word' id='word_1_109' title='bbox 791 1735 897 1777; x_wconf 92' lang='lat' dir='ltr'><strong>non</strong></span> <span class='ocrx_word' id='word_1_110' title='bbox 930 1718 1087 1776; x_wconf 87' lang='lat' dir='ltr'><strong>modo</strong></span> <span class='ocrx_word' id='word_1_111' title='bbox 1125 1718 1377 1776; x_wconf 84' lang='lat' dir='ltr'><strong>adversas</strong></span> <span class='ocrx_word' id='word_1_112' title='bbox 1408 1720 1852 1792; x_wconf 87' lang='lat' dir='ltr'><strong>pertimescebam</strong></span> <span class='ocrx_word' id='word_1_113' title='bbox 1885 1721 2028 1778; x_wconf 87' lang='lat' dir='ltr'><strong>vide·</strong></span> 
     </span>
     <span class='ocr_line' id='line_1_16' title="bbox 193 1819 2030 1898; baseline -0.001 -18"><span class='ocrx_word' id='word_1_114' title='bbox 193 1821 425 1898; x_wconf 85' lang='lat' dir='ltr'><strong>bamque</strong></span> <span class='ocrx_word' id='word_1_115' title='bbox 444 1865 460 1889; x_wconf 90' lang='lat'><strong>,</strong></span> <span class='ocrx_word' id='word_1_116' title='bbox 516 1827 719 1897; x_wconf 83' lang='lat' dir='ltr'><strong>quanto</strong></span> <span class='ocrx_word' id='word_1_117' title='bbox 769 1820 1009 1897; x_wconf 91' lang='lat' dir='ltr'><strong>periculo</strong></span> <span class='ocrx_word' id='word_1_118' title='bbox 1065 1820 1132 1877; x_wconf 87' lang='lat' dir='ltr'><strong>de</strong></span> <span class='ocrx_word' id='word_1_119' title='bbox 1191 1821 1309 1876; x_wconf 89' lang='lat' dir='ltr'><strong>iure</strong></span> <span class='ocrx_word' id='word_1_120' title='bbox 1364 1819 1579 1894; x_wconf 89' lang='lat' dir='ltr'><strong>publico</strong></span> <span class='ocrx_word' id='word_1_121' title='bbox 1635 1821 2030 1896; x_wconf 86' lang='lat' dir='ltr'><strong>disceptaretur</strong></span> 
     </span>
     <span class='ocr_line' id='line_1_17' title="bbox 191 1921 2026 1997; baseline -0.001 -16"><span class='ocrx_word' id='word_1_122' title='bbox 191 1923 376 1982; x_wconf 88' lang='lat' dir='ltr'><strong>armis.</strong></span> <span class='ocrx_word' id='word_1_123' title='bbox 456 1922 661 1993; x_wconf 86' lang='lat' dir='ltr'><strong>Quibus</strong></span> <span class='ocrx_word' id='word_1_124' title='bbox 693 1922 739 1979; x_wconf 90' lang='lat' dir='ltr'><strong>si</strong></span> <span class='ocrx_word' id='word_1_125' title='bbox 771 1922 1029 1978; x_wconf 85' lang='lat' dir='ltr'><strong>vicissent</strong></span> <span class='ocrx_word' id='word_1_126' title='bbox 1061 1922 1130 1988; x_wconf 89' lang='lat' dir='ltr'><strong>ii,</strong></span> <span class='ocrx_word' id='word_1_127' title='bbox 1170 1921 1237 1977; x_wconf 87' lang='lat' dir='ltr'><strong>ad</strong></span> <span class='ocrx_word' id='word_1_128' title='bbox 1270 1938 1405 1995; x_wconf 85' lang='lat' dir='ltr'><strong>quos</strong></span> <span class='ocrx_word' id='word_1_129' title='bbox 1435 1939 1535 1995; x_wconf 85' lang='lat' dir='ltr'><strong>ego</strong></span> <span class='ocrx_word' id='word_1_130' title='bbox 1573 1924 1721 1996; x_wconf 89' lang='lat' dir='ltr'><strong>pacis</strong></span> <span class='ocrx_word' id='word_1_131' title='bbox 1758 1940 1880 1997; x_wconf 89' lang='lat' dir='ltr'><strong>spe,</strong></span> <span class='ocrx_word' id='word_1_132' title='bbox 1922 1939 2026 1979; x_wconf 91' lang='lat' dir='ltr'><strong>non</strong></span> 
     </span>
     <span class='ocr_line' id='line_1_18' title="bbox 190 2021 2026 2097; baseline 0 -17"><span class='ocrx_word' id='word_1_133' title='bbox 190 2022 315 2081; x_wconf 86' lang='lat' dir='ltr'><strong>belli</strong></span> <span class='ocrx_word' id='word_1_134' title='bbox 359 2023 654 2097; x_wconf 87' lang='lat' dir='ltr'><strong>cupiditate</strong></span> <span class='ocrx_word' id='word_1_135' title='bbox 686 2021 953 2079; x_wconf 88' lang='lat' dir='ltr'><strong>adductus</strong></span> <span class='ocrx_word' id='word_1_136' title='bbox 992 2038 1324 2079; x_wconf 86' lang='lat' dir='ltr'><strong>accesseram</strong></span> <span class='ocrx_word' id='word_1_137' title='bbox 1346 2065 1361 2089; x_wconf 90' lang='lat'><em>,</em></span> <span class='ocrx_word' id='word_1_138' title='bbox 1409 2029 1591 2079; x_wconf 89' lang='lat' dir='ltr'><strong>tamen</strong></span> <span class='ocrx_word' id='word_1_139' title='bbox 1631 2022 1995 2097; x_wconf 78' lang='lat' dir='ltr'><strong>intelligebam</strong></span> <span class='ocrx_word' id='word_1_140' title='bbox 2012 2067 2026 2089; x_wconf 91' lang='lat'><em>‚</em></span> 
     </span>
     <span class='ocr_line' id='line_1_19' title="bbox 193 2121 2025 2197; baseline -0.001 -16"><span class='ocrx_word' id='word_1_141' title='bbox 193 2130 250 2181; x_wconf 87' lang='lat' dir='ltr'><strong>et</strong></span> <span class='ocrx_word' id='word_1_142' title='bbox 293 2124 556 2180; x_wconf 83' lang='lat' dir='ltr'><strong>iratorum</strong></span> <span class='ocrx_word' id='word_1_143' title='bbox 587 2121 879 2178; x_wconf 78' lang='lat' dir='ltr'><strong>bominum</strong></span> <span class='ocrx_word' id='word_1_144' title='bbox 917 2129 973 2178; x_wconf 89' lang='lat' dir='ltr'><strong>et</strong></span> <span class='ocrx_word' id='word_1_145' title='bbox 1013 2122 1334 2196; x_wconf 91' lang='lat' dir='ltr'><strong>cupidorum</strong></span> <span class='ocrx_word' id='word_1_146' title='bbox 1373 2130 1429 2178; x_wconf 92' lang='lat' dir='ltr'><strong>et</strong></span> <span class='ocrx_word' id='word_1_147' title='bbox 1469 2122 1816 2179; x_wconf 87' lang='lat' dir='ltr'><strong>insolentium</strong></span> <span class='ocrx_word' id='word_1_148' title='bbox 1859 2140 2025 2197; x_wconf 87' lang='lat' dir='ltr'><strong>quam</strong></span> 
     </span>
     <span class='ocr_line' id='line_1_20' title="bbox 192 2223 2025 2298; baseline 0 -17"><span class='ocrx_word' id='word_1_149' title='bbox 192 2223 427 2281; x_wconf 85' lang='lat' dir='ltr'><strong>crudelis</strong></span> <span class='ocrx_word' id='word_1_150' title='bbox 450 2229 593 2281; x_wconf 89' lang='lat' dir='ltr'><strong>esset</strong></span> <span class='ocrx_word' id='word_1_151' title='bbox 623 2223 808 2279; x_wconf 84' lang='lat' dir='ltr'><strong>sutura</strong></span> <span class='ocrx_word' id='word_1_152' title='bbox 835 2223 1083 2286; x_wconf 78' lang='lat' dir='ltr'><strong>victoria:</strong></span> <span class='ocrx_word' id='word_1_153' title='bbox 1124 2225 1207 2279; x_wconf 89' lang='lat' dir='ltr'><strong>sin</strong></span> <span class='ocrx_word' id='word_1_154' title='bbox 1241 2230 1423 2279; x_wconf 90' lang='lat' dir='ltr'><strong>autem</strong></span> <span class='ocrx_word' id='word_1_155' title='bbox 1447 2225 1577 2280; x_wconf 83' lang='lat' dir='ltr'><strong>victi</strong></span> <span class='ocrx_word' id='word_1_156' title='bbox 1611 2231 1819 2290; x_wconf 88' lang='lat' dir='ltr'><strong>essent,</strong></span> <span class='ocrx_word' id='word_1_157' title='bbox 1858 2242 2025 2298; x_wconf 87' lang='lat' dir='ltr'><strong>quan·</strong></span> 
     </span>
     <span class='ocr_line' id='line_1_21' title="bbox 190 2322 2022 2397; baseline 0.001 -16"><span class='ocrx_word' id='word_1_158' title='bbox 190 2331 284 2382; x_wconf 88' lang='lat' dir='ltr'><strong>tus</strong></span> <span class='ocrx_word' id='word_1_159' title='bbox 315 2324 570 2381; x_wconf 85' lang='lat' dir='ltr'><strong>interitus</strong></span> <span class='ocrx_word' id='word_1_160' title='bbox 607 2331 748 2381; x_wconf 87' lang='lat' dir='ltr'><strong>esset</strong></span> <span class='ocrx_word' id='word_1_161' title='bbox 774 2322 992 2380; x_wconf 87' lang='lat' dir='ltr'><strong>futurus</strong></span> <span class='ocrx_word' id='word_1_162' title='bbox 1031 2324 1230 2379; x_wconf 89' lang='lat' dir='ltr'><strong>civium</strong></span> <span class='ocrx_word' id='word_1_163' title='bbox 1247 2365 1262 2389; x_wconf 91' lang='lat'>‚</span> <span class='ocrx_word' id='word_1_164' title='bbox 1301 2323 1500 2397; x_wconf 89' lang='lat' dir='ltr'><strong>partim</strong></span> <span class='ocrx_word' id='word_1_165' title='bbox 1539 2323 2022 2397; x_wconf 88' lang='lat' dir='ltr'><strong>amplissimorum,</strong></span> 
     </span>
     <span class='ocr_line' id='line_1_22' title="bbox 190 2413 2024 2500; baseline -0.001 -18"><span class='ocrx_word' id='word_1_166' title='bbox 190 2425 390 2500; x_wconf 85' lang='lat' dir='ltr'><strong>partim</strong></span> <span class='ocrx_word' id='word_1_167' title='bbox 407 2426 584 2481; x_wconf 67' lang='lat' dir='ltr'><strong>&#39;etiam</strong></span> <span class='ocrx_word' id='word_1_168' title='bbox 613 2424 969 2498; x_wconf 90' lang='lat' dir='ltr'><strong>optimorum,</strong></span> <span class='ocrx_word' id='word_1_169' title='bbox 1001 2424 1095 2497; x_wconf 89' lang='lat' dir='ltr'><strong>qui</strong></span> <span class='ocrx_word' id='word_1_170' title='bbox 1123 2440 1239 2488; x_wconf 91' lang='lat' dir='ltr'><strong>me,</strong></span> <span class='ocrx_word' id='word_1_171' title='bbox 1270 2422 1403 2479; x_wconf 86' lang='lat' dir='ltr'><strong>haec</strong></span> <span class='ocrx_word' id='word_1_172' title='bbox 1430 2413 1831 2496; x_wconf 87' lang='lat' dir='ltr'><strong>praedicentem</strong></span> <span class='ocrx_word' id='word_1_173' title='bbox 1862 2432 2024 2499; x_wconf 84' lang='lat' dir='ltr'><strong>atque</strong></span> 
     </span>
     <span class='ocr_line' id='line_1_23' title="bbox 191 2522 2023 2601; baseline -0.001 -18"><span class='ocrx_word' id='word_1_174' title='bbox 191 2526 392 2601; x_wconf 85' lang='lat' dir='ltr'><strong>optime</strong></span> <span class='ocrx_word' id='word_1_175' title='bbox 422 2523 790 2593; x_wconf 72' lang='lat' dir='ltr'><strong>consulentem</strong></span> <span class='ocrx_word' id='word_1_176' title='bbox 814 2524 975 2579; x_wconf 88' lang='lat' dir='ltr'><strong>saluti</strong></span> <span class='ocrx_word' id='word_1_177' title='bbox 1003 2539 1155 2590; x_wconf 90' lang='lat' dir='ltr'><strong>suae,</strong></span> <span class='ocrx_word' id='word_1_178' title='bbox 1189 2522 1459 2579; x_wconf 87' lang='lat' dir='ltr'><strong>malebant</strong></span> <span class='ocrx_word' id='word_1_179' title='bbox 1481 2522 1718 2593; x_wconf 55' lang='lat' dir='ltr'><strong>‚nimium</strong></span> <span class='ocrx_word' id='word_1_180' title='bbox 1746 2525 2023 2591; x_wconf 87' lang='lat' dir='ltr'><strong>timidum,</strong></span> 
     </span>
     <span class='ocr_line' id='line_1_24' title="bbox 188 2623 2022 2702; baseline 0.001 -19"><span class='ocrx_word' id='word_1_181' title='bbox 188 2633 379 2702; x_wconf 80' lang='lat' dir='ltr'><strong>quam‘</strong></span> <span class='ocrx_word' id='word_1_182' title='bbox 416 2627 551 2682; x_wconf 87' lang='lat' dir='ltr'><strong>satis</strong></span> <span class='ocrx_word' id='word_1_183' title='bbox 614 2625 934 2700; x_wconf 84' lang='lat' dir='ltr'><strong>prudentem</strong></span> <span class='ocrx_word' id='word_1_184' title='bbox 1001 2625 1319 2680; x_wconf 85' lang='lat' dir='ltr'><strong>existimari.</strong></span> <span class='ocrx_word' id='word_1_185' title='bbox 1419 2629 1507 2680; x_wconf 73' lang='lat'><strong>325.</strong></span> <span class='ocrx_word' id='word_1_186' title='bbox 1549 2623 1742 2681; x_wconf 89' lang='lat' dir='ltr'><strong>Omnia</strong></span> <span class='ocrx_word' id='word_1_187' title='bbox 1762 2631 1784 2666; x_wconf 80' lang='lat'><strong>⁴</strong></span> <span class='ocrx_word' id='word_1_188' title='bbox 1841 2635 2022 2684; x_wconf 88' lang='lat' dir='ltr'><strong>autem</strong></span> 
     </span>
     <span class='ocr_line' id='line_1_25' title="bbox 189 2725 2021 2790; baseline 0 -6"><span class='ocrx_word' id='word_1_189' title='bbox 189 2726 364 2784; x_wconf 89' lang='lat' dir='ltr'><strong>delata</strong></span> <span class='ocrx_word' id='word_1_190' title='bbox 407 2725 476 2782; x_wconf 90' lang='lat' dir='ltr'><strong>ad</strong></span> <span class='ocrx_word' id='word_1_191' title='bbox 523 2741 696 2781; x_wconf 91' lang='lat' dir='ltr'><strong>unum</strong></span> <span class='ocrx_word' id='word_1_192' title='bbox 747 2732 891 2782; x_wconf 91' lang='lat' dir='ltr'><strong>sunt.</strong></span> <span class='ocrx_word' id='word_1_193' title='bbox 990 2725 1041 2780; x_wconf 90' lang='lat' dir='ltr'><strong>Is</strong></span> <span class='ocrx_word' id='word_1_194' title='bbox 1093 2725 1348 2781; x_wconf 88' lang='lat' dir='ltr'><strong>utebatur</strong></span> <span class='ocrx_word' id='word_1_195' title='bbox 1390 2725 1641 2790; x_wconf 91' lang='lat' dir='ltr'><strong>consilio,</strong></span> <span class='ocrx_word' id='word_1_196' title='bbox 1693 2736 1768 2782; x_wconf 72' lang='lat' dir='ltr'><strong>ne·</strong></span> <span class='ocrx_word' id='word_1_197' title='bbox 1798 2744 2021 2784; x_wconf 90' lang='lat' dir='ltr'><strong>suorum</strong></span> 
     </span>
     <span class='ocr_line' id='line_1_26' title="bbox 190 2825 2020 2901; baseline 0 -18"><span class='ocrx_word' id='word_1_198' title='bbox 190 2826 432 2901; x_wconf 87' lang='lat' dir='ltr'><strong>quidem,</strong></span> <span class='ocrx_word' id='word_1_199' title='bbox 471 2825 565 2882; x_wconf 87' lang='lat' dir='ltr'><strong>sed</strong></span> <span class='ocrx_word' id='word_1_200' title='bbox 597 2842 709 2881; x_wconf 89' lang='lat' dir='ltr'><strong>suo.</strong></span> <span class='ocrx_word' id='word_1_201' title='bbox 790 2825 940 2893; x_wconf 86' lang='lat' dir='ltr'><strong>Quod</strong></span> <span class='ocrx_word' id='word_1_202' title='bbox 973 2842 1079 2881; x_wconf 92' lang='lat' dir='ltr'><strong>non</strong></span> <span class='ocrx_word' id='word_1_203' title='bbox 1108 2826 1279 2881; x_wconf 87' lang='lat' dir='ltr'><strong>multo</strong></span> <span class='ocrx_word' id='word_1_204' title='bbox 1311 2842 1467 2881; x_wconf 90' lang='lat' dir='ltr'><strong>secus</strong></span> <span class='ocrx_word' id='word_1_205' title='bbox 1507 2825 1687 2891; x_wconf 88' lang='lat' dir='ltr'><strong>fieret,</strong></span> <span class='ocrx_word' id='word_1_206' title='bbox 1727 2827 1773 2881; x_wconf 91' lang='lat' dir='ltr'><strong>si</strong></span> <span class='ocrx_word' id='word_1_207' title='bbox 1807 2828 1855 2882; x_wconf 90' lang='lat' dir='ltr'><strong>is</strong></span> <span class='ocrx_word' id='word_1_208' title='bbox 1882 2845 2020 2883; x_wconf 89' lang='lat' dir='ltr'><strong>rem-</strong></span> 
     </span>
     <span class='ocr_line' id='line_1_27' title="bbox 190 2920 2020 3003; baseline -0.001 -19"><span class='ocrx_word' id='word_1_209' title='bbox 190 2927 460 3003; x_wconf 86' lang='lat' dir='ltr'><strong>publicam</strong></span> <span class='ocrx_word' id='word_1_210' title='bbox 491 2932 724 2992; x_wconf 90' lang='lat' dir='ltr'><strong>teneret,</strong></span> <span class='ocrx_word' id='word_1_211' title='bbox 746 2920 924 2998; x_wconf 48' lang='lat' dir='ltr'><strong>‘quem</strong></span> <span class='ocrx_word' id='word_1_212' title='bbox 956 2929 1127 2996; x_wconf 86' lang='lat' dir='ltr'><strong>secuti</strong></span> <span class='ocrx_word' id='word_1_213' title='bbox 1161 2944 1367 2983; x_wconf 84' lang='lat' dir='ltr'><strong>sumuS.</strong></span> <span class='ocrx_word' id='word_1_214' title='bbox 1449 2925 1681 2982; x_wconf 80' lang='lat' dir='ltr'><strong>Omnia⁵</strong></span> <span class='ocrx_word' id='word_1_215' title='bbox 1713 2929 1857 2983; x_wconf 91' lang='lat' dir='ltr'><strong>enim</strong></span> <span class='ocrx_word' id='word_1_216' title='bbox 1891 2936 2020 2983; x_wconf 91' lang='lat' dir='ltr'><strong>sunt</strong></span> 
     </span>
     <span class='ocr_line' id='line_1_28' title="bbox 190 3027 2017 3101; baseline -0.001 -15"><span class='ocrx_word' id='word_1_217' title='bbox 190 3030 388 3086; x_wconf 89' lang='lat' dir='ltr'><strong>misera</strong></span> <span class='ocrx_word' id='word_1_218' title='bbox 432 3029 488 3084; x_wconf 91' lang='lat' dir='ltr'><strong>in</strong></span> <span class='ocrx_word' id='word_1_219' title='bbox 533 3027 686 3084; x_wconf 89' lang='lat' dir='ltr'><strong>bellis</strong></span> <span class='ocrx_word' id='word_1_220' title='bbox 729 3027 1004 3091; x_wconf 82' lang='lat' dir='ltr'><strong>civilibus3</strong></span> <span class='ocrx_word' id='word_1_221' title='bbox 1055 3046 1192 3101; x_wconf 87' lang='lat' dir='ltr'><strong>quae</strong></span> <span class='ocrx_word' id='word_1_222' title='bbox 1243 3029 1474 3084; x_wconf 89' lang='lat' dir='ltr'><strong>maiores</strong></span> <span class='ocrx_word' id='word_1_223' title='bbox 1526 3029 1696 3083; x_wconf 88' lang='lat' dir='ltr'><strong>nostri</strong></span> <span class='ocrx_word' id='word_1_224' title='bbox 1742 3045 1810 3083; x_wconf 91' lang='lat' dir='ltr'><strong>ne</strong></span> <span class='ocrx_word' id='word_1_225' title='bbox 1834 3028 2017 3085; x_wconf 79' lang='lat' dir='ltr'><strong>semel</strong></span> 
     </span>
     <span class='ocr_line' id='line_1_29' title="bbox 189 3127 2019 3204; baseline -0.002 -17"><span class='ocrx_word' id='word_1_226' title='bbox 189 3129 431 3204; x_wconf 89' lang='lat' dir='ltr'><strong>quidem,</strong></span> <span class='ocrx_word' id='word_1_227' title='bbox 464 3135 647 3184; x_wconf 89' lang='lat' dir='ltr'><strong>nostra</strong></span> <span class='ocrx_word' id='word_1_228' title='bbox 679 3134 827 3183; x_wconf 88' lang='lat' dir='ltr'><strong>aetas</strong></span> <span class='ocrx_word' id='word_1_229' title='bbox 864 3144 1018 3201; x_wconf 88' lang='lat' dir='ltr'><strong>saepe</strong></span> <span class='ocrx_word' id='word_1_230' title='bbox 1058 3130 1166 3184; x_wconf 90' lang='lat' dir='ltr'><strong>iam</strong></span> <span class='ocrx_word' id='word_1_231' title='bbox 1199 3131 1383 3185; x_wconf 89' lang='lat' dir='ltr'><strong>sensit.</strong></span> <span class='ocrx_word' id='word_1_232' title='bbox 1446 3127 1550 3183; x_wconf 89' lang='lat' dir='ltr'><strong>Sed</strong></span> <span class='ocrx_word' id='word_1_233' title='bbox 1579 3129 1832 3184; x_wconf 89' lang='lat' dir='ltr'><strong>miserius</strong></span> <span class='ocrx_word' id='word_1_234' title='bbox 1859 3128 2019 3194; x_wconf 89' lang='lat' dir='ltr'><strong>nibil,</strong></span> 
     </span>
     <span class='ocr_line' id='line_1_30' title="bbox 188 3229 2017 3304; baseline -0.001 -16"><span class='ocrx_word' id='word_1_235' title='bbox 188 3248 350 3304; x_wconf 83' lang='lat' dir='ltr'><strong>quam</strong></span> <span class='ocrx_word' id='word_1_236' title='bbox 382 3232 499 3304; x_wconf 89' lang='lat' dir='ltr'><strong>ipsa</strong></span> <span class='ocrx_word' id='word_1_237' title='bbox 529 3231 778 3285; x_wconf 85' lang='lat' dir='ltr'><strong>victoria:</strong></span> <span class='ocrx_word' id='word_1_238' title='bbox 818 3246 955 3302; x_wconf 88' lang='lat' dir='ltr'><strong>quae</strong></span> <span class='ocrx_word' id='word_1_239' title='bbox 986 3231 1198 3286; x_wconf 88' lang='lat' dir='ltr'><strong>etiamsi</strong></span> <span class='ocrx_word' id='word_1_240' title='bbox 1237 3229 1303 3285; x_wconf 88' lang='lat' dir='ltr'><strong>ad</strong></span> <span class='ocrx_word' id='word_1_241' title='bbox 1343 3230 1590 3285; x_wconf 90' lang='lat' dir='ltr'><strong>meliores</strong></span> <span class='ocrx_word' id='word_1_242' title='bbox 1620 3231 1796 3296; x_wconf 79' lang='lat' dir='ltr'><strong>venit,</strong></span> <span class='ocrx_word' id='word_1_243' title='bbox 1837 3237 2017 3287; x_wconf 89' lang='lat' dir='ltr'><strong>tamen</strong></span> 
     </span>
    </p>
   </div>
   <div class='ocr_carea' id='block_1_5' title="bbox 188 3351 396 3364">
    <p class='ocr_par' dir='ltr' id='par_1_5' title="bbox 188 3351 396 3364">
     <span class='ocr_line' id='line_1_31' title="bbox 188 3351 396 3364; baseline 0 0"><span class='ocrx_word' id='word_1_244' title='bbox 188 3351 396 3364; x_wconf 95' lang='lat' dir='ltr'><strong> </strong></span> 
     </span>
    </p>
   </div>
   <div class='ocr_carea' id='block_1_6' title="bbox 187 3407 2014 3630">
    <p class='ocr_par' dir='ltr' id='par_1_6' title="bbox 187 3407 2014 3630">
     <span class='ocr_line' id='line_1_32' title="bbox 250 3407 2014 3475; baseline 0 -17"><span class='ocrx_word' id='word_1_245' title='bbox 250 3415 291 3472; x_wconf 86' lang='lat'><strong>¹)</strong></span> <span class='ocrx_word' id='word_1_246' title='bbox 321 3412 454 3475; x_wconf 86' lang='lat' dir='ltr'><strong>Epist.</strong></span> <span class='ocrx_word' id='word_1_247' title='bbox 481 3411 535 3456; x_wconf 87' lang='lat' dir='ltr'><strong>ad</strong></span> <span class='ocrx_word' id='word_1_248' title='bbox 552 3415 596 3456; x_wconf 89' lang='lat' dir='ltr'><strong>L.</strong></span> <span class='ocrx_word' id='word_1_249' title='bbox 614 3411 864 3456; x_wconf 82' lang='lat' dir='ltr'><strong>Mescinium</strong></span> <span class='ocrx_word' id='word_1_250' title='bbox 895 3411 971 3469; x_wconf 87' lang='lat' dir='ltr'><strong>(ad</strong></span> <span class='ocrx_word' id='word_1_251' title='bbox 996 3415 1115 3457; x_wconf 86' lang='lat' dir='ltr'><strong>Fam.</strong></span> <span class='ocrx_word' id='word_1_252' title='bbox 1132 3416 1182 3457; x_wconf 86' lang='lat' dir='ltr'><strong>V.</strong></span> <span class='ocrx_word' id='word_1_253' title='bbox 1210 3407 1282 3456; x_wconf 81' lang='lat'><strong>21.</strong></span> <span class='ocrx_word' id='word_1_254' title='bbox 1310 3413 1412 3470; x_wconf 90' lang='grc'>93.)</span> <span class='ocrx_word' id='word_1_255' title='bbox 1446 3438 1503 3444; x_wconf 92' lang='lat'><strong>--</strong></span> <span class='ocrx_word' id='word_1_256' title='bbox 1533 3413 1577 3470; x_wconf 75' lang='lat'><strong>⁹)</strong></span> <span class='ocrx_word' id='word_1_257' title='bbox 1609 3411 1742 3473; x_wconf 87' lang='lat' dir='ltr'><strong>Epist.</strong></span> <span class='ocrx_word' id='word_1_258' title='bbox 1760 3411 1815 3457; x_wconf 87' lang='lat' dir='ltr'><strong>ad</strong></span> <span class='ocrx_word' id='word_1_259' title='bbox 1842 3416 1892 3458; x_wconf 82' lang='grc' dir='ltr'><strong>Α.</strong></span> <span class='ocrx_word' id='word_1_260' title='bbox 1909 3416 2014 3458; x_wconf 89' lang='lat' dir='ltr'><strong>Tor-</strong></span> 
     </span>
     <span class='ocr_line' id='line_1_33' title="bbox 187 3488 2013 3552; baseline -0.002 -16"><span class='ocrx_word' id='word_1_261' title='bbox 187 3497 375 3552; x_wconf 77' lang='lat' dir='ltr'><strong>quatum</strong></span> <span class='ocrx_word' id='word_1_262' title='bbox 406 3489 482 3548; x_wconf 84' lang='lat' dir='ltr'><strong>(ad</strong></span> <span class='ocrx_word' id='word_1_263' title='bbox 506 3494 624 3536; x_wconf 86' lang='lat' dir='ltr'><strong>Fam.</strong></span> <span class='ocrx_word' id='word_1_264' title='bbox 652 3493 723 3534; x_wconf 83' lang='lat' dir='ltr'><strong>vl.</strong></span> <span class='ocrx_word' id='word_1_265' title='bbox 749 3491 790 3534; x_wconf 85' lang='lat'><strong>2.</strong></span> <span class='ocrx_word' id='word_1_266' title='bbox 817 3491 924 3548; x_wconf 84' lang='grc'>92.)</span> <span class='ocrx_word' id='word_1_267' title='bbox 955 3517 1014 3524; x_wconf 92' lang='grc'>-</span> <span class='ocrx_word' id='word_1_268' title='bbox 1047 3492 1087 3548; x_wconf 82' lang='grc'><strong>3)</strong></span> <span class='ocrx_word' id='word_1_269' title='bbox 1121 3490 1252 3551; x_wconf 85' lang='lat' dir='ltr'><strong>Epist.</strong></span> <span class='ocrx_word' id='word_1_270' title='bbox 1277 3489 1331 3534; x_wconf 88' lang='lat' dir='ltr'><strong>ad</strong></span> <span class='ocrx_word' id='word_1_271' title='bbox 1355 3492 1431 3535; x_wconf 89' lang='lat' dir='ltr'><strong>Cn.</strong></span> <span class='ocrx_word' id='word_1_272' title='bbox 1455 3488 1682 3534; x_wconf 83' lang='lat' dir='ltr'><strong>Plancium</strong></span> <span class='ocrx_word' id='word_1_273' title='bbox 1710 3489 1785 3547; x_wconf 87' lang='lat' dir='ltr'><strong>(ad</strong></span> <span class='ocrx_word' id='word_1_274' title='bbox 1801 3493 1919 3536; x_wconf 87' lang='lat' dir='ltr'><strong>Fam.</strong></span> <span class='ocrx_word' id='word_1_275' title='bbox 1939 3495 2013 3535; x_wconf 78' lang='lat' dir='ltr'><strong>lv,</strong></span> 
     </span>
     <span class='ocr_line' id='line_1_34' title="bbox 189 3565 2007 3630; baseline 0 -17"><span class='ocrx_word' id='word_1_276' title='bbox 189 3571 260 3613; x_wconf 71' lang='lat'><strong>14.</strong></span> <span class='ocrx_word' id='word_1_277' title='bbox 286 3569 394 3628; x_wconf 83' lang='lat'><strong>§2.)</strong></span> <span class='ocrx_word' id='word_1_278' title='bbox 426 3594 482 3603; x_wconf 88' lang='lat'><em>—</em></span> <span class='ocrx_word' id='word_1_279' title='bbox 516 3569 556 3627; x_wconf 77' lang='lat'><strong>4)</strong></span> <span class='ocrx_word' id='word_1_280' title='bbox 572 3567 705 3630; x_wconf 82' lang='lat' dir='ltr'><strong>Epist.</strong></span> <span class='ocrx_word' id='word_1_281' title='bbox 723 3566 777 3613; x_wconf 82' lang='lat' dir='ltr'><strong>ad</strong></span> <span class='ocrx_word' id='word_1_282' title='bbox 795 3570 846 3614; x_wconf 79' lang='lat' dir='ltr'><strong>M.</strong></span> <span class='ocrx_word' id='word_1_283' title='bbox 863 3566 1113 3614; x_wconf 69' lang='lat' dir='ltr'><strong>Marcellum</strong></span> <span class='ocrx_word' id='word_1_284' title='bbox 1134 3565 1209 3626; x_wconf 83' lang='lat' dir='ltr'><strong>(ad</strong></span> <span class='ocrx_word' id='word_1_285' title='bbox 1226 3569 1342 3612; x_wconf 85' lang='lat' dir='ltr'><strong>Fam.</strong></span> <span class='ocrx_word' id='word_1_286' title='bbox 1362 3570 1431 3614; x_wconf 92' lang='lat' dir='ltr'><strong>1v.</strong></span> <span class='ocrx_word' id='word_1_287' title='bbox 1452 3569 1492 3612; x_wconf 90' lang='grc'><strong>9.</strong></span> <span class='ocrx_word' id='word_1_288' title='bbox 1512 3571 1536 3628; x_wconf 93' lang='grc'>9</span> <span class='ocrx_word' id='word_1_289' title='bbox 1555 3571 1619 3627; x_wconf 77' lang='lat'><strong>2.)</strong></span> <span class='ocrx_word' id='word_1_290' title='bbox 1651 3596 1708 3603; x_wconf 92' lang='lat'>—</span> <span class='ocrx_word' id='word_1_291' title='bbox 1741 3572 1781 3628; x_wconf 87' lang='lat'><strong>⁵)</strong></span> <span class='ocrx_word' id='word_1_292' title='bbox 1798 3568 1908 3615; x_wconf 73' lang='lat' dir='ltr'><strong>thid.</strong></span> <span class='ocrx_word' id='word_1_293' title='bbox 1925 3571 1949 3627; x_wconf 82' lang='lat'>§</span> <span class='ocrx_word' id='word_1_294' title='bbox 1969 3574 2007 3614; x_wconf 90' lang='grc'><strong>3.</strong></span> 
     </span>
    </p>
   </div>
  </div>
 </body>
</html>
