2210 3970
748 224 976 266 Annus
1034 226 1080 264 u,
1121 228 1165 264 e.
1207 212 1335 266 697.
1859 218 1968 274 687

207 356 271 431 (⁸)
313 357 491 425 Quum
527 356 698 428 igitur
724 355 995 412 Ciceronis
1026 357 1218 429 capitis
1248 356 1496 412 servandi
1522 374 1715 414 caussa
1740 358 1967 418 Romam

126 472 234 512 uno
280 462 554 531 tempore,
614 457 768 529 quasi
815 457 968 529 signo
1007 455 1171 519 dam,
1235 456 1390 511 Italia
1433 463 1543 513 tota
1596 459 1968 526 convenisset,

127 556 388 613 Lentulus
454 573 560 611 cos.
639 554 1139 626 frequentissimum
1214 564 1460 612 senatum
1528 559 1583 613 in
1648 560 1974 633 Capitolium

126 664 414 713 convocat:
491 655 673 728 ibique
729 657 1010 722 MetelluS,
1078 657 1214 712 alter
1271 674 1377 712 cos,
1435 660 1529 730 qui
1582 658 1827 716 Ciceroni
1884 661 1970 717 vel

22 742 37 762 ⁹
124 758 359 813 maxime
412 773 476 812 ex
526 758 739 828 magnis
779 757 1211 813 contentionibus
1260 758 1590 830 reipublicae
1645 758 1823 815 suerat
1872 762 1971 815 ini-

17 855 46 926 ᾗ
125 858 333 924 micuS‚
373 863 650 931 permotus
687 874 856 929 quum
886 858 1207 913 auctoritate
1238 863 1486 924 senaluS‚
1527 865 1645 914 tum
1674 860 1730 915 P.
1757 858 1971 916 Servilii

19 1373 27 1397 —a
10 1214 30 1350 22⁴3*ssss
15 1134 31 1194 *³25-
11 1050 25 1100 ”’,-
9 973 35 1029 ‘ih-

19 1861 26 1875 .-
0 1802 3 1807 ’
0 1485 29 1783 ‘-J·'..‘}.:‘J*'03‘2·-}‘i{·=<2
0 1414 29 1462 ‘'q-J

124 957 429 1014 incredibili
469 959 735 1030 gravitate
775 958 1026 1024 dicendi,
1083 958 1275 1015 absens
1327 976 1452 1014 cum
1501 958 1754 1017 Cicerone
1806 960 1971 1018 rediit

118 1060 175 1115 in
212 1059 460 1133 gratiam.
503 1077 555 1116 v.
594 1077 645 1115 c.
670 1064 759 1115 19.
797 1065 886 1115 50.
929 1077 974 1114 c.
1001 1063 1091 1117 28.
1139 1064 1227 1115 70.
1265 1077 1310 1115 c.
1336 1064 1424 1115 50.
1464 1064 1551 1116 76.
1594 1079 1640 1117 c.
1665 1067 1756 1118 34.
1792 1066 1886 1120 86.

180 1142 268 1206 Cic.
303 1158 356 1206 ad
389 1158 551 1219 Quirit.
599 1167 695 1221 post
726 1159 816 1204 red.
842 1175 878 1204 c.
909 1163 950 1204 6.
987 1162 1059 1205 15.
1110 1160 1200 1203 Hoc
1234 1158 1346 1204 duce
1381 1160 1455 1217 (P.
1486 1160 1694 1221 Lentulo)
1721 1170 1766 1207 et
1796 1161 1968 1226 collega

119 1237 242 1295 eius,
266 1235 606 1282 clementissimo
631 1245 768 1298 atque
790 1237 955 1298 optimo
977 1237 1097 1294 viro,
1115 1237 1265 1297 primo
1283 1252 1369 1280 non
1385 1236 1670 1290 adversante,
1697 1247 1802 1301 post
1824 1241 1963 1286 etiam

120 1313 386 1372 adiuvante,
428 1315 595 1377 reliqui
621 1316 919 1377 magistratus
947 1330 1087 1375 paene
1115 1329 1262 1358 omnes
1281 1313 1480 1372 suerunt
1508 1314 1764 1375 defensores
1795 1318 1965 1364 salutis

119 1411 254 1441 meae.
288 1421 349 1430 --
384 1393 640 1456 Eodemque
669 1393 722 1438 Ρ.
752 1391 942 1436 Lentulo
974 1398 1183 1446 auctore,
1227 1398 1269 1434 et
1295 1392 1475 1451 pariter
1512 1392 1733 1449 referente
1765 1395 1961 1458 collega,

109 1471 514 1533 frequentissimus
557 1478 740 1516 senatus
773 1497 832 1504 —
867 1468 1132 1531 diqnitalem
1176 1484 1346 1523 meam,
1391 1468 1554 1529 quibus
1590 1471 1778 1531 potuit,
1819 1473 1966 1519 verbis

118 1549 412 1613 amplissimis
449 1551 656 1605 ornavit,
706 1547 898 1593 salutem
939 1546 1092 1601 vobis,
1144 1546 1406 1607 municipiis
1445 1546 1718 1610 coloniisque
1761 1551 1964 1598 omnibus

117 1627 446 1673 commendavit.
509 1626 564 1672 de
601 1625 794 1687 provinc.
828 1640 944 1670 cons.
986 1640 1021 1669 c.
1052 1626 1093 1671 9.
1124 1626 1197 1669 22.
1245 1623 1404 1683 Quid?
1458 1624 1508 1683 Q.
1542 1627 1752 1673 Metellus
1789 1631 1957 1692 Nepos,

115 1721 256 1751 nonne
282 1703 441 1751 consul
470 1704 518 1749 in
552 1703 714 1764 templo
744 1704 864 1747 Iovis
896 1704 1067 1763 Optimi
1099 1702 1291 1747 Maximi
1307 1735 1320 1758 ‚
1351 1710 1579 1763 permotus
1596 1722 1731 1765 quum
1765 1708 1962 1753 auctori-

117 1791 210 1830 tate
240 1789 414 1839 vestra,
444 1789 538 1827 tum
571 1780 702 1825 illias
731 1781 783 1827 P.
805 1780 991 1825 Servilii
1023 1780 1279 1825 incredibili
1307 1783 1533 1843 grat-itate
1565 1782 1765 1841 dicendi,
1801 1785 1962 1831 absens

116 1877 282 1907 ”aecum
326 1876 496 1906 summo
534 1875 615 1904 suo
649 1858 862 1920 beneficio
905 1859 1042 1904 rediit
1079 1860 1126 1903 in
1157 1859 1396 1920 gratiam?
1479 1860 1556 1905 nio
1587 1874 1742 1907 xxxix.
1776 1878 1812 1907 c.
1843 1866 1884 1909 8.
1914 1866 1957 1910 2.

119 1941 175 1987 ‘O
217 1933 304 1987 οὖν
351 1938 527 1992 Νέπως
569 1936 814 1998 φοβηθεὶς
848 1939 970 2000 πρός
1014 1955 1065 1984 τε
1100 1943 1186 1985 τοῦ
1223 1939 1550 2002 συνάρχοντος
1585 1943 1667 1985 καὶ
1709 1940 1831 2002 πρὸς
1865 1945 1957 1988 τοῦ

115 2021 376 2079 Πομπηίου
406 2016 499 2063 τῶν
533 2033 583 2063 τε
615 2016 773 2063 ἄλλων
808 2017 902 2063 τῶν
935 2016 1136 2079 πρώτων
1167 2017 1472 2078 μετεβάλετο.

197 2104 259 2181 (⁸)
303 2105 418 2173 Quo
457 2103 543 2159 die
591 2111 841 2168 senalus,
901 2111 1120 2159 auctore
1165 2105 1452 2177 Pompei0‚
1499 2104 1758 2160 iudicavit
1799 2123 1956 2163 rem-

115 2206 441 2279 publicam
500 2206 845 2261 Ciceronis
903 2205 1216 2260 consiliis
1271 2223 1413 2260 esse
1473 2214 1952 2263 conservatam.

114 2325 163 2362 v.
198 2310 356 2363 c.27.
396 2310 486 2363 68.
529 2324 576 2362 c.
602 2280 690 2361 28.
731 2311 817 2362 71.
851 2324 897 2361 c.
923 2311 1011 2361 55.
1049 2311 1137 2361 84.
1220 2307 1371 2374 Quod
1407 2307 1635 2369 SCtum.
1676 2310 1730 2363 in
1769 2326 1957 2365 monu-

114 2414 295 2463 mento
335 2408 490 2463 Marii
547 2406 790 2469 sactum,
850 2407 1034 2462 eodem
1077 2407 1162 2461 die
1205 2407 1469 2479 populuS,
1519 2408 1958 2481 frequentissimo

27 2518 30 2523 ’
114 2506 348 2574 theatro,
389 2499 691 2564 incredibili
720 2506 952 2563 clamore
977 2514 1030 2563 et
1060 2508 1253 2581 plausu
1284 2509 1666 2580 comprobavit.
1708 2530 1762 2566 v.
1786 2529 1835 2567 c.
1863 2516 1954 2568 50.

43 2580 62 2626 s
119 2613 206 2664 77.
248 2626 292 2664 c..
319 2613 408 2664 51.
448 2613 536 2664 79.

173 2708 260 2754 Cic.
288 2724 364 2769 pro
390 2708 562 2753 Plancio
591 2723 628 2753 c.
648 2711 719 2752 32.
749 2710 826 2753 78.
856 2709 948 2762 Aa,
983 2724 1119 2767 quum
1144 2708 1344 2768 popalus
1379 2710 1603 2754 Romanas
1635 2710 1718 2754 illo
1750 2721 1954 2758 senatus·

113 2784 337 2842 consulto,
383 2785 502 2847 qapd
522 2787 571 2830 in
602 2793 880 2830 monumento
916 2786 1054 2829 Marii
1071 2785 1256 2842 sactum
1289 2793 1379 2841 est,
1413 2802 1499 2846 quo
1531 2803 1629 2831 mea
1661 2787 1789 2832 salus
1815 2792 1957 2835 omni·

114 2863 196 2907 bas
223 2870 291 2907 est
313 2863 522 2924 gentibus
550 2863 875 2918 commendata,
903 2864 984 2907 uni
1011 2865 1084 2907 Cn.
1103 2861 1290 2905 Plancio
1311 2863 1490 2923 gratias
1517 2865 1686 2923 egerit,
1722 2892 1782 2900 —
1812 2869 1856 2911 ei
1877 2884 1956 2929 ego

32 2936 35 2940 ’
114 2957 143 2984 a
173 2956 242 2984 me
272 2939 552 2999 referendam
585 2941 782 3002 gratiam
809 2956 895 2983 non
918 2940 1111 3000 putem?
1174 2938 1316 2984 Valer.
1353 2943 1458 2984 Max.
1491 2954 1520 2984 1.
1556 2957 1592 2985 c.
1613 2945 1735 2986 7.·5.
1765 2946 1821 2988 In
1849 2946 1956 2990 aede

115 3019 238 3061 Iovis
267 3018 470 3061 Mariana
503 3017 950 3062 senatusconsultum
988 3016 1040 3061 de
1067 3016 1214 3061 reditu
1244 3019 1340 3061 cias
1371 3020 1636 3079 (Ciceronis)
1665 3027 1734 3064 est
1755 3021 1954 3080 factum.

113 3095 253 3140 Schol.
285 3094 386 3139 Bob.
421 3094 474 3139 ad
508 3098 629 3140 Orat.
659 3112 734 3156 pro
764 3087 907 3140 Sextio
934 3112 974 3156 p.
1005 3097 1109 3139 305.
1144 3096 1218 3139 Ea
1251 3097 1424 3141 scilicet
1456 3097 1549 3153 die,
1583 3115 1673 3158 qua
1705 3108 1955 3160 spectatum

113 3179 290 3217 venerat
325 3171 454 3216 ludos
487 3174 679 3218 Honoris
711 3181 846 3234 atque
878 3172 1094 3227 Virtutis,
1130 3173 1211 3233 qm·
1241 3174 1521 3219 celebrantur·
1547 3175 1596 3218 in
1627 3178 1882 3223 memoriam
1909 3187 1954 3224 et

117 3249 319 3294 honorem
348 3251 391 3294 C.
411 3252 572 3307 Marii,
607 3268 635 3295 a
667 3267 752 3312 quo
784 3266 856 3295 res
884 3248 994 3294 bello
1027 3249 1238 3293 Cimbrico
1261 3252 1472 3310 feliciter
1494 3260 1650 3314 gestae
1680 3261 1799 3298 sunt.
1862 3257 1953 3300 Iis·

118 3325 215 3371 dem
242 3326 362 3372 ludis
383 3329 520 3372 etiam
538 3328 738 3390 populus
754 3327 971 3390 dignitati
997 3326 1217 3371 Ciceronis
1242 3329 1303 3372 ad
1322 3330 1650 3375 restitutionem
1671 3332 1958 3394 suffragatus

118 3409 198 3448 est.
260 3404 342 3450 eie.
373 3421 450 3467 pro
472 3406 615 3451 Sextio
638 3422 673 3451 c.
694 3409 767 3451 55.
796 3408 898 3450 118.
931 3405 1024 3461 Et,
1051 3406 1260 3466 quoniam
1280 3407 1419 3466 facta
1441 3409 1605 3452 mentio
1631 3416 1700 3453 est
1728 3409 1954 3469 ludorum,

117 3496 173 3526 ne
197 3478 317 3526 illud
340 3483 515 3543 quidem
542 3484 900 3544 praetermittam
919 3516 933 3540 ‚
965 3483 1013 3528 in
1046 3499 1207 3545 magna
1235 3486 1453 3533 varietate
1479 3489 1799 3534 sententiarum
1829 3507 1955 3535 mum-
