2210 3970
461 264 516 319 Ι..
542 265 603 323 Χ.
648 265 928 322 cxxxll.
973 265 1100 339 §91
1146 294 1221 304 —
1260 280 1305 318 c.
1331 262 1567 320 XXXIV.
1612 261 1764 337 §94.
1945 267 2047 318 501

218 417 364 474 nullo
403 422 624 478 consilio
664 424 836 479 vitare
874 437 1193 496 possumuS‚
1232 422 1544 493 eventisque
1583 420 1813 475 aliorum
1851 434 2048 474 memo-

215 520 298 575 ria
337 523 642 594 repetendis
662 565 676 588 ‚
707 523 842 579 nihil
882 522 1142 579 accidisse
1174 520 1327 577 nobis
1358 522 1481 575 novi
1514 521 1829 592 cogitemus.
1873 518 2007 573 Tota
2031 524 2047 556 ²

215 620 360 676 enim
393 620 829 695 philosophorum
871 624 1017 688 vita,
1058 628 1119 678 ut
1147 620 1297 677 Plato
1341 621 1443 685 ait,
1495 619 1878 675 commentatio
1910 634 2050 673 mor·

210 719 285 775 tis
323 725 426 779 est.
507 725 598 777 93.
641 721 776 778 Nam
822 722 954 795 quid
988 721 1134 778 aliud
1182 721 1423 794 agimus,
1468 735 1638 792 quum
1677 734 1709 774 a
1741 717 2051 790 voluptate,

210 817 266 875 id
287 825 370 875 est
389 834 675 894 acorpore
695 863 710 886 ,
744 838 914 894 quum
949 838 980 878 a
1011 838 1071 878 re
1091 819 1344 877 familiari
1365 861 1380 886 ,
1419 836 1558 892 quae
1589 824 1674 874 est
1710 819 1965 874 ministra
1993 825 2049 874 et

209 915 410 976 famula
443 921 718 994 corporiS,
758 938 927 994 quum
961 939 992 979 a
1030 921 1331 996 republica,
1373 936 1543 994 quum
1582 936 1614 975 a
1653 920 1867 992 negotio
1895 919 2045 975 omni

208 1033 522 1077 sevocamus
561 1022 840 1079 animum?
883 1022 1050 1091 Quid,
1089 1023 1341 1096 inquam,
1374 1028 1493 1077 tum
1526 1021 1739 1094 agimus
1759 1062 1775 1086 ,
1796 1020 1901 1075 nisi
1931 1021 2045 1075 ani-

206 1135 358 1176 mum
393 1120 460 1177 ad
488 1122 724 1195 seipsum
765 1122 1088 1180 advocamus
1107 1165 1122 1188 ,
1145 1139 1329 1179 secum
1364 1138 1481 1178 esse
1514 1121 1765 1193 cogimus
1779 1120 2038 1176 maxime·

205 1234 312 1292 que
365 1236 396 1276 a
449 1237 671 1295 corpore
722 1221 1085 1278 abducimus?
1176 1222 1467 1278 Secernere
1513 1228 1696 1277 autem
1735 1236 1768 1276 a
1818 1235 2040 1293 corpore

202 1320 447 1376 animum
469 1320 866 1394 necquidquam
888 1321 1036 1377 aliud
1056 1328 1164 1386 est,
1198 1338 1361 1394 quam
1382 1322 1554 1376 emori
1572 1320 1797 1376 discere.
1858 1320 2037 1388 Quare

202 1417 304 1476 hoc
335 1426 800 1486 commentemur,
839 1420 1181 1484 mihicrede:
1214 1420 1698 1493 disiungamusque
1723 1435 1822 1474 nos
1861 1435 1894 1475 a
1922 1436 2037 1476 cor·

199 1517 422 1594 poribus
441 1561 458 1586 ,
486 1518 548 1576 -id
586 1525 697 1586 est,
735 1536 1153 1577 consuescamus
1186 1521 1343 1577 mori.
1396 1519 1508 1576 Hoc
1545 1526 1631 1586 et,
1663 1519 1796 1575 dum
1830 1521 2036 1577 erimus

198 1621 256 1678 in
294 1620 459 1678 terris
479 1663 495 1688 ,
530 1622 635 1679 erit
661 1620 740 1677 illi
771 1621 990 1678 caelesti
1029 1622 1172 1679 vitae
1221 1621 1432 1678 simile:
1475 1627 1566 1687 et,
1594 1637 1766 1695 quum
1804 1619 1935 1677 illuc
1967 1637 2033 1678 ex

196 1719 284 1779 bis
326 1722 561 1780 vinculis
605 1723 792 1780 emissi
832 1722 1102 1789 feremur,
1136 1723 1320 1780 minus
1339 1722 1647 1780 tardabitur
1683 1738 1880 1779 cursus
1911 1722 2030 1779 ani-

192 1837 429 1886 morum.
518 1821 653 1880 Nam
702 1823 797 1897 qui
837 1823 893 1879 in
945 1822 1294 1898 compedibus
1353 1824 1595 1898 corporis
1647 1839 1863 1897 semper
1916 1822 2027 1879 l'ue·

189 1928 357 2002 runt,
396 1924 560 1980 etiam
592 1938 763 1997 quum
802 1922 965 1980 soluti
1015 1931 1174 1990 sunt,
1231 1922 1441 1980 tardius
1499 1913 1907 1997 ingrediuntur3
1964 1931 2027 1980 ut

188 2022 258 2090 ii,
295 2024 391 2098 qui
424 2022 567 2080 ferro
602 2024 773 2079 vincti
811 2023 1012 2094 multos
1050 2041 1220 2080 annos
1253 2023 1491 2080 suerunt.
1571 2023 1688 2092 Quo
1726 2039 1898 2097 quum
1936 2040 2025 2081 ve-

184 2124 429 2181 nerimus
448 2166 465 2191 ,
502 2131 623 2181 tum
663 2124 896 2198 denique
927 2126 1189 2181 vivemus.
1271 2123 1406 2180 Nam
1460 2124 1594 2180 haec
1634 2124 1854 2198 quidem
1905 2125 2019 2181 vita

184 2239 333 2282 mors
382 2230 497 2282 est:
538 2241 701 2299 quam
740 2224 1028 2282 lamentari
1067 2241 1278 2299 possem
1299 2267 1315 2291 ,
1343 2226 1390 2281 si
1416 2225 1624 2282 liberet.

254 2424 494 2485 XXXIV.
571 2429 662 2483 94.
705 2426 846 2483 Sed²
878 2426 1014 2483 mihi
1043 2426 1153 2484 sere
1179 2429 1312 2484 satis
1339 2435 1450 2494 est,
1483 2426 1626 2501 quod
1658 2428 1800 2493 vixi,
1841 2425 1922 2483 vel
1949 2426 2018 2483 ad

176 2533 407 2585 aetatem
445 2526 529 2584 vel
567 2527 635 2584 ad
658 2527 913 2601 gloriam.
991 2527 1132 2597 Quid
1154 2534 1175 2568 ⁸
1222 2530 1368 2585 enim
1402 2534 1520 2595 est,
1553 2527 1697 2601 quod
1730 2527 1867 2584 mihi
1906 2528 2015 2583 iam

169 2627 247 2686 ad
279 2606 432 2686 vitae
470 2627 711 2687 fructum
762 2631 930 2703 possit
988 2631 1236 2703 acquiri,
1282 2631 1602 2704 praesertim
1631 2629 1802 2703 quum
1841 2645 2016 2702 neque

171 2730 229 2786 in
285 2726 487 2786 honore
530 2729 841 2795 hominum,
906 2747 1079 2803 neque
1124 2730 1180 2785 in
1232 2730 1403 2803 gloria
1448 2730 1672 2786 virtutis
1715 2729 2014 2803 quidquam

169 2828 381 2887 videam
417 2829 609 2897 altiuS,
648 2847 756 2904 quo
774 2830 994 2904 quidem
1022 2831 1159 2887 mihi
1198 2830 1359 2887 libeat
1393 2829 1714 2886 ascendere?
1768 2830 1827 2887 Si
1846 2836 1869 2869 ⁴
1901 2831 2011 2886 iam

167 2945 329 2987 vocer
383 2929 452 2986 ad
490 2931 698 2986 exitum
739 2931 911 2997 vitae,
950 2947 1056 2986 non
1097 2930 1164 2987 ab
1216 2947 1278 2986 ea
1323 2928 1598 3002 republica
1635 2928 1866 2994 avellar,
1901 2946 2009 3002 qua

166 3029 462 3088 carendum
489 3048 607 3087 esse
644 3031 851 3088 doleam
871 3074 888 3098 ‚
926 3032 1247 3105 praesertim
1279 3047 1449 3104 quum
1482 3030 1544 3086 id
1570 3031 1686 3086 sine
1714 3030 1822 3086 ullo
1842 3026 2019 3086 sensu'

168 3130 417 3188 futurum
469 3133 559 3190 sit.
641 3131 873 3213 Adiuvat
912 3133 1075 3188 etiam
1116 3139 1263 3188 aetas
1297 3139 1351 3188 et
1383 3138 1511 3188 acta,
1545 3132 1653 3187 iam
1691 3131 1831 3195 vita,
1867 3147 2005 3204 quae

168 3248 337 3305 quum
371 3249 537 3288 cursu
577 3249 674 3287 suo
707 3231 840 3288 bene
875 3231 1115 3288 consecto
1161 3232 1488 3297 delectatur,
1530 3239 1649 3287 tum
1683 3238 1828 3287 vetat
1861 3234 1917 3287 in
1941 3250 2008 3288 eo

224 3495 263 3560 ι’)
293 3502 417 3546 Tusc.
442 3503 474 3546 1.
507 3515 543 3545 c.
573 3504 644 3546 30.
680 3503 704 3559 §
738 3503 812 3547 74.
846 3527 904 3536 —
938 3505 978 3561 2)
1010 3501 1193 3563 Philipp.
1230 3504 1263 3547 Ι.
1296 3504 1425 3549 c.15.
1462 3503 1486 3559 §
1519 3503 1593 3546 38.
1627 3526 1687 3535 —
1718 3500 1759 3560 δ)
1792 3502 1838 3546 in
1871 3502 1995 3548 Catil.

159 3581 238 3624 ΙΙΙ.
271 3594 308 3624 c.
329 3580 398 3623 12.
435 3579 549 3636 §28.
584 3606 642 3614 --
675 3581 715 3639 ³¹)
750 3579 882 3640 Epist.
901 3579 953 3625 ad
979 3584 1025 3625 Α.
1044 3583 1314 3641 Torquatum
1344 3579 1418 3638 (ad
1441 3581 1558 3625 Fam.
1573 3582 1658 3643 vl„
1684 3583 1726 3624 4.
1761 3581 1873 3639 §4.)
