2210 3970
253 221 359 273 494
831 235 1042 273 menno
1089 234 1158 271 nn
1207 233 1346 271 νιΤΑ
1392 232 1499 271 sua

249 367 474 430 hamur,
531 373 648 422 tum
682 368 915 423 maxime
955 364 1486 439 philosophahamur;
1544 365 1685 438 quod
1724 372 1778 423 et
1817 369 2084 426 orationes

246 466 546 532 declarant,
599 465 828 522 refertae
878 465 1314 539 philosophorum
1367 466 1650 522 sententiis
1670 509 1685 530 ,
1743 474 1799 523 et
1835 467 2082 525 doctissi-

248 581 462 622 morum
502 565 782 623 hominum
821 566 1216 622 familiaritates
1236 606 1252 632 ,
1293 567 1489 638 quihus
1517 582 1731 639 semper
1761 565 1954 623 domus
1993 578 2087 624 no·-

248 674 363 724 stra
402 668 617 735 floruit,
655 674 709 723 et
741 668 1013 741 principes
1045 667 1123 722 illi
1145 710 1160 733 ‚
1200 666 1460 723 Diodotus
1479 709 1496 734 ‚
1535 665 1718 734 Philo,
1756 666 2086 735 Antiochus,

247 767 591 834 Posidonius,
643 785 675 823 a
715 767 911 840 quihus
950 767 1188 822 instituti
1229 783 1436 823 sumus,
1514 767 1617 832 Et,
1662 767 1710 827 si
1748 768 1932 823 omnia
1966 768 2085 842 phi-

246 867 516 940 losophiae
553 872 838 939 praecepta
857 864 1171 921 referuntur
1189 865 1257 920 ad
1286 867 1455 922 vitam
1475 903 1491 932 ,
1529 867 1863 923 arbitramur
1900 885 1998 924 nos
2029 873 2087 925 et

246 967 478 1039 puhlicis
525 972 580 1021 et
629 965 856 1038 privatis
894 966 952 1019 in
989 965 1153 1020 rebus
1190 981 1254 1020 ea
1292 967 1655 1038 praestitisse,
1694 984 1832 1039 quae
1859 970 2000 1024 ratio
2030 975 2087 1025 et

247 1067 494 1122 doctrina
532 1065 959 1139 praescripserit.
1042 1068 1131 1121 79.
1175 1065 1279 1121 Sed
1301 1071 1319 1104 ¹
1361 1065 1617 1123 damme
1651 1066 1930 1136 ambitio,
1953 1067 2085 1125 dum

248 1167 476 1222 honores
496 1206 512 1231 ‚
551 1165 682 1221 dum
726 1177 949 1221 caussae
967 1205 983 1231 ,
1024 1165 1156 1221 dum
1194 1165 1523 1239 reipublicae
1559 1183 1667 1222 non
1701 1166 1880 1224 solum
1919 1178 2052 1224 cura
2071 1203 2089 1235 ,

247 1267 341 1323 sed
373 1266 638 1340 quaedam
676 1266 841 1333 etiam
872 1266 1184 1338 procuratio
1214 1265 1405 1321 multis
1430 1265 1628 1322 *officiis
1664 1266 2003 1340 implicatum
2033 1275 2089 1324 et

246 1369 602 1424 constrictum
635 1367 878 1433 tenebat,
915 1366 1047 1423 haec
1081 1365 1292 1423 inclusa
1330 1367 1628 1431 habebam:
1666 1374 1753 1435 et,
1789 1385 1858 1425 ne
1889 1367 2092 1425 obsole-

248 1476 490 1534 scerent,
529 1467 851 1524 renovabam
872 1508 888 1533 ,
941 1483 1112 1540 quum
1150 1465 1375 1532 licebat,
1415 1466 1657 1539 legendo.
1736 1467 1891 1525 Nunc
1922 1481 2052 1525 vero
2069 1503 2086 1535 ‚

247 1576 303 1625 et
336 1569 584 1625 fortunae
611 1569 931 1641 gravissimo
961 1582 1252 1640 percussus
1281 1565 1536 1633 vulnere,
1563 1572 1629 1622 et
1665 1566 2089 1625 administratio·-

247 1685 316 1726 ne
359 1667 688 1744 reipublicae
725 1668 987 1725 liberatus
1005 1710 1025 1734 ,
1082 1667 1281 1723 doloris
1325 1666 1653 1723 medicinam
1692 1683 1724 1723 a
1755 1667 2090 1743 philosophia

248 1778 370 1845 peto
390 1808 405 1836 ,
463 1777 518 1826 et
579 1768 698 1825 otii
727 1769 1136 1826 oblectationem
1186 1767 1336 1824 hanc
1396 1767 1835 1825 honestissimam
1886 1769 2092 1827 iudico.

247 1874 357 1929 Aut
388 1872 534 1927 enim
573 1867 702 1926 huic
725 1871 889 1926 aetati
922 1870 1022 1925 hoc
1046 1870 1283 1925 maxime
1309 1864 1639 1941 aptum'est;
1677 1875 1774 1925 aut
1798 1870 1868 1925 iis
1893 1869 2090 1937 rebus,

247 1973 294 2026 si
314 1985 449 2044 quas
474 1971 666 2043 dignas
685 1970 844 2025 laude
875 1971 1170 2042 gessimus,
1209 1968 1310 2024 hoc
1338 1969 1396 2022 in
1420 1969 1613 2040 primis
1638 1975 2088 2034 consentaneum:

246 2078 343 2126 aut
375 2072 540 2127 etiam
592 2070 659 2126 ad
712 2076 923 2125 nostros
962 2068 1107 2124 cives
1145 2067 1470 2124 crudiendos
1509 2067 1645 2123 nihil
1678 2068 1920 2133 utilium,
1955 2077 2053 2125 aut
2069 2106 2086 2136 ,

247 2172 295 2226 si
322 2171 458 2226 haec
487 2172 565 2226 ita
596 2183 703 2226 non
736 2176 888 2235 sunt,
942 2168 1078 2224 nihil
1121 2168 1273 2224 aliud·
1307 2167 1490 2232 video,
1529 2168 1673 2241 qnod
1711 2185 1871 2241 agere
1915 2170 2090 2242 possi-

247 2286 387 2327 mus,
471 2276 560 2328 80.
604 2273 661 2328 Si
681 2274 702 2310 2
742 2272 866 2344 quis
904 2271 1077 2343 igitur
1117 2270 1378 2343 requirit,
1424 2285 1564 2342 quae
1613 2278 1808 2326 caussa
1844 2286 1942 2326 nos
1986 2272 2087 2328 im-
2196 2275 2202 2285 ’

249 2373 483 2445 pulerit,
525 2380 588 2429 ut
618 2373 751 2429 haec
797 2379 910 2429 tam
954 2388 1074 2428 sero
1112 2371 1312 2448 litteris
1344 2370 1766 2438 mandaremus,
1804 2371 1941 2428 nihil
1973 2378 2056 2428 cst
2068 2374 2098 2440 ,Ψ

246 2472 391 2544 quod
430 2473 680 2545 expedire
723 2479 837 2528 tam
876 2472 1030 2528 facile
1076 2473 1367 2545 possimus,
1439 2471 1574 2528 Nam
1623 2489 1797 2544 quum
1834 2473 1945 2528 otio
1973 2472 2087 2530 lan·

248 2587 564 2645 gueremnS,
623 2580 679 2628 et
729 2575 776 2628 is
823 2580 965 2628 esset
1011 2572 1342 2645 reipublicae
1380 2577 1588 2638 statua,
1645 2579 1707 2628 ut
1750 2589 1871 2629 eam
1922 2574 2088 2630 unius

247 2673 474 2730 consilio
503 2680 665 2746 atque
698 2678 830 2729 cura
855 2673 1146 2745 gubernari
1169 2687 1387 2728 necesse
1415 2679 1593 2737 esset;
1629 2673 1869 2745 primum
1913 2675 2088 2747 ipsius

248 2774 575 2847 reipublicae
626 2786 817 2830 caussa
868 2771 1258 2846 philosophiam
1309 2772 1510 2827 nostris
1556 2771 1866 2845 hominihus
1914 2774 2086 2848 expli·-

246 2859 477 2931 ea'ndam
545 2875 766 2948 putavi,
844 2875 1028 2947 magni
1095 2873 1412 2929 existimans
1473 2873 1737 2930 interesse·
1794 2873 1863 2930 ad
1920 2874 2088 2933 decus

246 2980 303 3031 et
342 2975 410 3030 ad
446 2974 662 3031 laudem
696 2975 956 3040 civitatiS,
1008 2990 1095 3029 res
1135 2980 1245 3029 tam
1298 2989 1488 3046 graves
1533 2980 1752 3046 tamque
1783 2964 2087 3048 praeclaras

248 3075 454 3132 Latinis
494 3076 659 3131 etiam
710 3075 909 3131 litteris
966 3075 1250 3130 contineri.
1349 3074 1535 3147 quue
1572 3088 1662 3130 me
1698 3075 1882 3133 minus
1935 3076 2088 3133 insti·
2190 3127 2193 3130 ,

250 3177 357 3231 tuti
390 3177 497 3232 mei
526 3167 799 3250 poenitet,
839 3175 981 3249 quod
1013 3175 1168 3231 facile
1201 3176 1374 3243 sentio
1396 3216 1415 3241 ,
1451 3192 1618 3248 quam
1647 3175 1946 3232 multorum
1979 3193 2086 3233 non
2136 3192 2139 3197 ·

250 3276 407 3332 modo
458 3277 729 3344 discendi,
788 3277 881 3334 sed
919 3279 1082 3333 etiam
1120 3276 1391 3332 scribendi
1435 3275 1616 3332 studia
1668 3278 2085 3341 commoverim3

255 3413 470 3431 *ιιι

317 3525 356 3581 ¹)
390 3520 587 3567 Academ.
624 3524 777 3567 Foster.
814 3524 847 3565 l.
882 3536 915 3564 c.
954 3523 994 3564 3.
1029 3520 1142 3577 §tt
1178 3545 1236 3553 -
1271 3523 1311 3578 2)
1344 3519 1396 3563 de
1428 3521 1476 3564 N.
1514 3523 1564 3564 D‘.
1599 3522 1633 3564 1.
1668 3534 1702 3563 e.
1740 3521 1780 3563 4.
1816 3519 1907 3576 §¹7.
