2210 3970
227 207 331 259 4023
796 214 1005 255 clcsno
1054 217 1121 254 ni:
1172 216 1309 254 viu
1361 216 1465 256 sua

227 354 295 410 ad
331 354 608 409 Caesarem
643 352 859 407 mittere
896 358 950 407 et
982 366 1108 406 cum
1146 367 1209 405 eo
1245 350 1338 406 Cn.
1380 349 1722 413 Sallustium;
1761 351 1854 407 sed
1875 358 1892 390 ¹
1932 367 2047 410 mu-

227 456 463 510 tavimus
497 452 812 517 consilium,
834 453 961 524 quia
990 451 1055 506 de
1077 451 1221 506 illius
1241 456 1262 488 2
1297 450 1618 507 Alexandria
1649 450 1890 506 discessu
1915 453 2050 508 nihil

227 555 403 609 adhuc
452 553 722 618 rumoriS,
775 559 1069 623 contraque
1108 551 1315 622 opini0,
1367 549 1519 604 valde
1558 566 1674 604 esse
1712 551 2050 623 impeditum.

227 655 414 725 ltaque
453 670 551 709 nec
588 655 751 719 misi,
790 662 852 709 ut
884 653 1299 716 constitueram,
1338 650 1684 716 Ciceronem,
1721 657 1776 707 et
1811 654 2054 710 Atticum

227 756 448 826 rogavi,
499 761 561 810 ut
599 771 688 810 me
725 755 853 809 hinc
891 753 1182 826 expediret.
1275 751 1509 820 Quodvis
1545 752 1693 807 enim
1723 754 2056 826 supplicium

229 855 402 911 levius
438 862 556 910 erat
588 855 688 909 hac
728 855 1119 924 permansione.
1198 853 1340 920 Quin
1372 852 1472 908 hac
1505 852 1572 908 de
1602 860 1754 910 reret
1791 853 1859 908 ad
1893 855 2058 910 Anto·

232 959 384 1011 nium
424 956 643 1028 scripsi,
682 960 736 1008 et
768 953 836 1008 ad
868 953 1089 1009 Balbum
1117 959 1172 1008 et
1203 953 1270 1007 ad
1298 952 1546 1025 Oppium.
1626 953 1751 1008 Sive
1776 956 1921 1010 enim
1954 954 2059 1010 bel-

233 1057 347 1111 lum
399 1057 457 1110 in
490 1055 646 1111 Italia
680 1054 930 1109 >futurum
963 1060 1133 1118 esset,
1172 1054 1286 1108 sive
1316 1052 1578 1109 classibus
1610 1061 1937 1119 certaretur3
1975 1056 2062 1111 hic

231 1172 354 1211 esse
380 1173 468 1213 me
487 1198 503 1222 ,
523 1155 767 1210 >minime
797 1152 1165 1209 conveniebat.

310 1354 425 1410 VII.
508 1357 600 1409 19.
637 1353 818 1409 Pridie
835 1359 858 1394 δ
896 1353 1026 1410 Idus
1058 1353 1205 1409 Sext.
1245 1351 1487 1408 redditae
1519 1352 1654 1414 mihi
1687 1354 1904 1411 tandem
1937 1363 2066 1411 sunt

237 1473 269 1511 a
306 1456 536 1511 Caesare
581 1454 794 1511 litterae
843 1455 977 1510 satis
1013 1453 1259 1509 liberales
1295 1470 1362 1519 ex
1403 1457 1676 1528 Aegypto,
1725 1464 1791 1510 ut
1810 1461 1834 1494 ⁴
1871 1476 2072 1525 essem

236 1557 428 1623 idem,
477 1557 586 1630 qui
620 1557 907 1630 fuissem.
996 1556 1126 1623 Qui,
1170 1570 1340 1627 quum
1380 1556 1494 1627 ipse
1525 1555 1824 1629 Imperator
1862 1559 1922 1613 in
1957 1564 2072 1621 toto

240 1658 466 1729 imperio
502 1657 685 1730 populi
728 1655 975 1711 1101113111,
993 1671 1136 1710 unus
1171 1661 1315 1710 esset
1334 1696 1350 1719 ,
1401 1671 1518 1710 esse
1555 1671 1648 1710 me
1681 1656 1914 1713 alterum
1950 1639 2069 1731 pas-

242 1774 338 1813 sus
374 1764 488 1821 est.;
535 1772 569 1813 a
599 1774 738 1829 quo,
788 1756 843 1812 C.
885 1756 1059 1811 Pansa
1097 1754 1241 1811 mihi.
1278 1756 1534 1811 nuntium
1573 1756 1900 1837 perferente,
1947 1775 2072 1814 con-

242 1874 420 1914 cessos
464 1857 636 1913 fasces
678 1856 947 1912 laureatos
985 1856 1166 1921 tenui,
1217 1855 1392 1928 quoad
1426 1855 1687 1912 tenendos
1719 1859 1934 1929 putavi;
1979 1859 2076 1930 qui

244 1958 380 2014 mihi
412 1966 531 2013 tum
574 1957 808 2030 denique
837 1975 895 2013 se
932 1957 1161 2012 salutem
1194 1957 1411 2029 putavit
1443 1956 1609 2023 dare,
1659 1959 1706 2012 si
1744 1975 1864 2013 eam
1909 1958 2076 2014 nullis

244 2059 525 2133 spoliatam
556 2059 891 2113 ornamentis
920 2057 1171 2112 dedisset.
1251 2057 1357 2114 Sed
1374 2064 1397 2095 ⁵
1436 2059 1493 2112 in
1525 2060 1693 2113 tantis
1710 2060 1926 2114 vnostris
1952 2076 2071 2131 pec-

244 2161 384 2214 catis
434 2160 708 2230 tantisque
739 2163 1049 2212 nostrorum
1086 2157 1305 2218 iniuriis
1341 2156 1478 2213 nihil
1509 2164 1656 2223 erat,
1685 2158 1836 2230 quod
1874 2165 1971 2214 aut
2002 2158 2074 2214 fa·

247 2276 373 2316 cere
401 2258 626 2331 dignum
665 2257 817 2312 nohis
848 2263 943 2312 aut
969 2256 1227 2313 simulare
1262 2274 1491 2335 possem.
1567 2259 1647 2314 Ea
1664 2265 1690 2297 θ
1719 2260 1863 2314 enim
1895 2266 2012 2315 erat
2045 2277 2076 2314 a

248 2361 402 2424 nohis
458 2364 736 2413 eontracta
790 2357 977 2430 culpa,
1036 2364 1101 2412 ut
1148 2358 1299 2412 omni
1349 2365 1525 2424 statu,
1566 2358 1835 2431 ’omnique
1884 2360 2080 2433 populo

250 2460 499 2516 eumdem
551 2461 759 2513 exitum
816 2458 1067 2512 habitura
1123 2458 1413 2514 videretur.
1512 2462 1600 2515 20.
1651 2459 1890 2515 Tandem
1909 2466 1933 2498 ⁷
1984 2461 2075 2516 ali·

251 2559 473 2632 quando
508 2559 706 2613 Romae
745 2573 862 2611 esse
905 2558 1195 2628 coepimus
1285 2558 1399 2628 Ego
1417 2563 1439 2595 ⁸
1479 2559 1624 2613 enim
1663 2575 1788 2613 cum
1827 2561 1964 2615 meis
2008 2563 2078 2635 (si

252 2661 548 2733 quidquam
583 2667 712 2714 tunc
745 2659 1065 2730 cuiusquam
1104 2657 1242 2731 erat)
1282 2659 1448 2714 etiam
1481 2659 1538 2713 in
1570 2660 1706 2714 meis
1736 2677 1852 2715 esse
1890 2663 2075 2718 malui.

253 2761 393 2816 Veni
429 2760 679 2823 domum,
718 2775 824 2811 non
862 2774 967 2829 quo
998 2759 1202 2829 optima
1238 2758 1454 2813 vivendi
1491 2759 1727 2814 conditio
1765 2768 1932 2817 esset:
1985 2763 2079 2818 sed

252 2868 437 2916 tamen
457 2902 472 2924 ,
525 2860 574 2914 si
603 2864 743 2914 esset
781 2858 961 2930 aliqua
991 2857 1162 2913 forma
1194 2858 1519 2930 reipublicae
1539 2902 1556 2925 ,
1593 2866 1872 2933 tamquam
1905 2863 1961 2917 in
1988 2881 2078 2935 pa-

253 2964 363 3018 tria
393 2968 459 3017 ut
487 2977 686 3025 essem,
723 2961 771 3014 si
799 2959 975 3025 nulla,
1013 2965 1290 3032 tamquam
1319 2961 1378 3015 in
1399 2961 1601 3017 exsilio.
1681 2963 1908 3019 Mortem
1944 2964 2079 3018 mihi

256 3081 357 3119 cur
413 3063 829 3126 consciscerem,
887 3078 1077 3116 caussa
1128 3061 1276 3116 nulla
1324 3062 1439 3117 visa
1489 3069 1601 3125 est;
1656 3080 1756 3119 cur
1803 3071 2041 3136 optarem
2063 3108 2079 3130 ,

323 3283 360 3339 ¹)
393 3280 501 3324 lbid.
528 3282 638 3325 XIV.
668 3282 739 3323 15.
773 3304 831 3311 —
866 3280 904 3335 2)
938 3277 992 3321 ad
1022 3280 1110 3320 Att.
1126 3279 1199 3321 XI.
1227 3280 1297 3321 18.
1333 3278 1417 3335 §L
1450 3304 1509 3311 —
1540 3279 1580 3330 5)
1613 3280 1745 3342 Epist.
1764 3280 1816 3326 acl
1835 3284 2078 3329 Terentiam

259 3357 343 3423 (ad
367 3360 484 3402 Fam.
517 3361 632 3403 XIV.
666 3360 761 3416 23.)
794 3383 851 3388 —
883 3358 923 3414 4)
956 3371 1031 3417 pro
1063 3354 1230 3414 Ligario
1257 3370 1294 3400 e.
1320 3359 1360 3399 3.
1395 3358 1419 3414 ᾗ
1447 3359 1486 3400 ’7.
1519 3383 1579 3390 --
1611 3360 1652 3417 5)
1684 3358 1736 3404 ad
1769 3364 1860 3404 Att.
1894 3363 1967 3405 XI.
2007 3365 2080 3406 21.

262 3437 345 3492 §3.
379 3462 438 3468 -—
470 3438 510 3494 6)
542 3435 651 3479 lbid.
686 3437 758 3479 XI.
793 3437 866 3478 24.
900 3435 983 3491 51.
1018 3460 1074 3467 —-
1109 3435 1148 3491 7)
1180 3433 1312 3494 Epist.
1345 3432 1399 3478 ad
1430 3433 1611 3478 Matium
1647 3436 1720 3493 (ad
1752 3441 1870 3486 Fam.
1904 3442 1977 3485 xl.
2010 3442 2083 3484 27.

265 3513 371 3570 §5.)
407 3539 460 3545 -
497 3514 535 3569 ξζ)
569 3512 701 3573 Epist.
730 3511 780 3556 ad
814 3511 1063 3556 MMarium
1100 3509 1173 3568 (ad
1209 3514 1327 3556 Fam.
1357 3513 1454 3557 VH.
1490 3515 1527 3555 3.
1566 3512 1672 3571 §3.)
