2210 3970
224 245 331 297 624
682 257 1009 297 ANNALES
1066 259 1577 298 οιοΕΒοΝιΑΝῐ.

251 388 461 435 ’8311ιιετ.
495 389 620 434 catil.
665 404 702 434 c.
728 392 800 432 28.
834 390 985 449 Igitur
1023 390 1283 449 perterritis
1330 406 1383 434 ac
1430 388 1741 434 dubitantibus
1783 389 1966 444 ceteris,
2009 391 2056 434 C.

225 467 477 523 Cornelius,
511 481 643 526 eques
662 468 913 522 Romamw,
947 482 1122 527 operam
1149 482 1277 510 suam
1301 467 1567 528 pollicitae,
1602 474 1647 510 et
1676 482 1775 510 cum
1803 481 1851 509 eo
1878 468 1928 511 L.
1949 468 2056 509 Var-

215 544 429 604 gunteius
461 551 666 599 senator,
710 545 977 588 constituere
1010 561 1060 588 ea
1092 553 1216 589 nocte
1239 546 1402 606 paullo
1429 553 1534 606 post
1566 561 1664 589 cam
1696 545 1883 588 armatis
1916 544 2053 587 homi-

218 622 372 674 nibus,
419 621 557 666 sicuti
586 621 836 666 salutatum
853 655 866 678 ,
910 622 1097 665 introire
1129 622 1190 666 ad
1223 624 1467 668 Ciceronem
1497 641 1550 668 ac
1581 622 1634 666 de
1662 622 1901 682 improviso
1933 622 2052 666 (lomi

217 714 326 743 suae
356 700 626 760 imparatum
652 698 900 757 confodere.
963 699 1186 744 Plutarch.
1220 702 1302 746 cic.
1334 718 1371 746 c.
1401 707 1474 747 16.
1510 707 1552 747 1.
1597 700 1778 747 Οὐκέτι
1812 700 2050 762 καρτερῶν

219 777 303 835 τήν
334 776 567 837 μέλλησιν
597 777 624 823 ὁ
652 780 947 836 Κατιλίνας,
983 778 1133 831 αὐτὸς
1157 777 1246 839 μὲν
1272 779 1488 840 ἐκπηδᾶν
1515 780 1628 844 ἔγνω
1657 781 1778 842 πρὸς
1803 780 1891 826 τὸν
1910 781 2049 825 Μάλ·

218 857 327 902 λιον
364 856 447 902 ἐπὶ
495 856 549 904 τὸ
589 860 892 920 στράτευμα,
943 860 1174 920 Μάρκιον
1205 858 1260 905 δὲ
1301 865 1381 906 καὶ
1413 860 1635 924 Κέθηγον
1666 859 1888 906 ἐκέλευσε
1931 859 2051 918 ξίφη

217 935 460 995 λαβόντας
487 935 659 982 ε’λθεῐν
691 935 774 993 ἐπὶ
803 939 888 989 τὰς
916 940 1076 996 θύρας
1107 936 1263 984 ἕωθεν
1297 937 1366 990 ὥς,
1389 939 1750 1000 ἀσπασομένους
1779 939 1862 985 τὸν
1903 937 2051 989 Κικέ·

216 1032 342 1077 ρωνα
386 1019 474 1061 καὶ
515 1016 885 1079 διαχρήσασθαι
918 1019 1296 1078 προσπεσόντας.
1362 1018 1543 1079 Appian.
1572 1022 1618 1063 B.
1638 1022 1681 1071 C.
1711 1032 1764 1063 11.
1795 1035 1832 1063 c.
1851 1023 1896 1063 3.
1925 1017 2053 1064 Λέν-

215 1096 311 1157 τλῳ
342 1093 396 1140 δὲ
428 1099 509 1141 καὶ
543 1103 647 1148 τοῖς
678 1099 981 1158 συνωμόταις
1017 1095 1205 1153 ἔδοξεν,
1243 1098 1327 1143 ὅτε
1354 1097 1629 1142 Κατιλίναν
1660 1094 1712 1140 ἐν
1745 1099 2052 1150 Φαισούλαις

214 1175 544 1220 πυνθάνοιντο
572 1179 883 1239 γεγενῆσθαι,
919 1176 1133 1222 Λέντλον
1162 1174 1251 1237 μὲν
1279 1166 1432 1222 αὐτὸν
1459 1179 1541 1222 καὶ
1567 1175 1797 1238 Κέθηγον
1828 1174 2052 1238 ἑφεδρεῦ·

215 1270 301 1298 σαι
338 1261 444 1305 ταῖς
474 1253 748 1316 Κικέρωνος
780 1258 966 1318 θύραις
999 1260 1107 1318 περὶ
1141 1255 1388 1316 §mysni
1423 1255 1752 1319 κεκρυμμένων
1782 1257 2048 1315 ξιφιδίων,

217 1331 542 1391 ἐσδεχθέντας
577 1352 627 1381 τε
661 1335 746 1381 διὰ
784 1336 866 1394 τήν
898 1335 1122 1393 ἀξίωσιν,
1159 1339 1242 1382 καὶ
1281 1338 1548 1389 λαλοῦντας
1577 1337 1606 1382 ὅ
1640 1354 1688 1387 τι
1719 1336 1808 1394 δή,
1839 1341 2050 1397 μηκῦναι

215 1412 302 1470 τήν
331 1412 530 1472 ὁμιλίαν
557 1412 609 1459 ἕν
636 1417 884 1477 περιπάτῳ
903 1451 914 1472 ,
955 1419 1035 1461 καὶ
1071 1425 1257 1461 κτεῖναι
1291 1417 1681 1479 περισπάσαντας
1715 1414 1810 1461 ἀπὸ
1843 1417 1935 1461 τῶν
1964 1414 2054 1462 ἄλ·-

216 1493 327 1539 λων.
355 1510 358 1513 ·
406 1493 484 1537 Dio
515 1505 697 1538 xxxvn.
731 1511 770 1539 c.
802 1499 874 1540 32.
906 1499 945 1540 4.
978 1493 1145 1548 Οὕτως
1175 1496 1363 1549 αὐτούς
1395 1500 1477 1542 καὶ
1503 1494 1747 1558 ’ἐπέρρωσε
1775 1497 1857 1539 καὶ
1889 1492 2053 1556 παρώ-

214 1573 348 1624 ξυνεν
382 1573 508 1619 ὥσθ’
552 1572 863 1630 ὑποσχέσθαι
891 1574 980 1620 δύο
1012 1578 1148 1629 τινὰς
1175 1577 1225 1629 ἔς
1256 1595 1306 1623 τε
1340 1575 1426 1634 τήν
1459 1579 1548 1621 τ-οῦ
1580 1573 1856 1637 Κικέρωνος
1887 1577 2051 1621 οἰκίαν

217 1653 318 1715 ἅμα
347 1656 403 1714 τῇ
435 1651 584 1714 ἡμέρᾳ
609 1651 823 1711 ἕσήξειν,
861 1653 1123 1701 κάνταῦθα
1151 1655 1305 1703 αὐτὸν
1326 1657 1609 1715 φονεύσειν.

295 1772 380 1847 (²⁸)
423 1772 657 1838 Iterum,
714 1779 775 1827 ut
821 1773 1064 1839 videtur,
1117 1774 1363 1845 sequenti
1403 1780 1557 1828 nocte
1607 1775 1680 1847 [d.
1708 1778 1758 1829 ·8
1795 1774 2047 1851 Novemb.

216 1876 321 1928 691
347 1893 419 1923 =
446 1876 513 1927 12
541 1873 753 1927 Ianuar.
788 1877 857 1927 62
882 1891 927 1928 a.
950 1874 1028 1947 C.]
1071 1873 1298 1929 Catilina
1332 1875 1642 1931 convocavit
1663 1874 1840 1949 aliquo
1867 1876 2049 1945 coniu-

214 1974 440 2027 rationis
473 1975 660 2028 socios,
697 1991 772 2027 111.
813 1991 860 2028 c.
890 1977 975 2028 16.
1009 1978 1097 2028 46.

275 2073 359 2118 cic.
391 2073 439 2117 in
464 2073 589 2118 Catil.
620 2087 651 2117 1.
684 2089 720 2118 c.
750 2077 793 2118 1.
819 2078 859 2119 1.
896 2074 1018 2132 Quid
1035 2075 1247 2135 proxima
1275 2077 1328 2133 [8
1354 2074 1579 2134 Novbr.]‚-
1603 2074 1716 2136 quid
1743 2076 1970 2136 superiore
1996 2078 2050 2135 [7

213 2151 392 2210 Novbr.]
419 2160 544 2196 nocte
570 2152 738 2212 egeri-55
770 2152 848 2196 ubi
859 2152 1042 2211 fueris,
1072 2162 1184 2213 quos
1211 2152 1488 2207 conam-aris,
1521 2151 1634 2212 quid
1651 2153 1832 2197 consilii
1852 2155 2049 2214 ceperis,

213 2245 341 2290 quem
382 2237 583 2275 nostrum
621 2231 825 2290 ignorare
857 2230 1139 2275 arbitraris?
1204 2229 1313 2275 lbid.
1345 2245 1381 2274 c.
1402 2233 1444 2274 4.
1479 2233 1519 2274 8.
1563 2230 1834 2292 Recognosce
1871 2231 2047 2276 tandem

212 2325 379 2352 mecum
409 2308 538 2355 illam
565 2310 836 2371 superiorem
862 2315 1032 2352 noctem
1058 2309 1112 2366 [7
1129 2306 1323 2367 Novbrn]
1355 2333 1416 2343 -—-
1432 2309 1560 2352 Dico
1583 2315 1627 2353 te
1653 2309 1806 2369 priore
1831 2317 1955 2354 nocte
1977 2325 2048 2354 ve-

213 2386 334 2435 nisse
366 2386 484 2431 inter
505 2387 733 2445 falcarios
764 2413 824 2420 —-
857 2386 905 2430 in
938 2389 995 2431 M.
1024 2388 1191 2430 Laecae
1222 2384 1410 2430 domam.
1459 2427 1463 2430 .

292 2504 377 2579 (2⁹)
420 2505 715 2560 Enuntiato
754 2523 849 2578 per
887 2506 1159 2571 Fulviam,
1213 2506 1306 2577 qui
1347 2499 1671 2577 parabatur,
1715 2505 1833 2560 dolo
1871 2507 2046 2563 exclu-

214 2605 419 2664 duntur
465 2607 535 2673 ii,
590 2607 683 2678 qui
735 2606 803 2661 ad
853 2607 1162 2661 Ciceronem
1207 2606 1361 2661 missi
1399 2612 1556 2685 erant
1591 2606 2043 2662 interficiendum.

215 2725 289 2762 111.
330 2725 376 2762 c,
403 2712 489 2762 14.
532 2712 621 2762 41.

274 2807 452 2853 Sallust.
475 2807 602 2852 catil.
630 2823 666 2852 c.
684 2810 756 2851 28.
794 2807 955 2851 Curius
976 2807 1056 2851 ubi
1080 2805 1324 2867 intelligit,
1355 2799 1574 2867 >quantum
1592 2806 1847 2867 periculum
1871 2803 2049 2852 consuli

212 2872 488 2945 impendeat,
514 2900 702 2946 propene
720 2885 1263 2947 per'FulviamCiceroni
1288 2883 1463 2941 dolum,
1496 2885 1578 2945 qui
1598 2885 1876 2945 parabatur,
1910 2900 2044 2930 enun-

214 2963 315 3007 tiat.
382 2965 454 3007 Ita
501 2963 579 3008 illi
617 2965 757 3008 ianua
795 2964 1020 3025 prohibiti
1067 2970 1242 3007 tantum
1279 2960 1471 3020 facinus
1508 2961 1697 3021 frustra
1743 2970 2056 3024 mscepercmt.x

212 3040 430 3086 Plutarch.
457 3042 540 3087 Cic.
567 3057 603 3088 c.
618 3046 690 3087 16.
720 3047 760 3087 1.
796 3046 955 3088 Τοῦτο
980 3040 1218 3102 Φουλβία,
1256 3040 1371 3106 γυνή
1397 3041 1492 3087 τῶν
1520 3039 1796 3098 ἐπιφανῶν,
1831 3039 2043 3104 ἒξαγγέλ·

214 3121 290 3165 λει
327 3121 392 3183 τῷ
418 3120 654 3183 Κικέρωνι
692 3120 863 3174 νυκτὸς
894 3119 1118 3167 ἐλθοῦσα
1142 3123 1232 3166 ’καὶ
1265 3120 1679 3181 διακελευσαμένη.
1701 3121 2042 3178 φυλάττεσθαι

215 3200 332 3250 τούς
371 3204 480 3262 περὶ
521 3202 608 3247 τὸν
645 3201 887 3265 Κέθηγον.
951 3202 1011 3246 Οἱ
1057 3200 1100 3245 δ’
1147 3192 1261 3259 ἧκον
1305 3201 1386 3261 ἅμ’
1428 3199 1583 3264 ἡμέρᾳ
1622 3194 2045 3253 καὶ”κωλυθέντες

212 3278 450 3325 εἰσελθεῖν
479 3279 776 3344 ἠγανάκτουν
809 3285 891 3327 καὶ
923 3279 1169 3340 κατεβόων
1201 3281 1283 3329 ἐπὶ
1313 3284 1520 3344 θύραις,
1556 3281 1680 3327 ὥστε
1714 3280 2040 3342 ὑποπτότεροι

214 3357 458 3420 γενέσθαι.
523 3362 706 3423 Appian.
740 3365 785 3405 B.
816 3365 861 3406 C.
890 3374 941 3406 11.
978 3376 1015 3404 c.
1034 3364 1075 3404 3.
1109 3363 1204 3406 Καὶ
1241 3361 1353 3407 τάδε
1386 3363 1566 3418 πάντα,
1603 3359 1678 3406 ἔτι
1711 3359 2038 3422 ἀγνοούμενα,

214 3439 455 3500 Φουλβία,
493 3443 695 3504 γύναιον
728 3440 820 3487 οὐκ
853 3438 1074 3500 ἀφανὲς,Χ
1094 3439 1267 3502 ἐμήνυε
1301 3439 1364 3505 τῷ
1396 3437 1642 3504 Κικέρωνι
1662 3455 1673 3468 ·
1711 3427 1764 3497 ἧς
1795 3437 1914 3501 ἐρῶν
1939 3439 2039 3485 Κό·

212 3526 346 3571 ἰ’ντος
375 3521 622 3581 Κούριος,
661 3518 754 3566 κτέ.
801 3520 884 3566 cfr.
916 3520 1067 3565 Florus
1100 3521 1131 3565 l.
1155 3537 1191 3565 c.
