2210 3970
198 246 304 299 502
772 260 982 299 menno
1030 259 1099 297 nc
1149 259 1288 298 vlTA
1341 258 1448 299 suA

197 395 308 450 vim
356 394 546 450 timere
569 434 582 457 ,
624 408 728 466 quo
788 409 883 448 nos
942 395 1046 448 iam
1103 399 1297 448 natura
1332 393 1447 465 ipsa
1485 407 1653 464 paene
1698 391 2026 465 perduxerit.

197 497 286 551 95.
327 491 590 566 Equidem
649 491 784 548 mihi
823 494 1006 548 omnia
1040 510 1309 566 propon0‚
1351 508 1449 548 nec
1488 490 1660 548 ullum
1693 498 1777 547 est
1814 498 2029 548 tantum

197 593 400 650 malum
421 635 436 659 ,
490 592 632 666 quod
670 610 775 652 non
822 599 1007 666 putem
1047 592 1371 665 impendere.
1453 592 1556 648 Sed
1601 608 1770 664 quum
1809 591 1929 664 plus
1975 592 2032 648 in

198 692 488 749 metuendo
527 693 656 748 mali
702 694 807 758 sit,
849 710 1010 765 quam
1059 694 1115 747 in
1155 693 1270 765 ipso
1305 692 1423 758 illo,
1458 691 1599 764 quod
1632 693 1894 756 timetur,
1946 690 2032 746 de·

199 794 353 858 sinc,
394 793 713 865 praesertim
746 808 915 864 quum
968 792 1022 846 id
1074 792 1414 864 impendeat,
1454 793 1521 847 i1r
1557 809 1663 865 quo
1714 808 1820 846 non
1878 789 2035 846 modo

198 892 348 948 dolor
387 892 598 956 nullus,
627 908 816 947 verum
859 891 982 946 linis
1017 893 1182 947 etiam
1223 892 1420 948 doloris
1453 891 1672 949 futurus
1705 893 1795 948 sit.
1863 891 1994 947 Mihi
2015 897 2031 929 ¹

201 1008 328 1048 vero
375 991 485 1047 iam
547 993 694 1047 enim
752 991 984 1064 optanda
1028 1008 1174 1047 mors
1235 999 1352 1057 est,
1399 991 1684 1064 perfuncto
1725 992 1888 1048 rebus
1940 993 2036 1058 iis,

202 1107 338 1164 quas
395 1091 622 1165 adeptus
677 1109 799 1148 sum
858 1108 1099 1164 quasque
1151 1093 1309 1163 gessi.
1397 1093 1514 1148 Duo
1558 1091 1715 1147 modo
1760 1092 1893 1147 haec
1946 1109 2034 1164 op·

201 1198 283 1248 to:
326 1208 496 1248 unum
516 1234 532 1258 ,
585 1199 648 1248 ut
691 1192 928 1248 moriens
973 1190 1230 1264 populum
1265 1192 1567 1247 Romanum
1606 1190 1838 1247 liberum
1878 1191 2037 1248 relin-

199 1308 398 1364 quam;
438 1293 539 1348 hoc
579 1292 716 1348 mihi
749 1294 926 1349 maius
957 1309 990 1349 a
1021 1291 1126 1348 diis
1161 1290 1558 1349 immortalibus
1596 1291 1715 1348 dari
1756 1291 1892 1348 nihil
1926 1299 2037 1366 pot-

201 1399 312 1450 est:
346 1393 579 1449 alterum
600 1435 616 1459 ,
638 1399 701 1449 ut
733 1394 811 1449 ita
835 1394 1031 1466 cuique
1053 1393 1296 1458 eveniat,
1317 1399 1382 1449 ut
1414 1391 1480 1449 de
1508 1392 1786 1467 republica
1817 1394 2045 1466 quisque

201 1499 492 1550 mereatur.
573 1492 615 1549 Ο
665 1494 1003 1566 praeclarum
1025 1499 1046 1532 ²
1094 1492 1237 1549 diem
1258 1535 1273 1558 ,
1307 1509 1478 1565 quum
1512 1491 1580 1548 ad
1632 1492 1765 1548 illud
1795 1492 2040 1549 divinum

201 1593 508 1649 animorum
560 1594 850 1650 concilium
891 1600 1212 1666 coetumque
1251 1591 1563 1665 proficiscar
1582 1633 1597 1658 ‚
1661 1608 1938 1665 quumque
1977 1609 2042 1649 ex

202 1694 305 1750 hac
339 1694 498 1750 turba
527 1701 582 1750 et
626 1695 924 1752 colluvione
964 1693 1267 1751 discedam!
1327 1693 1444 1761 Quo
1463 1698 1486 1732 ³
1519 1691 1738 1766 quidem
1769 1710 1857 1749 me
1884 1693 2042 1767 profi-

207 1795 502 1851 ciscentem
553 1794 698 1851 haud
749 1813 879 1852 sane
923 1796 1046 1869 quis
1096 1783 1253 1852 facile
1304 1794 1630 1860 retraxerit,
1685 1809 1860 1866 neque
1911 1800 2045 1852 tam·

206 1913 371 1970 quam
403 1895 605 1953 Peliam
639 1897 923 1952 recoxerit.
1007 1887 1098 1952 96.
1137 1894 1292 1964 Quod
1335 1895 1383 1951 si
1421 1896 1546 1967 quis
1590 1894 1725 1951 deus
1763 1894 1900 1951 mihi
1945 1895 2047 1951 lar·
2108 1973 2115 1981 ,
2206 1918 2210 1948 ÷

204 1999 388 2070 giatur
407 2039 422 2063 ,
457 2004 519 2053 ut
558 2014 623 2053 ex
657 1997 757 2053 hac
797 2004 974 2053 aetate
1011 2012 1390 2070 repuerascam
1429 2001 1484 2051 et
1522 1996 1580 2051 in
1619 1995 1778 2052 cunis
1816 1996 2048 2069 vagiam,

206 2097 360 2154 valde
398 2114 663 2165 recusem.
742 2097 850 2154 Nec
893 2114 1022 2153 vero
1054 2097 1245 2163 velim,
1279 2098 1435 2170 quasi
1474 2095 1703 2153 decurso
1741 2097 1914 2169 spatio
1934 2139 1949 2162 ,
1982 2097 2050 2154 ad

209 2215 455 2256 carceres
487 2215 519 2254 a
544 2199 690 2255 calce
727 2200 987 2255 revocari.
1043 2197 1184 2268 Quid
1225 2199 1370 2255 enim
1403 2196 1565 2255 habet
1597 2197 1710 2255 vita
1749 2197 2051 2256 commodi?

212 2299 344 2373 quid
383 2316 489 2355 non
541 2299 721 2372 potius
754 2299 1013 2374 ⁴laboris?
1093 2299 1227 2356 Nam
1249 2305 1295 2365 ⁴,
1347 2297 1478 2355 dum
1504 2293 1710 2354 'sumus
1749 2299 1805 2353 in
1845 2298 1930 2354 his
1970 2300 2051 2354 in-

212 2399 350 2456 clusi
383 2399 733 2472 compagibus
778 2401 1046 2472 corporiS,
1103 2415 1328 2457 munere
1356 2398 1589 2473 quodam
1629 2400 1968 2457 necessitatis
2001 2402 2055 2456 et

214 2501 368 2574 gravi
417 2515 576 2571 opere
634 2498 1046 2571 perfungimur:
1087 2485 1183 2556 est*
1229 2502 1377 2557 enim
1428 2501 1645 2557 animus
1702 2499 1948 2557 caelestis
1989 2517 2054 2558 cx

214 2600 478 2656 altissimo
529 2599 799 2655 domicilio
843 2599 1129 2673 depressus
1183 2607 1238 2656 et
1298 2601 1453 2673 quasi
1510 2600 1788 2658 demersus
1835 2602 1891 2659 in
1950 2608 2057 2660 ter·

220 2716 370 2767 ram,
433 2701 610 2755 locum
678 2698 893 2755 divinae
948 2706 1175 2756 naturae
1225 2701 1642 2773 aeternitatique
1701 2702 2054 2761 contrarium.

220 2799 326 2856 Sed
361 2798 527 2855 credo
584 2797 710 2854 deos
761 2798 1095 2856 immortales
1146 2801 1407 2873 sparsisse
1459 2802 1668 2857 animos
1719 2801 1777 2856 in
1837 2812 2059 2875 corpora

220 2899 459 2957 humana
478 2942 494 2966 ,
532 2906 596 2956 ut
644 2906 824 2955 essent
844 2942 858 2965 ,
913 2900 1007 2972 qui
1046 2907 1220 2976 terras
1262 2907 1547 2958 tuerentur
1566 2943 1582 2968 ,
1632 2902 1860 2975 quique,
1895 2902 2060 2959 caele-

221 3001 391 3057 stium
430 3000 675 3056 ordinem
709 3000 1160 3073 contemplanteS,
1194 3002 1543 3059 imitarentur
1574 3017 1699 3058 eum
1731 3002 1874 3058 vitae
1906 3003 2063 3060 modo

113 3120 150 3178 θ’
225 3108 389 3175 atque
421 3101 739 3157 constantia.

300 3300 509 3356 XXXV.
592 3305 682 3356 97.
726 3297 831 3356 Nec
866 3318 950 3356 me
986 3302 1156 3357 solum
1200 3306 1337 3358 ratio
1384 3321 1443 3358 ac
1486 3304 1778 3376 disputatio
1813 3305 2062 3376 impulit,

289 3463 327 3519 ¹)
359 3459 546 3505 Phil-11.
579 3477 613 3504 c.
637 3464 708 3505 46.
746 3463 891 3517 §lla
929 3486 985 3495 —·
1020 3463 1057 3518 2)
1091 3459 1144 3505 de
1159 3465 1326 3508 Senect.
1360 3480 1396 3509 c.
1417 3461 1489 3510 2‘3.
1525 3466 1636 3522 §84.
1671 3465 1784 3523 —5)
1819 3463 1926 3510 lbid.
1948 3468 1970 3525 §
1992 3469 2063 3511 83.

228 3564 285 3572 -
318 3539 360 3597 4)
393 3537 507 3584 ibid.
540 3540 667 3584 0.21.
702 3539 816 3594 §7¹7.
1640 3571 1644 3572 γ
