2210 3970
184 241 290 295 588
640 249 966 292 ANNALES
1023 250 1528 289 elcanam-AM.

183 384 408 443 aliumque
425 389 677 442 praetorem
703 396 773 424 res
790 387 884 425 tota
911 380 1145 435 transiret,
1171 380 1503 440 eriperetur-que*
1518 379 1607 423 sibi
1633 396 1737 425 reus
1757 379 2007 440 patrocinio

186 461 413 504 Hortensii
449 475 499 502 ac
533 458 734 514 Metelli,
777 458 857 518 qui
883 465 987 502 tunc
1025 456 1226 502 consules
1248 457 1410 515 futuri
1443 465 1570 504 erant
1602 458 1707 523 (per
1739 457 1818 501 hos
1843 473 2010 503 omnem

191 541 343 582 Verres
365 535 569 581 eludendi
590 536 750 581 iudicii
758 534 982 597 fiduciam
1003 538 1273 596 sumpserat)
1286 557 1304 590 ,·
1327 535 1404 579 Ιιοι·
1426 541 1692 579 commentus
1707 541 1776 577 est
1795 533 2011 588 rationis,

186 624 239 668 ut
270 616 512 668 orationem
550 613 723 675 longam
753 614 1133 674 praetermitteret
1163 629 1302 674 neque
1328 614 1377 657 in
1410 612 1668 675 criminibus
1700 609 2015 655 declamatione

189 691 469 744 cumulandis
486 698 658 752 tempus
684 690 956 747 absumeret,
989 689 1069 734 sed
1092 690 1391 736 tantummodo
1423 691 1583 736 citaret
1611 695 1747 733 testes
1774 687 1835 732 ad
1862 704 2019 731 ‘einum—

192 768 393 832 quodque
418 769 581 814 crimen
608 769 860 830 expositum
887 776 931 811 et
958 783 1030 811 eos
1058 769 1294 839 Hortensio
1321 766 1657 830 interrogandos
1674 766 1812 811 daret.
1856 782 1897 825 p.
1914 767 2019 808 127.

194 848 323 891 Facit
351 847 428 890 hoc
459 847 605 890 Cicero
622 879 635 901 .‚
672 854 731 890 ut
764 845 868 889 haec
900 861 971 889 res
996 862 1081 889 non
1114 845 1258 889 solum
1287 844 1538 906 compendio
1563 860 1728 888 moram
1760 859 1812 888 ac
1835 841 2021 886 brevita-

195 933 283 976 tem
315 925 523 985 temporis
565 923 721 976 tollat,
757 923 839 967 sed
871 923 1007 966 etiam
1038 924 1157 968 circa
1182 922 1433 984 artificium
1464 920 1639 969 dicendi
1675 921 1862 965 breviter
1888 919 2023 964 etiam

197 1003 245 1045 in
278 1002 358 1045 hac
381 1009 516 1062 parte
547 1002 635 1045 vim
661 1001 854 1044 oratoris
886 999 1101 1044 ostendat.
1165 998 1356 1057 Quintil.
1393 1012 1454 1044 vl.
1479 1015 1517 1045 c.
1536 1002 1576 1048 6.
1601 1001 1641 1042 4.
1679 999 1825 1046 Cicero
1856 1011 2024 1048 summo

197 1078 382 1133 ,consilio
403 1079 579 1129 videtur
598 1079 646 1122 in
673 1079 846 1122 Verrem
861 1077 933 1121 vel
945 1077 1198 1131 contrahere
1220 1085 1416 1138 tempora
1437 1075 1614 1128 dicendi
1631 1074 1871 1130 maluisse,
1893 1090 2027 1135 quam

198 1157 248 1200 in
280 1173 378 1200 eum
409 1172 598 1212 annum,
629 1171 715 1216 quo
747 1163 844 1200 erat
879 1155 928 1214 Q.
947 1154 1212 1206 Hortensius
1242 1153 1402 1205 consul
1414 1154 1644 1213 futurus,
1674 1153 1879 1199 incidere.
1943 1151 2028 1210 Cic.

200 1232 249 1288 in
271 1236 391 1279 Verr.
418 1239 513 1278 Act.
529 1245 558 1277 ι.
581 1248 618 1277 0.
635 1235 707 1276 10.
731 1236 803 1276 31.
837 1234 984 1276 Nonae
1009 1241 1116 1277 sunt
1147 1231 1275 1277 hodie
1302 1232 1511 1284 Sextiles.
1552 1230 1651 1278 0.’6.
1674 1234 1746 1276 17.
1770 1232 1854 1275 His
1876 1229 2029 1274 diebus

194 1311 384 1374 paucis,
417 1310 611 1355 comitiis
631 1309 940 1354 consularibus
961 1309 1125 1368 factis.
1189 1309 1408 1356 Plutarch.
1426 1312 1509 1357 Cic.
1535 1327 1572 1356 c.
1591 1313 1633 1354 7.
1650 1313 1694 1355 2.
1725 1311 1962 1357 Μάλιστα
1987 1307 2029 1352 δ’

204 1389 556 1450 (ἐθαυμάζετο)
594 1389 678 1435 ὅτε
721 1388 807 1446 τήν
846 1390 966 1435 κατὰ
1000 1388 1197 1457 Βέρρου
1237 1389 1381 1448 δίκην
1423 1386 1668 1453 ἀνέλαβεν.
1732 1393 1916 1435 Τοῦτον
1944 1389 2034 1451 γάρ

132 1508 133 1511 ,
205 1469 470 1532 στρατηγὸν
506 1461 739 1532 γεγονότα
776 1472 859 1525 τῆς
895 1472 1132 1523 Σικελίας
1173 1472 1255 1520 καὶ
1299 1469 1456 1517 πολλὰ
1495 1464 1907 1530 ’πεπονηρευμένον
1940 1467 2033 1512 τῶν

205 1549 516 1600 Σικελιωτῶν
550 1549 829 1604 διωκόντων
866 1541 1026 1610 εἶλεν,
1077 1550 1169 1596 οὐκ
1199 1547 1381 1606 εἰπὼν,
1437 1548 1542 1595 ἀλλ’
1577 1548 1627 1601 ἐξ
1664 1548 1820 1594 αὐτοῦ
1854 1549 2036 1609 τρόπον

210 1632 319 1682 τινὰ
363 1634 449 1681 τοῦ
485 1629 550 1689 μή
583 1632 752 1674 εἰπεῖν.
817 1630 923 1674 Τῶν
966 1631 1054 1692 γὰρ
1092 1629 1370 1692 στρατηγῶν
1407 1628 1472 1691 τῷ
1513 1626 1671 1691 Βέρρῃ
1713 1626 2036 1691 χαριζομένων

213 1714 294 1756 καὶ
326 1708 411 1767 τήν
433 1707 572 1767 δίκην
602 1706 898 1771 ὑπερθέσεσι
931 1712 1013 1754 καὶ
1037 1708 1356 1770 διακρούσεσι
1383 1693 1588 1761 πολλαῖς
1611 1711 1685 1760 εἰς
1715 1707 1798 1766 τήν
1828 1705 2038 1764 ὑστάτην

210 1790 578 1851 ἐκβαλλόντων,
627 1787 690 1842 ὥς
723 1782 779 1848 ἦν
809 1788 1077 1851 πρόδηλον,
1117 1789 1198 1834 ὅτι
1230 1778 1334 1842 τοῖς
1366 1790 1532 1853 λόγοις
1567 1789 1593 1837 ὁ
1627 1792 1710 1847 τῆς
1745 1788 1920 1853 ἡμέρας
1947 1789 2039 1834 οὐκ

213 1870 458 1933 ἐξαρκέσει
491 1871 663 1935 χρόνος
696 1863 814 1922 οὐδὲ
847 1867 1054 1935 λήψεται
1076 1867 1224 1929 πέρας
1255 1868 1289 1928 ἡ
1311 1873 1500 1932 κρίσις,
1536 1869 1746 1921 ἀναστάς
1777 1868 1805 1916 o‘
1827 1866 2040 1931 Κικέρων

217 1950 307 2009 ἔφη
340 1950 405 2010 μή
437 1949 639 1995 δεῖσθαι
674 1948 859 2011 λόγων,
895 1940 1009 1997 ἀλλ’
1032 1946 1280 2014 ἐπαγαγὼν
1313 1951 1431 2003 τούς
1459 1951 1702 2012 μάρτυρας
1733 1951 1816 1995 καὶ
1847 1947 2043 2009 ἐπικρί-

215 2048 299 2084 νας
321 2029 542 2083 ἐκέλευσε
571 2027 739 2090 φέρειν
769 2026 852 2085 τήν
884 2030 1048 2091 ψῆφον
1081 2029 1199 2080 τούς
1231 2028 1478 2084 δικαστάς.

293 2134 355 2209 (⁹)
398 2135 674 2187 Prostrato
712 2147 803 2185 reo
847 2135 965 2203 post
1014 2130 1246 2202 primam
1286 2132 1550 2186 actionem
1586 2130 1901 2185 Hortensius
1941 2144 2045 2182 non

215 2233 491 2307 respondit
529 2232 786 2295 Ciceroni,
869 2230 1063 2294 Verres
1102 2229 1234 2287 abiit
1266 2231 1323 2286 in
1358 2230 1626 2293 exsilium.
1667 2248 1723 2284 11.
1762 2247 1807 2284 c.
1836 2232 1920 2284 18.
1958 2232 2045 2284 48.

216 2339 376 2396 0.19.
421 2340 509 2396 51.

280 2434 617 2479 Pseudo-Ascon.
645 2431 731 2485 Le.
757 2448 797 2492 p.
818 2435 920 2477 126.
957 2432 1056 2490 Qua
1086 2440 1183 2478 arte
1211 2434 1283 2477 ita
1311 2441 1381 2478 est
1409 2432 1647 2494 fatigatus
1679 2432 1966 2487 Hortensius,
1998 2438 2052 2486 sut

222 2511 370 2567 nihil,
401 2517 554 2555 contra
585 2507 705 2569 quod
734 2507 923 2564 diceret,
955 2510 1200 2566 inveniret,
1233 2512 1331 2571 ipse
1362 2512 1497 2556 etiam
1534 2513 1686 2554 Verres
1718 2509 1947 2570 desperato
1966 2525 2052 2570 pa·

223 2588 411 2644 trocinio
434 2602 519 2632 sua
549 2592 704 2647 sponte
727 2584 970 2632 discederet
994 2586 1043 2629 in
1075 2586 1299 2636 exsilium.
1342 2605 1382 2649 p.
1403 2592 1504 2632 153.
1537 2574 1698 2632 Multis
1722 2590 1872 2631 autem
1897 2586 2052 2630 diebus

216 2668 370 2730 prima
405 2666 522 2719 actio
564 2662 783 2718 celebrata
819 2670 918 2720 est,
966 2663 1070 2722 dum
1108 2672 1244 2710 testes
1292 2666 1440 2711 Verris
1470 2664 1784 2726 producuntur
1819 2654 2054 2709 criminum

222 2733 520 2799 diversorum,
552 2741 657 2797 dum
686 2741 935 2786 recitantur
958 2742 1168 2802 publicae
1189 2744 1483 2805 privataeque
1515 2742 1718 2789 litterae.-
1755 2743 1919 2804 quibus
1946 2742 2053 2788 adeo

225 2821 511 2887 stupefactus
537 2820 802 2871 Hortensius
829 2817 1020 2875 dicitur,
1051 2828 1104 2864 ut
1129 2823 1345 2867 rationem
1367 2822 1642 2882 defensionis
1669 2822 1913 2878 omitteret,
1947 2820 2056 2865 adea

174 2934 177 2936 -
218 2890 456 2963 perculsus
492 2900 675 2952 Verres,
717 2904 770 2941 ut
806 2897 950 2942 abiret
976 2899 1023 2942 in
1056 2899 1266 2945 exsilium
1292 2918 1380 2947 sua
1403 2908 1570 2963 sponte.
1646 2899 1796 2960 Aurel.
1830 2898 1978 2946 Victor
2003 2898 2056 2944 de

224 2979 319 3026 Vir.
340 2979 406 3023 ill.
425 2992 460 3022 0.
480 2979 553 3021 81.
585 2973 756 3020 Aedilis
774 2973 822 3033 (i.
841 2990 876 3019 e.
894 2974 1164 3039 designatus)
1195 2980 1236 3023 G.
1257 2980 1431 3024 Verrem
1451 2971 1795 3040 repetundarum
1818 2974 2057 3020 danmavit.

225 3056 447 3104 Plutarch.
470 3054 555 3100 610.
579 3067 615 3098 0.
637 3057 680 3097 ’1.
713 3057 754 3098 5.
804 3057 901 3099 Τοῦ
937 3052 991 3100 δὲ
1022 3054 1224 3124 ῥήτορος
1249 3057 1499 3121 Ὁρτησίου
1533 3074 1620 3116 την
1644 3053 1734 3117 μέν
1757 3056 1966 3102 εἷθεΐαν
1992 3055 2057 3103 τῶ

229 3137 387 3200 Βέρρῃ
411 3141 656 3192 συνειπεῖν
682 3133 747 3194 μή
779 3133 1128 3201 τολμήσαντος,
1166 3136 1263 3184 κτὲ.
1315 3152 1360 3182 0.
1371 3141 1411 3183 8.
1430 3141 1472 3182 4.
1504 3135 1573 3184 Ου
1584 3152 1646 3182 τω
1669 3133 1726 3182 δέ
1754 3139 1843 3182 τοῦ
1872 3133 2058 3197 Βέρρου

230 3213 697 3272 καταδικασθέντος,
732 3212 828 3267 κτὲ
1416 3233 1418 3235 ’

307 3321 392 3396 (1⁰)
437 3319 688 3398 Reliquos
716 3319 944 3372 Actionis
964 3321 1213 3374 secundae
1234 3320 1394 3375 libros
1414 3321 1637 3393 quinque
1670 3275 1852 3374 Cicero
1873 3326 2056 3391 postea

233 3421 551 3492 conscripsit
588 3419 755 3503 Verre
785 3420 895 3475 iam
935 3419 1229 3475 exsulante.
1270 3438 1324 3475 11.
1367 3438 1417 3474 c.
1440 3424 1529 3475 19.
1559 3425 1644 3474 51.

244 3548 246 3552 ·
292 3521 622 3580 pseudo-Ascon-
657 3537 698 3581 p.
725 3524 827 3567 153.
866 3521 1065 3578 Tullius,
1108 3529 1330 3578 metuens,
1363 3538 1416 3566 ne
1449 3528 1622 3566 tantum
1662 3523 1886 3583 negotium
1916 3538 2059 3584 paene
