2158 4030
226 174 292 228 54
527 217 532 222 ,
859 182 1068 222 moeno
1113 181 1184 220 ne
1230 181 1367 221 vua
1414 182 1520 220 sua

224 320 330 385 rei,
357 331 683 392 quamquam
710 315 881 372 multa
907 315 1084 387 colligi
1111 322 1359 388 possunt,
1386 315 1573 388 paucis
1594 321 1772 368 tamen
1806 320 2047 378 utemur,

224 421 478 494 quoniam
524 435 630 474 non
676 416 731 472 id
771 417 953 489 agitur
997 415 1096 472 boc
1142 421 1397 487 tempore.
1495 413 1666 480 Quem
1687 418 1703 449 ¹
1758 414 1902 467 enim
1954 431 2050 468 nos

222 520 458 593 ineptum
500 534 783 584 vocamuS,
835 518 883 572 is
926 516 1061 571 mihi
1106 516 1322 570 videtur
1361 514 1426 568 ab
1477 510 1577 566 hoc
1617 529 1810 567 nomen
1854 512 2050 569 babere

226 623 451 678 ductum
467 662 482 686 ,
521 619 662 693 quod
693 638 795 674 non
827 619 900 674 sit
930 626 1112 689 apt-ua,
1152 615 1315 687 idque
1341 614 1397 668 in
1431 614 1694 668 sermonis
1732 614 1902 668 nostri
1930 630 2052 668 con-

229 722 516 787 suetudine
547 720 750 794 perlate
781 725 946 792 patet.
1023 718 1159 773 Nam
1186 715 1280 788 qui
1306 720 1429 779 aut,
1467 719 1682 787 tempus
1713 714 1844 787 quid
1875 722 2055 787 postu-

220 824 332 889 let,
384 840 489 878 non
528 821 702 886 videt,
754 827 850 876 aut
888 819 1045 892 plura
1087 817 1359 890 loquitur,
1409 820 1508 870 aut
1543 831 1602 870 se
1645 820 1910 881 ostentat,
1962 822 2087 873 aut.

216 940 414 980 :eorum
430 964 445 988 ,
484 921 808 995 quibuscum
834 925 945 984 est,
983 917 1068 972 vel
1092 916 1376 989 dignitatis
1399 914 1485 970 vel
1509 915 1775 971 commodi
1794 916 2059 972 rationem

231 1039 338 1079 non
377 1022 568 1087 habet,
618 1027 713 1076 aut
752 1019 984 1092 denique
1020 1018 1078 1073 in
1117 1017 1297 1090 aliquo
1335 1030 1531 1088 genere
1567 1022 1664 1071 aut
1706 1016 2063 1072 inconcinnus

224 1129 329 1178 aut
354 1122 560 1178 multus
592 1129 711 1187 est,
750 1122 798 1176 is
832 1121 1048 1193 ineptus
1073 1117 1295 1175 dicitur.
1371 1116 1485 1172 Hoc
1509 1117 1643 1172 vitio
1675 1116 1950 1173 cumulata
1981 1123 2064 1173 est

233 1224 604 1280 eruditissima
637 1222 728 1278 illa
760 1222 1087 1278 Graecorum
1120 1220 1284 1276 natio.
1363 1198 1551 1291 Itaque
1582 1217 1726 1290 quod
1757 1218 1868 1273 vim
1901 1217 2064 1274 huius

228 1324 363 1381 mali
391 1324 580 1381 Graeci
613 1339 720 1377 non
746 1321 961 1387 vident,
1001 1337 1068 1376 ne
1094 1336 1289 1375 nomen
1322 1318 1541 1391 quidem
1567 1319 1617 1373 ei
1643 1319 1776 1374 vitio
1801 1319 2067 1391 imposue-

235 1433 382 1481 runt.
462 1423 531 1479 Ut
576 1419 988 1494 enim*quaeras
1026 1421 1235 1485 omnia,
1286 1419 1550 1492 quomodo
1589 1419 1777 1475 Graeci
1824 1419 2067 1491 ineptum

238 1525 534 1600 appellent,
588 1539 694 1577 non
734 1523 985 1595 reperies,
1068 1527 1156 1577 77.
1197 1521 1468 1576 Interest²
1513 1519 1717 1592 aliquid
1756 1521 1900 1575 inter
1931 1520 2070 1576 labo·

232 1646 352 1682 rem
375 1633 432 1681 et
451 1624 698 1679 dolorem.
778 1622 917 1678 Sunt
938 1621 1169 1677 finitima
1195 1622 1443 1687 omnino,
1479 1619 1574 1676 sed
1606 1626 1794 1676 tamen.
1813 1619 2072 1701 differunt

240 1725 464 1800 aliquid.
541 1725 713 1780 Labor
745 1730 828 1780 est
861 1723 1068 1779 functio
1099 1722 1364 1796 quaedam
1395 1721 1480 1778 vel
1511 1722 1679 1777 animi
1712 1722 1796 1778 vel
1834 1723 2074 1795 corporis

244 1826 508 1901 gravioris
552 1827 728 1900 operis
766 1832 820 1881 et
859 1825 1130 1881 muneris:
1178 1823 1332 1879 dolor
1368 1829 1551 1879 autem
1588 1830 1770 1879 motus
1814 1840 1973 1897 asper
2015 1824 2072 1881 in

244 1943 495 2001 corpore,
535 1927 743 1982 alienus
769 1942 800 1981 a
827 1925 1091 1981 sensibus,
1170 1924 1312 1982 Haec
1346 1923 1452 1980 duo
1477 1923 1668 1981 Graeci
1693 1923 1802 1990 illi,
1843 1940 2079 1997 quorum·

247 2028 512 2102 copiosior
549 2033 633 2082 est
668 2026 885 2098 lingua,
924 2041 1088 2097 quam
1127 2031 1340 2091 nostra,
1382 2041 1492 2080 uno
1536 2025 1752 2080 nomine
1789 2023 2076 2097 appellant.

248 2129 436 2200 Itaque
476 2126 772 2181 industrios
811 2124 1058 2180 homines
1091 2104 1175 2179 'illi
1215 2123 1470 2180 studiosos
1506 2123 1592 2180 vel
1628 2125 1809 2203 potius
1846 2131 2080 2180 amantes

241 2216 443 2283 doloris
474 2226 769 2301 appellant:
811 2243 908 2281 nos
933 2224 1268 2282 commodius
1295 2224 1591 2281 laboriosos.
1639 2225 1800 2281 Aliud
1827 2232 1911 2281 est
1935 2227 2081 2283 enim

246 2328 519 2392 laborare,
559 2326 707 2382 aliud
731 2325 927 2381 dolere.
980 2324 1024 2381 Ο
1049 2325 1335 2381 verborum
1361 2326 1515 2399 inops
1542 2326 1816 2383 interdum
1830 2369 1846 2393 ,
1885 2326 2054 2400 quibu

250 2427 525 2484 abundare
564 2433 618 2482 te
657 2442 870 2498 semper
907 2433 1095 2498 putas,
1135 2426 1382 2482 Graecia!
1461 2427 1652 2493 Aliud,
1692 2429 1912 2500 inquam
1934 2469 1949 2494 ‚
2002 2445 2060 2484 es

253 2528 461 2594 dolere,
500 2526 647 2583 aliud
672 2525 932 2582 laborare.
1012 2525 1192 2594 Quum
1223 2526 1434 2583 varices
1464 2526 1788 2583 secabantur
1812 2528 1866 2583 C.
1889 2529 2056 2584 Mario

255 2629 493 2685 dolebat:
533 2645 704 2701 quum
728 2633 885 2684 aestu
910 2642 1107 2699 magno
1138 2626 1368 2683 ducebat
1400 2643 1593 2700 agmen
1607 2670 1623 2694 ,
1663 2627 1953 2685 laborabat.

332 2729 438 2786 Sed
466 2731 574 2785 iam
593 2735 616 2768 ⁸
650 2729 847 2794 sentio,
881 2742 968 2784 me
1007 2743 1124 2784 esse
1154 2720 1367 2801 longius
1398 2736 1736 2802 provectum,
1775 2747 1938 2803 quam
1971 2747 2035 2804 pr
2074 2704 2079 2746 3

257 2831 432 2906 posita
471 2831 612 2886 ratio
644 2828 957 2903 postularet.
1036 2829 1331 2902 Pergamus
1351 2835 1374 2869 ⁴
1411 2845 1540 2902 ergo
1579 2829 1647 2886 ad
1679 2830 1887 2904 reliqua
1924 2838 1980 2888 et
2013 2832 2030 2887 i
2075 2847 2079 2850 ·

259 2934 518 2988 stitutum
543 2930 786 2988 ordinem
823 2945 1229 3004 persequamur.

340 3135 528 3190 XXIV.
621 3138 708 3190 78.
750 3133 811 3188 In
830 3139 854 3171 ⁵
895 3131 1225 3204 quotidianis
1262 3133 1805 3188 commentationibus
1849 3134 2040 3207 equide

269 3234 403 3288 mihi
438 3233 865 3290 adolescentulus
896 3249 1191 3306 proponere
1223 3232 1454 3287 solebam
1489 3232 1634 3327 illam
1660 3235 2041 3292 exercitatione

332 3393 370 3448 ¹)
386 3389 440 3434 de
453 3391 573 3435 Orat.
590 3392 646 3434 11.
663 3403 699 3432 c.
715 3390 756 3435 4.
775 3389 800 3447 §
821 3390 892 3436 17.
911 3413 973 3426 -
996 3389 1036 3448 ⁵)
1046 3390 1173 3433 Tusc.
1184 3390 1243 3432 11.
1268 3401 1304 3431 c.
1328 3389 1402 3431 15.
1421 3385 1446 3444 5
1463 3387 1537 3430 35.
1560 3410 1619 3419 —
1637 3387 1679 3445 5)
1695 3384 1749 3431 de
1775 3387 1918 3435 Finib.
1936 3393 2038 3436 Bon.

270 3466 366 3515 Mal.
387 3469 471 3515 111.
488 3483 524 3514 c.
542 3469 615 3512 22.
633 3467 657 3525 §
676 3469 751 3513 74.
783 3493 840 3502 -
873 3468 915 3528 4)
928 3470 1051 3516 Brut.
1072 3481 1107 3514 c.
1127 3469 1199 3513 43.
1227 3466 1374 3524 §158.
1391 3490 1449 3500 -—
1473 3466 1515 3525 ⁵)
1533 3462 1587 3510 de
1611 3466 1730 3510 Orat.
1750 3468 1840 3518 Lac.
1862 3470 1934 3514 34.
1954 3469 1979 3528 §
1999 3471 2057 3514 15
