2210 3970
262 211 366 262 564
847 219 1059 258 menno
1106 221 1175 257 ni:
1227 218 1358 255 vlTA
1410 219 1513 256 soA

253 358 533 412 Afranium
575 372 698 411 cum
739 357 948 426 magnis
989 356 1153 426 copiis
1195 352 1496 406 adventare.
1593 354 1678 406 58.
1722 352 1833 422 Ego
1867 361 2075 421 autem,

252 476 421 532 quum
462 465 602 513 esset
642 458 908 522 incertum
951 458 1053 510 iter
1088 455 1331 510 Caesaris
1354 496 1367 517 ,
1408 451 1548 524 quod
1588 452 1669 507 vel
1707 451 1773 506 ad
1812 452 2074 524 Capuam,

249 559 332 615 vel
379 559 444 614 ad
484 558 764 613 Luceriam
800 558 976 611 iturus
1017 555 1335 628 putabatur,
1387 553 1607 624 Leptam
1654 551 1720 605 ad
1764 551 2074 623 Pompeium

250 661 375 715 misi
408 666 463 715 et
501 659 736 718 litteras;
776 659 887 729 ipse
909 699 922 720 ,
964 673 1030 711 ne
1069 672 1173 727 quo
1213 633 1506 709 inciderem
1528 697 1542 718 ,
1582 653 1780 707 reverti
1816 652 2074 707 Formias,

249 760 392 817 Nos¹
441 766 622 815 autem
671 759 727 811 in
772 757 1058 811 Formiano
1098 756 1470 818 morabamur,
1524 770 1628 826 quo
1666 755 1830 808 citius
1869 751 2076 808 audire·

250 877 405 917 mus:
446 858 636 914 deinde
671 858 933 928 Arpinum
974 856 1295 910 volebamus,
1378 855 1535 919 Inde,
1576 856 1679 910 iter
1705 872 1811 926 qua
1844 855 2076 909 maxime

250 963 629 1029 ἄναπάντητον
662 963 835 1020 esset,
875 956 943 1010 ad
971 972 1121 1010 mare
1152 970 1435 1026 superum,
1475 958 1697 1009 remotis
1723 957 1837 1009 sive
1862 956 2078 1009 omnino

250 1058 431 1113 missis
481 1053 776 1111 lictoribus
876 1054 1173 1110 Audieham
1222 1055 1396 1118 enim,
1454 1054 1606 1109 bonis
1656 1055 1824 1119 vix-is,
1882 1056 1974 1126 qui
2026 1062 2080 1110 ct

252 1165 382 1212 tunc
438 1164 492 1213 et
530 1173 687 1229 saepe
726 1163 882 1212 antea
922 1172 1118 1227 magno
1156 1153 1422 1227 praesidio
1460 1152 1785 1226 reipublicae
1831 1153 2081 1219 fuerant,

250 1260 391 1314 hanc
435 1259 835 1314 cunctationem
869 1263 1108 1311 nostram
1142 1272 1254 1339 ‘non
1293 1254 1542 1328 probari,
1582 1255 1860 1327 multaque
1899 1256 1955 1309 in
1993 1271 2081 1310 me

250 1366 304 1414 et
336 1376 541 1424 severe,
582 1361 638 1414 in
677 1360 936 1414 conviviis
969 1357 1303 1429 tempestivis
1335 1355 1578 1428 quidem,
1619 1356 1901 1428 disputari.
1962 1356 2081 1411 'rri-

249 1459 512 1532 umphum
533 1465 554 1496 ²
593 1458 810 1531 quidem
845 1460 1013 1529 igitur
1046 1463 1220 1512 totum
1254 1455 1412 1511 facile
1442 1462 1496 1512 et
1527 1455 1756 1511 libenter
1795 1456 1979 1511 abieci.

327 1660 462 1716 XVI.
545 1664 631 1715 59.
676 1661 785 1714 At³
826 1659 998 1723 mihi,
1039 1674 1206 1730 quum
1241 1656 1455 1713 Calibus
1493 1673 1699 1732 essem,
1741 1656 1964 1713 affertur
1996 1656 2080 1712 lit-

252 1768 492 1831 terarum
524 1761 827 1834 exemplum
851 1803 866 1825 ‚
905 1777 1042 1832 quas
1074 1759 1359 1832 Pompeius
1392 1757 1458 1813 ad
1490 1757 1778 1816 Lentulum
1807 1759 2083 1815 consulem

247 1863 500 1917 misisset.
581 1861 691 1916 Hae
731 1862 964 1932 scriptae
1003 1860 1082 1914 sic
1121 1865 1302 1915 erant:

326 1961 595 2016 Lina-am
633 1960 767 2014 mihi
798 1979 830 2014 a
863 1959 924 2014 L.
962 1960 1190 2015 Domitio
1228 1979 1278 2014 a.
1300 1960 1351 2012 d.
1375 1975 1519 2015 1111.
1556 1957 1778 2014 Kalend.
1813 1958 1968 2013 Mart.
2004 1960 2079 2013 al-

252 2062 386 2116 latae
433 2070 582 2114 sunt:
637 2077 816 2114 earum
854 2059 1163 2131 exemplum
1199 2060 1346 2132 infra
1385 2060 1586 2130 scripsi.
1674 2057 1858 2124 Nunc,
1895 2068 1953 2113 ul
1991 2078 2082 2132 eqo
2116 2090 2120 2093 κ
2204 2047 2210 2114 ζ’

250 2180 358 2244 ηοη1
385 2162 645 2226 εσνίὸαηι,
686 2170 774 2215 tua
814 2169 989 2232 sponte
1022 2167 1071 2215 te
1105 2160 1400 2232 intelliqere
1431 2161 1570 2225 scia,
1610 2161 1791 2232 quanti
1834 2160 2079 2232 reipubli-

251 2280 339 2316 cae
385 2263 616 2326 intersit,
675 2279 850 2316 omnes
898 2262 1069 2332 copias
1121 2261 1178 2314 in
1227 2276 1392 2314 unum
1444 2259 1613 2315 locum
1655 2260 1831 2330 primo
1883 2279 2083 2334 quoquc

250 2371 478 2434 tempore
520 2364 802 2438 convenire.
903 2361 978 2415 Tu
998 2404 1012 2426 ,
1072 2363 1119 2416 si
1171 2361 1265 2415 libi
1314 2360 1601 2424 videbitur,
1652 2360 1801 2415 dabis
1837 2379 2046 2432 operam
2067 2405 2084 2429 ,

252 2463 641 2535 quamprimum
686 2463 755 2516 ad
807 2479 899 2516 nos
948 2461 1142 2517 venias.
1233 2438 1495 2516 Praesidii
1544 2460 1746 2533 Capuae
1764 2504 1780 2527 ,
1832 2472 2084 2535 quantum

251 2562 618 2618 constitueritis
657 2578 767 2615 esse
805 2562 931 2614 satis
950 2603 966 2624 ,
1003 2561 1289 2632 relinquas.

325 2661 528 2720 Deinde
560 2662 841 2734 supposuit
873 2661 1178 2733 exemplum
1211 2661 1467 2734 epistolae
1497 2662 1733 2718 Domitii.
1815 2668 1904 2718 40.
1945 2662 2040 2718 His
2059 2671 2081 2702 ⁵

252 2781 350 2837 ego
379 2764 577 2819 litteris
604 2763 787 2827 lectiS,
816 2763 872 2816 in
900 2761 1085 2817 eadem
1108 2763 1355 2835 opinione
1385 2762 1461 2818 fui
1478 2805 1493 2827 ,
1521 2779 1628 2835 qua
1649 2763 1843 2835 reliqui
1871 2780 2079 2830 omnes,

253 2865 568 2938 Pompeium
597 2879 722 2918 cum
743 2862 992 2918 omnibus
1018 2864 1186 2935 copiis
1213 2863 1279 2918 ad
1315 2864 1613 2920 Corfinium
1634 2881 1751 2920 esse
1770 2871 2083 2928 venturum;

253 2983 359 3040 quo
391 2965 556 3030 mihi,
596 2980 765 3036 quum
791 2964 983 3019 Caesar
1015 2963 1082 3034 ad
1116 2964 1370 3037 oppidum
1402 2972 1580 3021 castra
1611 2965 1861 3030 haberet,
1899 2971 2087 3021 tutum.

255 3069 360 3123 iter
406 3082 522 3122 esse
560 3081 665 3120 non
714 3063 1029 3120 arbitrabar.
1122 3065 1299 3132 Quum
1338 3081 1426 3121 res
1463 3067 1521 3120 in
1560 3082 1773 3122 summa
1811 3073 2080 3138 exspecta-

256 3170 401 3224 tione
453 3174 620 3231 esset,
660 3173 954 3239 utrumque
1000 3167 1160 3221 simul
1202 3166 1539 3230 audivimus,
1592 3173 1646 3221 et
1685 3183 1820 3238 quae
1861 3166 2082 3222 Corfinii

315 3408 361 3495 ἓ)
393 3436 446 3482 au
482 3438 572 3482 Aa.
599 3439 667 3480 ix.
692 3438 732 3479 1.
765 3436 846 3492 §a
882 3460 941 3468 -
973 3438 1012 3493 ε)
1036 3433 1140 3478 ibid.
1171 3437 1246 3479 ιχ.
1282 3437 1322 3478 7.
1357 3436 1445 3491 §.a
1479 3459 1537 3468 -
1568 3434 1607 3491 ³)
1640 3431 1747 3476 lbid.
1782 3435 1896 3477 vui.
1927 3436 1996 3477 11.
2032 3435 2078 3476 o.

304 3519 343 3559 3.
379 3541 437 3548 —
468 3515 509 3573 4)
543 3511 652 3557 ibid.
687 3515 802 3558 vm.
840 3514 996 3568 e.·§2.
1031 3539 1088 3547 -
1122 3515 1160 3571 ⁵)
1196 3511 1305 3557 ibid.
1337 3514 1454 3557 vm.
1489 3515 1559 3557 11.
1595 3514 1640 3558 o.
1676 3513 1758 3569 §a
