2150 3990
346 217 400 271 L.
425 217 514 272 111.
557 235 601 270 c.
627 214 834 272 xxxll.
878 214 1048 287 §102
1089 241 1163 254 -—
1203 212 1437 269 xxxln.
1482 213 1668 285 5105.
1844 217 1943 269 147

124 366 482 440 periculisque
509 368 643 425 meis
662 382 727 424 ex
755 365 970 422 flamma
990 369 1152 438 atque
1178 363 1318 419 ferro
1337 379 1400 419 ac
1427 379 1594 436 paene
1612 378 1677 418 ex
1699 361 1943 420 saucibus

127 467 220 523 sati
253 474 491 541 ereptam
519 467 825 524 conservavi
845 481 907 521 ae
927 465 1135 521 civibus
1154 464 1290 520 meis
1310 463 1542 519 restitui.
1622 462 1725 527 Et,
1764 463 1812 517 si
1839 478 1941 517 non

125 569 305 623 minus
338 566 490 622 nobis
529 567 750 623 iucundi
795 571 955 639 atque
994 564 1230 619 illustres
1285 570 1414 619 sunt
1460 564 1498 617 ii
1551 562 1689 629 dies,
1747 562 1944 635 quibus

124 672 538 734 conservamur,
590 685 752 741 quam
804 667 915 734 illi,
966 666 1162 739 quibus
1209 667 1510 727 nascimur-3
1567 664 1709 737 quod
1754 663 1945 720 salutis

121 771 268 822 certa
306 766 511 823 laetitia
542 774 652 833 est,
704 766 955 824 nascendi
1009 767 1214 822 incerta
1246 765 1511 831 conditio,
1550 771 1604 820 et
1649 764 1791 837 quod
1829 765 1946 819 sine

0 850 1 857 ἵ
53 875 73 894 ·
121 881 284 923 sensu
314 869 590 924 nascimur
610 911 624 934 ,
665 879 790 924 cum
827 867 1096 941 'voluptate
1134 880 1441 922 servamur:
1494 864 1730 939 profecto
1751 908 1765 931 ,
1817 881 1943 938 quo·

121 967 269 1023 niam
308 966 490 1033 illum,
529 969 622 1041 qui
662 967 799 1024 hanc
833 967 1022 1024 urbem
1054 967 1323 1033 condidit,
1363 966 1430 1023 ad
1456 966 1583 1022 deos
1614 965 1945 1022 immortales

121 1067 486 1125 benevolentia
518 1068 764 1143 famaque
797 1069 1117 1126 sustulimus
1137 1112 1152 1134 ‚
1191 1075 1307 1124 esse
1333 1072 1479 1124 nunc
1510 1073 1565 1123 et
1603 1066 1746 1141 apud
1772 1073 1944 1140 poste-

121 1184 208 1224 ros
247 1169 304 1224 in
342 1169 541 1226 honore
578 1170 791 1226 debebit
829 1172 876 1225 is
895 1212 909 1235 ,
960 1159 1054 1242 qui
1086 1169 1331 1225 eamdem
1365 1169 1504 1224 hanc
1545 1169 1732 1224 urbem
1767 1167 1945 1224 condi·

122 1275 232 1325 tam
259 1295 261 1300 ¹
284 1267 770 1340 amplificatamque
822 1268 1071 1322 servavit.
1175 1271 1297 1323 104.
1360 1268 1474 1323 Sit¹
1531 1267 1711 1340 Scipio
1767 1268 1947 1324 clarus

9 1442 11 1447 ¹
121 1367 233 1434 ille,
265 1367 429 1424 cuius
460 1366 685 1423 oonsilio
722 1364 884 1440 atque
914 1367 1117 1422 virtute
1157 1366 1419 1423 Hannibal
1453 1368 1509 1423 in
1557 1366 1793 1423 Africam
1828 1367 1944 1423 red·

119 1469 199 1525 ire
235 1473 411 1542 atque
459 1483 527 1525 ex
570 1466 725 1524 Italia
777 1466 1033 1524 decedere
1082 1473 1303 1524 coactus
1351 1473 1461 1523 est:
1538 1474 1763 1523 ornetur
1812 1466 1948 1522 alter

117 1568 327 1626 eximia·
357 1566 517 1626 laude
565 1566 880 1634 AfricanuS,
932 1568 1026 1640 qui
1066 1566 1201 1623 duas
1240 1566 1401 1623 urbes
1434 1567 1560 1623 huic
1602 1568 1829 1641 imperio
1867 1569 1946 1622 in·

115 1667 457 1735 festissimas,
488 1667 874 1741 Karthaginem
907 1667 1390 1741 Numantiamque,
1423 1667 1645 1724 delevit:
1688 1667 1949 1724 habeatur

13 1775 15 1781 ’
116 1770 200 1825 vir
230 1770 480 1843 egregius
517 1768 576 1826 1..
617 1768 836 1826 Paullus
873 1769 964 1826 ille
983 1812 998 1836 ,
1050 1771 1209 1826 cuius
1242 1785 1468 1826 currum
1514 1785 1609 1827 rex
1641 1771 1946 1844 potentissi-

114 1876 238 1927 mus
268 1868 539 1944 quondam
576 1875 630 1927 et
663 1870 1030 1927 nobilissimus
1068 1871 1257 1928 Perses
1295 1870 1624 1928 honestavit:
1665 1872 1739 1927 sit
1770 1872 1828 1927 in
1861 1886 1945 1927 ae·

115 1975 270 2029 terna
301 1971 471 2044 gloria
506 1969 710 2029 Marius
724 2014 737 2037 ‚
774 1973 870 2046 qui
898 1972 982 2029 bis
1014 1972 1226 2030 Italiam
1265 1972 1540 2029 obsidione
1570 1976 1627 2029 et
1658 1978 1810 2029 metu
1834 1988 1944 2029 ser·

116 2072 305 2129 vitutis
330 2072 606 2130 liberavitt
645 2080 1005 2149 anteponatur
1035 2074 1286 2130 omnibus
1314 2074 1600 2146 Pompeius
1615 2117 1629 2138 ,
1668 2075 1826 2130 cuius
1859 2088 1946 2129 res

117 2177 298 2244 gestae
323 2178 484 2246 atque
522 2173 752 2230 virtutes
789 2174 1012 2242 iisdem,
1051 2173 1248 2248 quibus
1281 2174 1408 2230 solis
1445 2190 1639 2230 cursus
1660 2217 1675 2240 ,
1713 2175 1942 2246 regioni·

107 2272 217 2347 ,bus
238 2288 311 2329 ac
343 2274 592 2330 terminis
629 2274 1002 2332 continentur:
1042 2307 1118 2317 —
1155 2275 1260 2330 erit
1299 2274 1535 2348 profecto
1568 2275 1710 2330 inter
1748 2275 1942 2331 horum

95 2350 296 2428 ‘laudes
328 2372 530 2447 aliquid
566 2373 670 2430 loci
703 2380 918 2430 nostrae
949 2374 1185 2447 gloriae;
1223 2375 1330 2429 nisi
1370 2373 1507 2429 forte
1530 2374 1709 2430 maius
1741 2381 1825 2430 est
1852 2390 1939 2448 pa-

115 2473 343 2530 tefacere
373 2473 528 2530 nobis
563 2475 895 2548 provinciaS,
954 2491 1060 2549 quo
1098 2476 1247 2532 exire
1287 2475 1555 2548 possimus
1579 2519 1593 2541 ,
1646 2491 1809 2548 quam
1850 2492 1941 2530 cu·

46 2611 50 2615 -
113 2586 234 2630 rare
246 2600 270 2639 ,·
314 2579 377 2629 ut
426 2573 591 2631 etiam
642 2574 720 2630 illi
742 2618 757 2641 ,
814 2576 909 2648 qui
950 2575 1146 2632 absunt
1165 2618 1180 2642 ,
1241 2576 1472 2632 habeant
1492 2619 1507 2642 ,
1565 2593 1672 2649 quo
1710 2577 1942 2632 victores

111 2676 468 2731 revertantur.
553 2678 674 2732 105.
716 2675 1053 2749 Quamquam
1082 2682 1164 2732 est
1197 2693 1306 2732 uno
1335 2676 1452 2732 loco
1483 2676 1719 2732 conditio
1752 2676 1942 2732 melior

28 2807 31 2813 ·
113 2781 363 2832 externae
404 2776 662 2832 victoriae
681 2818 697 2842 ,
748 2793 910 2850 quam
951 2777 1303 2843 domesticae,
1362 2773 1504 2850 quod
1544 2777 1723 2833 hostes
1755 2777 1938 2833 alieni·

113 2887 278 2948 genae
311 2881 405 2931 aut
436 2878 674 2950 oppressi
706 2879 979 2944 serviunt,
1030 2885 1125 2934 aut
1163 2879 1364 2951 recepti
1404 2877 1662 2934 beneficio
1700 2893 1758 2933 se
1809 2877 1937 2932 obli-

112 2982 262 3049 gatos
283 2982 502 3051 putant:
543 2979 637 3051 qui
658 2985 839 3035 autem
859 2996 924 3035 ex
952 2994 1176 3035 numero
1196 2980 1398 3034 civium
1414 3022 1428 3043 ,
1468 2978 1737 3033 dementia
1757 2978 1937 3050 aliqua

68 3109 70 3115 ·
113 3077 415 3151 depravati,
457 3079 635 3136 hostes
667 3081 872 3153 patriae
905 3081 1067 3137 semel
1107 3097 1223 3137 esse
1255 3086 1574 3153 coeperunt,
1615 3094 1732 3144 eoS,
1766 3095 1934 3152 quum

113 3196 142 3232 a
175 3181 411 3251 pernicie
451 3181 775 3254 reipublicae
813 3183 1102 3255 repuleriS,
1144 3200 1241 3239 nec
1282 3184 1333 3237 vi
1368 3198 1614 3237 coercere
1648 3198 1745 3236 nec
1778 3180 1931 3236 bene-

174 3514 209 3571 ¹)
241 3511 285 3555 in
310 3510 433 3556 Catil.
460 3515 532 3557 IV.
566 3528 602 3557 c.
639 3515 707 3556 10.
743 3514 857 3568 §21.

1559 3586 1650 3634 10*
