2210 3970
203 212 311 262 510
815 221 1023 260 menno
1064 220 1132 257 nn
1177 219 1313 256 vi'rA
1353 219 1457 256 sisA

196 358 383 414 binum
406 398 418 420 ,
478 356 682 411 Lucani
733 354 1051 411 Gracchum.
1151 351 1287 408 Sed¹
1343 366 1526 406 omnes
1567 364 1882 405 enumerare
1921 366 2029 406 ma·
2106 424 2109 426 -

194 475 363 530 gnum
404 463 513 512 est:
556 457 632 510 ita
673 461 799 510 sunt
843 444 1035 518 multi,
1071 452 1265 525 quibus
1305 450 1551 505 videmus
1597 448 1856 521 optabiles
1893 466 2032 505 mor·

195 567 277 616 tes
314 558 480 617 fuisse
517 576 642 623 cum
683 559 867 631 gloria.
924 561 1074 612 112.
1115 557 1304 611 Itane²
1345 553 1501 609 vero?
1543 553 1712 607 tantis
1752 553 1808 607 in
1834 551 2028 607 labori-

194 659 296 716 bus
339 661 398 717 C.
437 659 639 714 Marius
671 657 1032 730 periculisque
1070 656 1322 720 vixisset,
1356 655 1402 709 si
1431 652 1567 708 nihil
1597 651 1838 724 longius,
1869 645 2032 725 quam

196 752 338 816 vitae
378 761 597 815 termini
620 757 990 831 postulabant,
1032 774 1125 828 spe
1164 763 1325 828 atque
1365 733 1547 810 animo
1578 753 1644 809 de
1677 770 1734 809 se
1773 759 1828 809 et
1866 751 2037 825 gloria

194 877 292 916 sua
339 858 662 931 cogitasset?
742 858 810 912 At
861 856 1020 911 credo
1040 898 1055 920 ,
1107 872 1276 927 quum
1329 853 1749 910 innumerabiles
1799 853 2039 909 hostium

145 993 149 997 ,
178 960 377 1032 copias
423 960 478 1013 in
520 957 679 1013 Italia
717 955 945 1012 fudisset
977 962 1139 1027 atque
1178 955 1451 1011 obsidione
1481 954 1869 1026 rempublicam
1907 954 2034 1009 libe·

195 1064 368 1114 rasset
388 1100 404 1124 ,
438 1057 619 1113 omnia
659 1073 758 1112 sua
796 1072 982 1112 secum
1016 1071 1124 1110 una
1155 1056 1422 1110 moritura
1450 1053 1835 1110 arbitrabatur.
1914 1053 2031 1109 Non

195 1167 277 1214 est
317 1159 426 1214 ita:
485 1174 659 1231 neque
691 1158 978 1230 quisquam
1021 1162 1267 1212 nostrum
1308 1156 1364 1211 in
1402 1155 1729 1228 reipublicae
1783 1153 2039 1228 periculis

194 1276 322 1316 cum
360 1258 518 1315 laude
557 1275 619 1314 ac
657 1258 861 1314 virtute
901 1264 1148 1313 versatur
1168 1299 1182 1322 ,
1230 1257 1362 1330 quin
1398 1273 1493 1330 spe
1529 1256 1862 1329 posteritatis
1918 1253 2033 1310 fru-

194 1367 395 1432 ctuque
460 1359 708 1416 ducatur.
807 1349 995 1432 Itaque
1062 1374 1232 1431 quum
1296 1357 1485 1413 multis
1532 1357 1653 1413 aliis
1703 1357 1771 1413 de
1833 1355 2040 1412 caussis

184 1462 439 1539 *virorum
477 1461 740 1517 bonorum
780 1467 989 1516 mentes
1034 1459 1248 1516 divinae
1287 1458 1422 1515 mihi
1470 1441 1923 1531 atque‘aeternae
1959 1457 2037 1511 vi·

197 1562 394 1618 dentur
446 1569 597 1627 esse,
649 1569 767 1618 tum
820 1562 1084 1627 maxime,
1124 1561 1273 1633 quod·
1313 1561 1502 1634 optimi
1555 1567 1610 1615 et
1649 1556 2036 1632 sapientissimi

203 1664 468 1735 cuiusque
493 1664 714 1729 animus
761 1664 836 1718 ita
869 1663 1165 1735 praesentit
1203 1661 1261 1716 in
1293 1667 1568 1733 posterum
1591 1701 1606 1725 ,
1642 1665 1705 1715 ut
1739 1657 1875 1715 nihil
1932 1657 2038 1712 nisi

201 1737 592 1836 sempiternum
646 1769 890 1835 spectare
939 1762 1204 1818 videatur.
1305 1761 1641 1834 Quapropter
1691 1766 1746 1815 et
1784 1759 1839 1814 C.
1887 1758 2043 1814 Marii

202 1870 262 1919 et
295 1870 600 1920 ceterorum
652 1864 894 1918 virorum
940 1861 1463 1934 sapientissimorum
1510 1877 1572 1916 ac
1625 1859 2046 1915 fortissimorum

201 1965 402 2020 civium
468 1970 676 2019 mentes
729 1962 864 2026 mihi
910 1963 1166 2018 videntur
1214 1979 1280 2017 ex
1325 1961 1607 2016 hominum
1657 1961 1770 2016 vita
1806 1959 1876 2015 ad
1925 1958 2045 2014 deo·

199 2081 323 2120 rum
357 2064 673 2137 religionem
712 2070 766 2119 et
805 2064 1216 2118 sanctimoniam
1248 2061 1594 2134 demigrasse.
1678 2064 1804 2116 115.
1833 2059 2042 2116 Nemo⁸

197 2182 459 2238 umquam
490 2165 626 2220 mihi
646 2164 1014 2237 persuadebit,
1048 2170 1143 2219 aut
1165 2162 1411 2219 Paullum
1426 2205 1441 2228 ,
1464 2169 1559 2218 aut
1579 2160 1895 2217 Africanum
1910 2202 1926 2226 ,
1947 2166 2044 2216 aut

201 2266 440 2322 Africani
474 2272 709 2338 patrem,
760 2271 855 2320 aut
887 2271 1175 2338 patruum,
1217 2271 1311 2320 aut
1351 2263 1553 2319 multos
1591 2267 1928 2336 praestantes
1964 2261 2040 2315 vi·

203 2384 328 2431 roS,
368 2383 500 2438 quos
543 2383 863 2421 enumerare
898 2383 1003 2420 non
1042 2371 1124 2421 est
1164 2381 1410 2429 necesse,
1451 2369 1603 2418 tanta
1642 2379 1759 2418 esse
1798 2367 2047 2426 conatOS,

204 2481 343 2538 quae
374 2465 442 2520 ad
475 2466 808 2537 posteritatis
840 2466 1159 2520 memoriam
1194 2464 1558 2537 pertinerent,
1598 2463 1705 2518 nisi
1733 2462 1914 2531 animo
1934 2478 2046 2517 cer-

205 2570 396 2621 nerent
429 2564 805 2638 posteritatem
842 2563 909 2618 ad
938 2581 995 2619 se
1032 2565 1320 2635 pertinere.
1400 2563 1482 2618 An
1522 2578 1709 2618 censes
1744 2562 1826 2636 (ut
1859 2561 1926 2617 de
1957 2576 2045 2618 me

206 2665 321 2738 ipso
369 2662 574 2735 aliquid
612 2678 763 2718 more
802 2679 992 2718 senum
1034 2662 1253 2737 glorier)
1291 2679 1379 2719 me
1411 2669 1591 2718 tantos
1628 2662 1837 2718 labores
1876 2662 1933 2716 in
1964 2677 2045 2716 re·

184 2763 420 2838 -publica
452 2768 834 2835 suscepturum
855 2761 1048 2828 fuisse,
1076 2763 1122 2818 si
1141 2762 1334 2819 iisdem
1370 2762 1568 2838 finibus
1589 2762 1818 2835 gloriam
1838 2777 2014 2817 meam
2031 2803 2045 2827 ‚

204 2864 403 2938 quibus
442 2865 640 2930 vitam,
694 2880 868 2919 essem
908 2863 1337 2919 terminaturus?
1417 2864 1605 2920 Nonne
1642 2863 1838 2920 melius
1876 2862 2048 2918 multo

205 2963 395 3021 fuisset
415 3006 431 3030 ,
471 2965 698 3019 otiosam
731 2970 963 3020 aetatem
1003 2970 1055 3019 et
1084 2965 1325 3037 quietam
1366 2965 1482 3020 sine
1505 2964 1613 3020 ullo
1645 2964 1825 3020 labore
1843 2969 1898 3020 et
1919 2980 2041 3018 con-

205 3052 823 3121 tentione-traducere?
881 3064 1013 3130 Sed,
1068 3066 1248 3120 nescio
1288 3063 1585 3138 quomodo,
1642 3065 1892 3130 animus,
1945 3065 2047 3120 eri·

205 3182 339 3236 gens
371 3183 452 3232 se,
493 3167 863 3239 posteritatem
897 3183 1111 3239 semper
1151 3167 1227 3221 ita
1256 3163 1638 3239 prospiciebat,
1667 3166 1848 3238 quasi,
1876 3181 2046 3237 quum

207 3267 523 3323 excessisset
558 3285 588 3324 e
626 3269 763 3335 vita,
802 3274 920 3323 tum
956 3267 1185 3340 deniqne
1218 3268 1464 3322 victurus
1503 3272 1660 3321 esset.
1743 3264 1894 3333 Quod
1928 3265 2043 3337 qui-

270 3436 309 3492 ¹)
339 3435 463 3478 Tusc.
483 3437 518 3478 1.
553 3449 588 3479 c.
605 3437 678 3478 49.
713 3437 736 3494 ᾗ
758 3437 859 3479 116.
898 3461 956 3469 -
991 3437 1031 3494 9)
1066 3449 1142 3496 pro
1174 3433 1350 3481 Rabirio
1367 3433 1576 3497 perduell.
1596 3448 1665 3478 reo
1682 3447 1724 3477 α
1748 3435 1820 3478 10.
1850 3434 1964 3492 §29.
1986 3457 2044 3466 —-

212 3511 252 3570 5)
284 3509 337 3556 de
369 3513 533 3557 senect.
568 3527 604 3558 c.
624 3516 698 3559 23.
734 3514 850 3572 582.
