2210 3970
279 279 457 330 772⁹
740 291 1067 330 ANNALES
1125 293 1632 332 CICERONffANl.

278 415 447 480 ἰ’σχυεν
483 421 532 468 ἓν
564 427 619 487 τῇ
656 426 797 469 πόλει
827 423 1071 486 μέγιστον.
1107 422 1254 484 Αὐτῷ
1287 422 1332 466 δ’
1358 423 1491 486 ἔργον
1523 423 1610 484 μὲν
1639 419 1694 484 ἢν
1727 426 1781 471 τὸ
1811 430 1925 480 τούς
1958 432 2107 488 φιλο-

280 505 466 560 σόφους
497 506 742 548 συντελεῖν
782 503 1036 566 διαλόγους
1070 506 1149 547 καὶ
1188 503 1508 564 μεταφράζειν
1546 507 1628 550 καὶ
1664 505 1756 550 τῶν
1789 505 2104 554 διαλεκτικῶν

281 581 311 639 ἢ
328 582 549 640 φυσικῶν
577 580 825 643 ὀνομάτων
857 581 1061 628 ἕκαστον
1088 585 1159 633 εἰς
1187 583 1462 642 ςΡωμαικήν
1485 584 1807 644 μεταβάλλειν
1835 586 2104 634 διάλεκτον.

357 698 418 777 (⁹)
465 700 526 754 In
570 702 654 757 his
692 702 843 756 libris
882 701 984 755 fuit
1024 700 1366 766 Hortensius,
1419 719 1523 773 quo
1563 705 1842 760 universae
1882 706 2105 777 philoso-
2204 770 2207 774 ,

279 805 438 878 phiae
489 801 946 875 vituperatoribus
999 801 1310 872 respondit,
1362 819 1530 873 quum
1587 811 1726 859 esset
1765 813 2015 861 accusata
2055 814 2109 861 et
2190 823 2199 858 s

278 909 584 979 vituperata
622 904 688 958 ab
721 910 929 957 oratore
962 902 1259 956 Hortensia
1282 920 1331 956 x.
1375 920 1421 956 c.
1446 906 1500 957 6.
1528 908 1612 957 14.
1648 922 1699 958 c.
1731 909 1783 959 9.
1818 909 1907 963 20.
1949 926 1993 961 c.
2022 913 2106 962 11.

281 1009 353 1061 26
387 1023 464 1077 sq.
507 1023 552 1059 c.
591 1009 681 1058 14.
727 1007 818 1059 54.

344 1122 426 1166 Cic.
461 1125 583 1166 Tusc.
612 1133 684 1164 111.
717 1135 752 1164 c.
778 1124 824 1164 3.
853 1123 895 1164 6.
944 1121 1011 1162 De
1033 1120 1240 1163 universa
1264 1118 1585 1179 philosophia,
1620 1127 1785 1180 quanto
1812 1137 1939 1181 opere
1959 1131 2009 1167 ‘et
2035 1139 2109 1167 esc-
2187 1108 2200 1149 7

273 1198 468 1261 petenda
500 1205 615 1242 esset
652 1205 696 1242 et
731 1196 941 1251 colenda,
975 1199 1114 1252 satis,
1147 1205 1200 1241 ut
1231 1197 1453 1253 arbitror,
1485 1196 1654 1241 dictum
1681 1206 1748 1242 est
1778 1199 1828 1242 in
1859 1201 2108 1245 Hortensio.
2188 1237 2190 1243 .

282 1277 467 1323 Trebell.
502 1277 634 1321 Pollio
670 1276 716 1319 in
752 1276 840 1320 vita
871 1276 1062 1320 Salonini
1095 1275 1279 1319 Gallieni
1314 1290 1350 1319 c.
1368 1277 1411 1319 2.
1475 1276 1559 1318 Nec
1591 1276 1743 1336 ignota
1772 1293 1866 1320 esse
1892 1277 2109 1334 arbitror,
2192 1325 2194 1330 λ

280 1373 393 1418 quae
422 1355 552 1399 'dixit
596 1358 653 1399 M.
691 1354 868 1398 Tullius
908 1355 957 1398 in
988 1353 1254 1408 Hortensio,
1297 1351 1518 1412 quemad
1557 1353 1804 1415 exemplum
1840 1350 2112 1416 Protreptici
2191 1350 2193 1355 ⁴

277 1435 476 1496 scripsit.
539 1433 777 1494 Angustia.
810 1432 863 1477 de
905 1434 1005 1477 Vita
1043 1431 1169 1476 beata
1200 1447 1242 1492 p.
1272 1432 1373 1474 705.
1407 1429 1495 1487 (ed.
1537 1429 1676 1491 Lugd.
1705 1434 1861 1491 1583.)
1923 1429 2022 1493 qu
2044 1432 2109 1493 ab·
2184 1463 2189 1489 ς

277 1527 421 1574 usque
451 1510 771 1555 undevicesimo
814 1527 928 1555 anno
959 1511 1126 1554 aetatis
1157 1526 1307 1567 meae,
1331 1518 1575 1571 postquam
1606 1511 1655 1554 in
1687 1508 1840 1552 schola
1870 1509 2111 1554 Rhetorum
2187 1523 2191 1530 ¹

281 1589 443 1634 librum
478 1588 609 1633 illum
654 1588 899 1645 Oiceronis,
933 1589 1012 1649 qui
1042 1589 1309 1632 Hortensius
1341 1595 1552 1645 vocatur,
1585 1590 1735 1651 accepi
1750 1622 1764 1646 ‚
1808 1596 1932 1632 tanto
1964 1604 2110 1632 amore
2180 1615 2189 1618 ·

268 1668 585 1730 philosophiae
627 1682 864 1711 succensus
906 1682 1037 1722 sum,
1078 1673 1132 1710 ut
1168 1666 1327 1710 statim
1357 1665 1418 1709 ad
1440 1682 1544 1731 eam
1585 1684 1654 1712 me
1686 1666 1934 1722 transferre
1974 1666 2110 1710 medi-
2184 1660 2187 1664 ’

278 1754 411 1791 tarer.
475 1745 540 1790 Id.
583 1744 763 1790 Confess.
789 1759 862 1791 111.
894 1761 930 1789 c.
956 1749 996 1789 4.
1066 1745 1242 1789 Usitato
1279 1743 1371 1786 iam
1408 1733 1608 1788 discendi
1637 1745 1789 1789 ordine
1818 1760 2109 1804 ,perveneram
2180 1755 2190 1765 ’“

276 1826 326 1870 in
358 1825 519 1870 librum
554 1824 784 1886 quemdam
821 1822 1053 1867 cuiusdam
1089 1823 1322 1866 Ciceronis.
1387 1823 1519 1867 Liber
1549 1812 1630 1868 ille
1660 1823 1809 1885 ipsius
1840 1822 2110 1867 exhortatio·

275 1920 375 1949 nem
405 1905 600 1948 continet
635 1904 696 1948 ad
732 1903 1066 1965 philosophiam
1095 1907 1140 1944 et
1170 1908 1354 1944 vocatur
1389 1902 1669 1945 Hortensius.
1733 1901 1820 1946 Ille
1862 1916 1961 1945 vero
2001 1889 2112 1945 liber
2188 1946 2190 1951 ,

275 1982 469 2027 mutavit
500 1981 711 2041 affectum
740 1999 897 2027 meum.
950 1981 1095 2025 Viluit
1126 1980 1239 2024 mihi
1264 1989 1440 2041 repente
1471 1982 1613 2026 omnis
1654 1997 1767 2024 vana
1797 1986 1920 2040 spes,
1957 1989 2003 2026 et
2027 1983 2109 2030 im·
2184 2007 2185 2010 ¹

275 2058 595 2103 mortalitatem
637 2061 886 2120 sapientiae
927 2059 1282 2120 concupiscebam
1328 2067 1457 2103 aestu
1499 2058 1646 2102 cordis
1687 2058 1953 2103 incredibili.
2015 2062 2110 2104 Non
2195 2069 2198 2072 ’

277 2137 392 2181 enim
424 2136 485 2179 ad
514 2137 755 2181 acuendam
793 2138 992 2199 linguam
1024 2136 1268 2196 referebam
1293 2135 1426 2180 illum
1459 2134 1652 2193 librum,
1683 2153 1822 2197 neque
1853 2136 1966 2180 mihi
1993 2137 2111 2182 locu·

277 2214 468 2268 tionem,
513 2213 620 2269 sed,
665 2214 785 2274 quod
815 2216 1107 2277 loquebatur,
1131 2222 1437 2276 persuaserat.
1472 2242 1530 2250 —
1563 2216 1630 2260 Et
1672 2232 1749 2276 ego
1793 2215 1875 2259 illo
1920 2223 2112 2276 tempore

276 2293 354 2336 hoc
381 2291 475 2336 solo
503 2291 752 2336 delectabar
777 2293 826 2337 in
855 2293 941 2337 illa
974 2293 1310 2349 exhortatione,
1343 2293 1463 2354 quod
1486 2310 1572 2337 non
1603 2294 1731 2338 illam
1772 2302 1854 2339 aut
1881 2290 2010 2339 illam
2041 2311 2108 2339 se-

277 2379 419 2425 ctam,
451 2370 531 2414 sed
554 2371 725 2430 ipsam,
760 2388 1044 2433 quaecunque
1072 2378 1211 2426 esset,
1237 2371 1505 2432 sapientiam
1529 2379 1583 2416 ut
1614 2371 1870 2433 diligerem,
1902 2381 1946 2418 et
1977 2391 2109 2434 quae-

277 2465 441 2506 rerem,
474 2457 518 2493 et
543 2447 801 2508 assequerer
817 2483 830 2505 ‚
863 2457 907 2493 et
939 2457 1127 2493 tenerem
1154 2456 1289 2509 atque
1324 2449 1604 2510 amplexarer
1623 2450 1819 2508 fortiter
1835 2485 1848 2508 ,
1883 2453 2110 2497 excitabar

279 2542 475 2571 sermone
502 2526 583 2569 illo
617 2534 660 2570 et
691 2526 954 2570 accendebar
980 2535 1025 2571 et
1058 2526 1276 2572 ardebam.
1340 2526 1399 2571 Cf.
1445 2531 1513 2571 Fr.
1541 2527 1800 2579 Schneider,
1847 2522 2112 2590 Fragmenta

276 2605 507 2649 Hortensii
537 2605 823 2649 ciceroniani.
856 2605 1206 2661 Tremesnoviae‚
1242 2608 1376 2649 1841.
1403 2607 1463 2650 80.

357 2710 442 2784 (¹⁰)
485 2709 687 2765 Deinde
719 2708 873 2780 plura
908 2709 1141 2780 suscepit
1179 2714 1232 2762 et
1270 2709 1508 2780 primum
1543 2709 1760 2780 quidem
1793 2709 2111 2765 Academiae
2158 2699 2181 2781 ,ξ’

277 2809 667 2883 philosophiam
734 2808 940 2879 duobus
987 2808 1141 2862 libris
1192 2807 1618 2864 Academicorum
1670 2809 1960 2864 illustrauit
1982 2854 1996 2876 ‚
2054 2812 2111 2865 in
2162 2840 2163 2855 2

277 2910 472 2983 quibus
509 2909 788 2972 Catulum,
828 2908 1112 2962 Lucullum
1153 2916 1206 2962 et
1240 2909 1585 2965 Hortensium
1625 2910 1902 2982 loquentes
1942 2926 2108 2983 quum

230 3037 235 3042 ’
276 3011 614 3075 induxisset,
654 3008 873 3073 deinde,
914 3010 1081 3064 Attici
1119 3009 1367 3075 hort-atu,
1407 3011 1664 3066 Varronis
1694 3029 1974 3083 personam
2005 3012 2108 3067 dis·

273 3112 541 3186 putationi
592 3111 830 3165 inserere
881 3110 1179 3164 constituit.
1259 3110 1409 3164 Unde
1442 3115 1570 3165 natssa
1603 3114 1689 3165 esi
1737 3111 1931 3184 duplex
1971 3113 2106 3167 Aeas
2160 3107 2207 3182 322]

273 3214 605 3268 demicorum
640 3213 900 3267 recensio,
937 3229 987 3265 x.
1030 3229 1075 3266 c.
1102 3215 1152 3265 6.
1194 3216 1278 3265 14.
1317 3229 1367 3265 ὀ.
1402 3216 1488 3265 11.
1534 3215 1622 3265 26.
1667 3230 1712 3266 ο.
1745 3217 1829 3266 12.
1868 3217 1955 3267 ⁶28.

333 3316 417 3358 cic.
453 3313 506 3357 ad
535 3316 758 3356 Att.-x111.
791 3315 863 3356 18.
929 3312 1029 3372 Ego
1061 3312 1230 3355 interea
1262 3311 1493 3356 admonitu
1521 3318 1597 3355 tao
1616 3311 1796 3372 perfeci
1837 3327 1943 3355 sane
1973 3321 2104 3374 argu-
2150 3318 2194 3385 g

273 3392 393 3436 tulos
419 3391 554 3435 libros
581 3389 642 3432 ad
672 3391 930 3432 Varronem:
964 3389 1044 3433 sed
1064 3397 1209 3433 tamen
1233 3397 1463 3450 exspecto,
1494 3387 1608 3450 quid
1630 3389 1690 3433 ad
1704 3405 1775 3445 ea.
1798 3406 1915 3449 ‘quae
1942 3391 2106 3450 scripsi
2147 3386 2190 3438 ,ἕ

274 3471 334 3514 ad
364 3472 436 3513 te:
462 3469 684 3529 primum,
720 3468 802 3526 qui
833 3467 1110 3511 intellexeris
1138 3483 1236 3510 eum
1268 3467 1517 3511 desiderare
1549 3485 1578 3511 a
1609 3485 1704 3522 me,
1738 3485 1873 3528 quum
1903 3469 2001 3529 ipse
2028 3471 2102 3514 ‘ko-

272 3570 339 3600 mo
368 3548 802 3612 πολυγραφώτατος
836 3562 1074 3606 numquam
1118 3562 1183 3588 me
1221 3545 1499 3590 lacessisset:
1534 3545 1716 3603 deinde«,
1756 3564 1882 3606 quem
1915 3549 2102 3605 ζηλοτυπ-
