2210 3970
194 230 302 281 580
654 242 983 280 ANNALES
1039 243 1546 283 CICERONIANI.

193 371 279 428 rit,
307 372 656 432 quinquennium
672 372 779 430 sere
810 388 853 417 se
878 372 926 417 in
951 371 1222 434 principibus
1254 373 1445 434 patronis
1461 382 1694 419 ‘versatum
1721 372 1851 419 fuisse
1882 391 2022 437 quum

195 450 488 510 patrocinium
519 449 742 495 Siciliense
772 450 1007 511 susciperet
1024 484 1038 508 ,
1069 451 1195 496 cuius
1226 451 1350 496 Actio
1378 464 1396 496 1
1423 451 1574 497 habita
1605 460 1671 497 est
1701 451 1832 496 Nonis
1853 452 2025 498 Sextili·

195 525 277 572 bus
310 529 396 585 [=
420 532 450 571 5
475 529 686 588 August.]
713 544 751 576 a.
769 531 816 578 U.
835 532 879 573 C.
899 531 1003 573 684.

274 630 338 704 (⁴)
380 629 442 685 In
475 631 669 686 Urbem
702 631 902 694 redux,
936 630 1000 685 de
1028 631 1196 685 nimia
1220 629 1420 700 gloriae
1450 631 1776 706 cupiditate,
1808 649 1912 703 qua
1934 631 2029 687 ad-

198 732 306 796 huo
336 731 638 798 laborarat,
679 732 1015 804 aliquantum
1056 731 1305 791 remittit.
1343 749 1400 788 11.
1434 750 1480 787 o.
1510 737 1559 787 5.
1598 738 1647 788 7.

263 832 485 887 Plutarch.
515 832 599 878 Cic.
627 848 662 877 c.
693 836 734 877 6.
763 835 804 876 2.
842 838 1079 893 “Yateqor
1123 829 1178 878 δὲ
1214 832 1449 894 λογισμὸν
1485 831 1641 895 ἑαυτῷ
1686 833 1860 886 διδούς
1902 832 2030 881 πολύ

203 912 288 967 τῆς
321 911 609 970 φιλοτιμίας
641 909 863 968 ὑφεῖλεν,
898 908 961 962 ὡς
987 910 1110 972 πρὸς
1137 905 1368 970 ἀόριστον
1395 914 1590 974 πρᾶγμα
1617 912 1707 971 τήν
1735 912 1877 963 δόξαν
1900 911 2039 972 duol-

205 988 414 1050 λώμενος
446 992 528 1034 καὶ
561 987 708 1050 πέρας
743 989 834 1041 οὐκ
878 986 1080 1047 ἐφικτὸν
1117 987 1349 1044 ἔχουσαν.
1424 989 1491 1036 Cf.
1522 994 1568 1035 1..
1602 993 1646 1034 C.
1679 990 1888 1046 Crellius,
1929 991 2039 1034 Pro-

203 1084 404 1133 gramma
428 1052 481 1111 ile
516 1069 717 1111 Cicerone
731 1066 893 1125 famae
918 1084 969 1119 ac
993 1067 1166 1130 gloriae
1192 1066 1366 1127 cupido.
1399 1066 1618 1128 Viteherg.
1637 1071 1773 1112 1738.
1799 1072 1858 1112 40.
1891 1069 2041 1124 (Roes-

206 1150 323 1204 ser),
367 1146 496 1207 Disp.
530 1145 583 1189 de
611 1143 784 1208 gloriae
814 1145 986 1206 finibus
1013 1161 1042 1188 α
1077 1147 1278 1197 Cicerone
1305 1146 1495 1195 nimium
1517 1146 1729 1207 prolatis.
1761 1145 2042 1207 wirceburg.

205 1226 340 1278 1768.
365 1227 427 1277 40,

289 1333 350 1407 (⁵)
374 1333 627 1397 C.Verres
642 1339 856 1406 praetor
878 1334 1119 1390 urbanus
1139 1336 1460 1408 praedonem
1486 1353 1543 1391 se
1561 1334 1780 1408 praebet
1800 1334 1936 1389 iuris
1956 1350 2045 1388 ur-

209 1434 334 1495 bani
351 1441 404 1489 et
425 1434 594 1489 multa
614 1434 817 1505 flagitia
835 1437 1143 1491 committit.
1161 1455 1235 1491 111.
1252 1454 1298 1492 c.
1316 1441 1368 1492 6.
1392 1440 1478 1491 16.
1494 1453 1540 1491 c.
1560 1439 1646 1490 16.
1669 1439 1754 1490 44.
1779 1452 1825 1489 c.
1846 1438 1932 1491 19.
1951 1437 2042 1489 52.

275 1534 358 1579 Cic.
391 1534 439 1578 in
469 1537 648 1580 Verrem
674 1537 769 1579 Act.
800 1548 851 1580 11.
874 1539 923 1579 ¹L.
945 1549 974 1580 1.
1002 1552 1038 1581 c.
1057 1539 1256 1582 40—60.
1291 1538 1449 1581 Verum
1475 1535 1538 1580 ad
1557 1535 1687 1580 illam
1709 1536 1802 1579 iam
1822 1535 2051 1579 veniamus

205 1612 488 1674 praeclaram
514 1619 772 1673 praeturam
804 1614 1077 1675 criminaque
1108 1632 1160 1661 ea
1175 1648 1189 1672 ‚
1234 1632 1348 1677 quae
1377 1617 1554 1666 notiora
1586 1621 1695 1662 sunt
1726 1612 1798 1666 his
1814 1645 1828 1668 ‚
1861 1612 1942 1673 qui
1973 1611 2049 1656 ad-

212 1678 343 1747 sunt,
385 1707 520 1750 quam
546 1689 698 1747 nobis,
741 1691 823 1751 qui
851 1691 1059 1735 meditati
1085 1692 1146 1736 ad
1175 1692 1405 1738 dicendum
1428 1693 1674 1754 paratique
1707 1693 1931 1748 venimus,
1968 1701 2049 1736 cet.

215 1771 328 1826 lbid.
362 1774 409 1817 L.
432 1784 476 1816 v.
505 1787 540 1815 c.
559 1774 631 1815 13.
665 1772 739 1815 34.
792 1770 914 1831 Quid
937 1787 1005 1814 me
1027 1772 1192 1824 attinet
1219 1771 1361 1826 dicere
1392 1778 1473 1817 aut
1500 1770 1761 1831 coniungere
1791 1787 1890 1814 cum
1913 1770 2052 1822 istius

204 1849 396 1910 flagitio
430 1849 693 1909 cuiusquam
726 1855 962 1908 praeterea
1008 1848 1239 1894 dedecus?
1317 1850 1410 1893 Non
1433 1847 1642 1908 faciam,
1674 1845 1871 1891 iudices:
1904 1847 2053 1891 omnia

215 1934 365 1971 vetera
378 1927 762 1987 praetermittam.
795 1924 882 1969 duo
904 1925 1002 1969 sola
1026 1927 1222 1970 recentia
1242 1927 1339 1971 sine
1359 1928 1624 1988 cuiusquam
1650 1925 1846 1983 infamia
1858 1941 2053 1986 ponam;

217 2022 274 2059 ex
305 2005 467 2066 quibus
501 2005 797 2056 coniecturam
817 2002 978 2061 facere
1009 2004 1061 2049 de
1098 2004 1300 2048 omnibus
1325 2005 1553 2070 possitis.-
1592 2021 1730 2055 unum
1761 2003 1906 2059 illud,
1938 2003 2058 2072 ¹quod

218 2085 289 2132 ita
305 2082 413 2142 fuit
443 2082 623 2127 illustre
653 2088 891 2141 notumque
916 2067 1148 2137 omnibus,
1179 2089 1233 2125 ut
1263 2097 1387 2125 nemo
1402 2087 1509 2126 tam
1539 2082 1798 2126 rusticanus
1842 2082 1966 2126 homo
2004 2084 2054 2126 L.

219 2160 410 2206 Lucullo
451 2168 496 2206 et
535 2162 590 2204 M.
622 2161 750 2203 Cotta
779 2159 1036 2204 consulibus
1077 2160 1259 2203 Romam
1294 2175 1352 2204 εει·
1393 2159 1490 2204 ullo
1531 2160 1775 2221 municipio
1816 2159 2058 2204 vadimonii

221 2256 384 2291 caussa
413 2240 582 2285 venerit
597 2271 611 2295 ‚
650 2238 760 2299 quin
795 2236 933 2282 sciret
949 2270 963 2292 ‚
1006 2237 1110 2285 iura
1147 2237 1297 2285 omnia
1321 2239 1547 2298 praetoris
1578 2238 1740 2283 urbani
1769 2246 1884 2282 nutu
1923 2245 2060 2298 atque

223 2319 410 2364 arbitrio
440 2317 691 2362 Chelidonis
721 2314 1027 2362 meretriculae
1039 2314 1311 2376 gubernavi:
1344 2315 1536 2360 alterum
1553 2347 1568 2373 ‚
1597 2316 1741 2376 quod,
1766 2332 1903 2378 quum
1923 2314 2059 2376 palu-

225 2396 361 2441 datus
383 2396 551 2452 exisset
580 2403 767 2456 votaque
790 2411 877 2455 pro
910 2394 1096 2465 imperio
1125 2410 1206 2438 suo
1228 2395 1532 2467 communique
1548 2395 1710 2463 populi
1735 2395 1922 2448 Romani
1951 2411 2061 2438 nun·

226 2481 456 2535 cupa-sset,
487 2480 621 2518 noctu
652 2473 804 2533 stupri
829 2487 990 2516 caussa
1022 2463 1180 2516 lectica
1202 2473 1250 2516 in
1282 2471 1436 2517 Urbem
1462 2471 1701 2530 introferri
1723 2471 1886 2516 solitus
1913 2479 1980 2515 est
2006 2470 2068 2515 ad

229 2551 486 2606 mulierem,
515 2557 701 2611 nuptam
722 2551 805 2593 uni
814 2551 1129 2610 ‚propositam
1155 2550 1381 2605 omnibus,
1413 2557 1568 2594 contra
1582 2550 1699 2609 fas,
1732 2556 1887 2594 contra
1911 2549 2064 2609 auspi·

231 2630 323 2686 cia,
355 2636 510 2681 cantra
539 2644 687 2679 omnes
717 2627 896 2672 divinas
918 2634 1052 2688 atque
1077 2627 1293 2680 humanas
1326 2627 1576 2688 religiones.
1640 2626 1700 2673 Cf.
1733 2627 2066 2672 Pseudo-Ascon.

230 2707 277 2762 in
305 2711 400 2752 Act.
421 2720 450 2753 1.
483 2724 525 2768 p.
547 2709 651 2760 127.
713 2704 952 2756 Scholiasta
983 2706 1165 2758 Gronov,
1197 2703 1305 2750 ibid.
1333 2722 1372 2766 p.
1391 2708 1494 2750 387.

312 2825 375 2899 (⁶)
418 2825 491 2883 Μ.
522 2824 704 2879 Pisoni
762 2825 873 2906 (qui
909 2803 1094 2892 consul
1130 2822 1233 2877 fuit
1269 2839 1316 2878 3
1349 2822 1407 2878 U.
1440 2821 1495 2878 C.
1524 2823 1675 2898 695.)
1717 2825 1773 2878 in
1813 2817 2070 2897 petitione

232 2925 523 2991 aedilitatis
555 2921 858 2997 praefertur
886 2925 955 2984 Μ.
988 2923 1160 2979 Seius.
1202 2942 1270 2979 1v.
1313 2928 1434 2979 c.6.
1468 2928 1561 2987 14.

299 3027 383 3072 cic.
405 3042 482 3088 pro
509 3025 653 3070 Plane.
684 3041 720 3070 c.
739 3028 883 3077 5.12.
932 3008 1115 3086 Semper
1139 3041 1188 3069 se
1213 3024 1331 3068 dicet
1362 3024 1596 3086 (populus)
1624 3026 1682 3076 M.
1702 3024 1884 3080 Seium,
1917 3023 1998 3084 qui
2018 3039 2071 3070 ne

236 3112 482 3167 equestrem
519 3102 696 3165 quidem
723 3101 997 3164 splendorem
1035 3102 1296 3150 incolumem
1335 3119 1364 3146 a
1394 3101 1653 3146 calamitate
1685 3101 1870 3154 iudicii
1886 3101 2076 3146 retinere

231 3186 487 3248 potuisset,
536 3183 704 3229 homini
733 3180 1040 3237 nobilissimo,
1072 3180 1461 3238 innocentissimo,
1493 3180 1873 3242 eloquentissima,
1905 3181 1964 3224 M.
1997 3180 2075 3227 Pi-

235 3253 366 3320 soni,
390 3262 679 3324 praetulisse.
743 3260 796 3305 de
822 3258 907 3312 Off.
938 3272 989 3303 11.
1013 3274 1050 3302 c.
1069 3262 1142 3313 17.
1171 3262 1243 3304 58.
1274 3260 1336 3302 Ne
1366 3262 1424 3304 M.
1453 3257 1629 3319 quidem
1654 3258 1756 3301 Seio
1783 3257 1893 3309 vitio
1925 3256 2078 3310 datum

246 3350 345 3398 est,
377 3339 495 3401 quod
523 3341 572 3384 in
602 3338 792 3383 caritate
823 3353 1021 3382 annonae
1051 3352 1151 3380 asse
1182 3336 1375 3380 modium
1398 3336 1569 3398 populo
1596 3335 1743 3380 dedit:
1777 3352 1937 3397 magna
1964 3336 2078 3379 enim

249 3437 296 3464 se
337 3427 380 3463 et
411 3420 657 3463 inveterata
691 3417 889 3473 invidia,
930 3431 1006 3459 nec
1038 3415 1163 3475 turpi
1191 3416 1398 3471 iactura,
1439 3414 1613 3476 quando
1656 3422 1752 3459 erat
1783 3412 1969 3467 aedilis.
2002 3429 2079 3457 nec

252 3499 470 3556 maxima,
505 3496 719 3551 liberavit.
783 3494 948 3547 Plinius
974 3496 1025 3538 H.
1043 3495 1090 3538 Ν.
1109 3506 1185 3538 XV.
1213 3510 1250 3538 c.
1270 3498 1310 3539 1.
1345 3496 1467 3542 Auno
1494 3506 1682 3547 nchxxj.
1711 3495 1768 3539 M.
1798 3493 1928 3537 Seius
1956 3495 2001 3537 L.
2034 3494 2079 3535 F.
