2210 3970
382 257 598 316 L.V111.
641 258 942 314 c.xxxlv.
986 256 1024 331 g
1050 259 1118 311 92
1160 288 1234 296 —
1273 273 1319 309 e.
1345 256 1550 312 xxxv.
1595 257 1632 331 g
1658 262 1743 311 os.
1904 259 2009 312 sse

177 410 304 466 haec
357 411 548 485 scripsi
596 410 663 467 ad
706 411 1036 466 Terentiam:
1090 408 1325 481 primum
1349 414 1384 472 ¹,
1432 407 1793 463 valetudinem
1844 423 2003 463 suam·

179 518 422 574 curaret;
479 511 704 576 deinde,
757 511 898 566 villis
945 511 1011 566 iis
1058 514 1338 573 uteretur,
1390 524 1526 580 quae
1566 508 1876 579 longissime
1916 507 2002 561 ab·

178 618 356 668 essent
388 628 419 666 a
458 610 737 665 militibus,
818 610 1138 665 Praeterea²
1171 609 1464 680 conscripsi
1504 608 1573 664 ad
1605 614 1815 664 nostros
1854 606 2005 661 sami-

175 711 335 767 liares
373 709 572 766 multas
609 708 887 781 epistolas,
940 708 1135 782 quibus
1173 714 1228 763 et
1267 708 1574 763 Terentiam
1622 713 1676 762 et
1725 706 2008 762 Tulliolam

177 816 416 866 nostram
455 808 867 881 diligentissime
900 807 1346 865 commendarem.
1428 807 1703 862 Verebar-³
1734 807 1909 871 enim,
1949 814 2011 863 ut

178 908 446 966 Dolabella
478 910 608 983 ipsis
635 912 767 965 satis
787 910 1041 983 prodesse·
1057 915 1250 982 posset.
1312 908 1490 963 Etiam
1519 906 1650 963 illud
1677 907 1979 963 metuebam
1998 949 2012 973 ‚

180 1023 248 1066 ne
305 1010 414 1066 iam
452 1008 990 1075 *intercluderemum
1044 1015 1140 1075 ut,
1199 1024 1367 1081 quum
1419 1007 1615 1063 vellent
1672 1009 1848 1073 exire,
1908 1024 2014 1063 non

179 1110 383 1167 liceret.
481 1114 571 1167 94.
613 1111 801 1166 Postea
821 1116 843 1150 ⁴
894 1117 1075 1166 autem
1133 1108 1269 1164 mihi
1327 1110 1382 1164 in
1440 1114 1676 1164 mentem
1735 1108 2018 1165 veniebant

186 1210 345 1267 haec:
399 1211 598 1267 Romae
635 1227 726 1267 eas
759 1228 874 1267 esse
914 1217 1032 1266 tuto
1070 1227 1223 1283 posse
1261 1223 1357 1282 per
1395 1209 1747 1274 Dolabellam,
1794 1224 2020 1282 eamque

156 1317 301 1367 'rem
334 1326 488 1383 posse
521 1310 673 1365 nobis
711 1310 1022 1366 adiumento
1059 1308 1206 1372 esse,‘
1244 1310 1290 1363 si
1329 1323 1467 1380 quae
1505 1310 1615 1373 viS,
1654 1314 1748 1363 aut
1793 1309 1838 1362 si
1883 1325 2021 1380 quae

186 1409 407 1482 rapinae
457 1409 575 1464 fleri
627 1409 941 1481 coepissent.
1042 1407 1145 1462 Sed
1196 1422 1388 1461 rursus
1433 1405 1565 1461 illud
1612 1422 1699 1462 me
1749 1407 2023 1463 movebat‘

186 1508 330 1584 quod
361 1507 637 1573 videbam,
676 1524 862 1563 omnes
901 1507 1064 1562 bonos
1097 1506 1282 1562 abesse
1321 1507 1518 1571 Roma,
1559 1513 1612 1562 et
1651 1524 1740 1563 eos
1771 1508 2025 1564 mulieres

193 1625 326 1667 suas
352 1625 536 1666 seeum
569 1609 780 1665 habere.
861 1608 1045 1680 Ergo⁸
1077 1607 1212 1663 mihi
1241 1607 1396 1681 plane
1423 1625 1528 1663 non
1562 1609 1694 1664 satis
1725 1610 2026 1673 constabat,

189 1715 551 1770 utrumessct
587 1708 799 1765 melius,
880 1709 1026 1764 Rcs⁸
1062 1709 1206 1763 enim
1227 1708 1474 1765 videbam
1513 1725 1620 1782 quo
1653 1710 1808 1766 modo
1841 1728 1897 1767 se
1939 1710 2026 1765 ha·

195 1809 412 1873 herent:
449 1809 632 1868 orbem
660 1816 959 1874 terrarum,
1001 1809 1243 1882 imperiis
1274 1809 1609 1874 distributis,
1648 1812 1838 1868 ardere
1870 1812 2030 1873 bello:

199 1910 405 1969 Urbem·
441 1911 557 1967 Sine
606 1910 843 1984 legibuS,
903 1911 1021 1966 sine
1066 1909 1309 1975 iudiciiS,
1362 1912 1478 1969 sine
1531 1912 1681 1976 iure,
1736 1913 1852 1969 sine
1901 1912 2028 1977 lide,

198 2010 444 2073 relictam
482 2011 769 2084 direptioni
809 2017 864 2067 et
902 2010 1182 2069 incendiis,

243 2229 247 2234 ’
279 2208 488 2268 XXXV.
567 2214 656 2266 95.
698 2210 945 2268 Bellum⁷
986 2213 1155 2284 igitur
1186 2227 1355 2285 quum
1395 2210 1643 2269 futurum
1681 2222 1856 2279 esset,
1909 2231 2035 2270 cum

199 2312 451 2385 Pompeio
469 2327 585 2367 esse
610 2312 882 2367 constitui.
944 2313 1042 2370 Hie
1063 2319 1084 2351 ⁸
1124 2314 1268 2369 enim
1290 2331 1405 2380 me,
1434 2315 1620 2370 multis
1652 2315 2034 2371 obsistentibus

202 2413 320 2470 eius
370 2427 498 2484 erga
543 2427 630 2466 me
679 2411 857 2467 studio
908 2418 1068 2485 atque
1115 2414 1309 2476 amori,
1370 2430 1580 2486 semper
1629 2415 1844 2480 dilexit,
1898 2432 2033 2470 sem-

202 2528 300 2586 per
324 2527 442 2567 ·sua
491 2512 867 2567 coniunctione
913 2513 1293 2584 dignissimum
1334 2513 1623 2579 iudicavit,
1682 2532 1895 2588 semper
1932 2533 2035 2570 non

203 2611 362 2669 modo
401 2610 753 2677 incolumem,
794 2612 887 2668 sed
925 2614 1088 2669 etiam
1129 2613 1523 2686 amplissimum
1564 2621 1725 2686 atque
1763 2616 2037 2671 ornatissi-

205 2728 358 2769 mum
395 2711 565 2767 voluit
603 2729 736 2770 esse.
829 2713 1017 2786 Ergo⁸
1066 2714 1256 2787 pudori
1297 2713 1464 2769 malui
1504 2713 1783 2788 famaeque
1821 2716 2040 2782 cedere,

208 2828 370 2884 quam
421 2811 614 2867 salutis
652 2829 801 2869 meae
841 2816 1104 2871 rationem
1143 2815 1355 2871 ducere.
1437 2815 1601 2870 Cuius
1640 2833 1726 2871 me
1765 2819 1871 2871 mei
1912 2817 2038 2872 sacti

206 2911 523 2984 poenituit‚·
559 2928 664 2966 non
703 2919 815 2968 tam
854 2922 1071 2987 propter
1108 2915 1409 2988 periculum
1445 2931 1625 2969 meum
1648 2958 1661 2979 ‚
1720 2933 1881 2986 quam
1924 2935 2039 2988 pro-

214 3018 334 3084 pter
364 3012 496 3067 vitia
528 3013 728 3078 multa,
768 3031 903 3086 quae
942 3016 1015 3070 ibi
1048 3016 1269 3081 offendi,
1309 3033 1414 3088 quo
1452 3032 1719 3071 veneram.
1801 3018 2042 3072 Primum

215 3130 387 3187 neque
425 3130 648 3186 magnas
676 3116 855 3187 copias
891 3134 1061 3189 neque
1082 3118 1384 3179 bellicosa83
1426 3112 1644 3182 deinde,
1681 3124 1832 3171 extra
1852 3118 2042 3173 ducem

275 3334 314 3390 ι)
346 3330 457 3376 lbid.
491 3333 586 3390 §3·
619 3356 676 3364 —
710 3334 749 3390 ει)
782 3331 890 3377 lbid.
933 3335 1028 3392 §2
1060 3361 1119 3370 -
1151 3337 1191 3395 ⁵)
1225 3334 1335 3379 lbid.
1374 3338 1487 3379 xlv,
1531 3337 1600 3379 14.
1636 3338 1660 3394 ς
1691 3339 1731 3381 1.
1765 3363 1823 3370 -
1856 3339 1897 3397 4)
1932 3337 2042 3382 nna.

222 3410 336 3454 xlv.
364 3411 437 3454 18.
470 3409 557 3468 §L
588 3434 646 3443 —
679 3411 720 3468 ⁵)
752 3404 860 3455 lbid.
900 3413 924 3469 §
950 3414 993 3457 2.
1025 3439 1083 3446 —
1115 3415 1156 3473 ⁶)
1190 3413 1324 3474 Epist.
1357 3411 1530 3462 ad..Ser.
1561 3412 1805 3474 Sulpicium
1833 3415 1905 3472 (ad
1927 3419 2046 3460 Fam.

222 3488 296 3531 ιν.
328 3489 370 3530 1.
403 3488 510 3547 52.)
541 3513 601 3522 -
634 3489 676 3546 φ)
705 3487 758 3532 ad
788 3490 880 3533 Att.
914 3478 1008 3534 vu.
1041 3493 1116 3536 26.
1149 3492 1233 3548 §a
1268 3517 1324 3523 -
1360 3492 1400 3547 8)
1433 3488 1478 3534 in
1512 3490 1643 3536 rison.
1680 3508 1715 3537 c.
1734 3496 1803 3538 31.
1840 3495 1952 3552 §ve
1989 3521 2045 3526 —

226 3564 271 3620 (9
309 3563 440 3625 Epist.
467 3565 519 3612 ad
553 3569 602 3610 M.
622 3565 801 3611 Marium
836 3566 909 3625 (ad
942 3571 1056 3613 Fam.
1090 3570 1184 3613 VII.
1219 3572 1257 3612 3.
1293 3569 1397 3626 §1.)
