2150 3990
267 240 368 290 1:26
862 254 1070 291 emeno
1117 254 1185 290 ni:
1235 253 1370 291 viu
1419 253 1520 291 SUA

263 386 408 441 mihi
429 393 480 440 et
513 394 752 442 recreata
773 387 1073 460 respublica
1104 387 1401 442 videbatur.
1482 386 1621 454 Quid
1655 387 1798 440 enim
1823 386 1951 440 mali
1983 394 2076 441 aut

262 486 477 541 sceleris
512 487 639 564 fingi
674 495 768 543 aut
797 490 1023 559 cogitari
1049 495 1224 561 potest
1244 531 1259 553 ‚
1299 486 1439 559 quod
1472 502 1577 540 non
1609 485 1698 540 ille
1731 487 2075 558 conceperit?

261 586 392 654 Quis
424 593 535 642 tota
567 587 720 642 Italia
753 588 1019 652 veneficus
1040 630 1054 653 ,
1095 589 1216 660 quis
1250 587 1546 658 gladiator,
1586 586 1706 657 quis
1732 585 1915 650 'latr0,
1956 587 2076 658 quis

261 687 488 741 sicarius
509 727 523 751 ‚
576 688 697 758 quis
753 687 1050 759 parricida,
1103 689 1225 759 quis
1271 692 1714 742 testamentorum
1773 686 2076 752 subiector‚

260 788 382 859 quis
407 780 874 858 circumscriptor,
915 788 1036 859 quis
1063 804 1259 858 ganeO,
1300 787 1422 858 quis
1455 803 1645 858 nepoS‚
1666 785 1806 858 'quis
1839 786 2077 850 adulter,

259 903 396 958 quae
440 886 636 940 mulier
673 885 889 940 infamis
909 928 924 951 ,
964 887 1086 958 quis
1118 893 1400 959 corruptor
1438 887 1734 942 iuventutis
1754 928 1768 952 ,
1809 887 1931 958 quis
1963 903 2074 941 cor-

258 993 480 1058 ruptuS,
520 987 641 1057 quis
679 985 922 1058 perditus
955 987 1187 1041 inveniri
1223 993 1428 1059 potest,
1468 987 1562 1059 qui
1598 1004 1657 1042 se
1689 1004 1814 1042 cum
1852 986 2079 1042 Catilina

260 1102 364 1139 non
397 1085 814 1151 familiarissime
845 1086 1045 1142 vixisse
1076 1086 1345 1142 fateatur?
1389 1087 1536 1155 Quae
1567 1086 1755 1142 caedes
1794 1103 1889 1159 per
1921 1085 2080 1142 hosce

258 1202 426 1241 annos
464 1188 580 1245 sine
612 1187 702 1242 illo
735 1187 878 1243 sacta
908 1188 1030 1244 est?
1072 1188 1214 1260 quod
1246 1188 1514 1244 nefarium
1558 1193 1808 1261 stuprum
1847 1205 1952 1243 non
1985 1203 2080 1259 per

259 1285 447 1340 illum?
509 1290 615 1342 159.
657 1287 770 1342 Iam
801 1303 927 1342 vero
972 1304 1110 1360 quae
1147 1286 1299 1343 tanta
1338 1289 1395 1343 in
1427 1288 1535 1344 ullo
1567 1305 1827 1361 nmquam
1865 1287 2082 1343 homine

258 1386 556 1441 iuventutis
607 1386 857 1442 illecebra
906 1386 1012 1442 fuit
1031 1429 1047 1452 ,
1106 1395 1308 1460 quanta
1358 1390 1415 1443 in
1466 1389 1598 1444 illo?
1640 1390 1734 1462 qui
1784 1388 1915 1444 alios
1967 1389 2081 1459 ipse

259 1486 473 1542 amabat
522 1487 836 1560 turpissime
854 1529 869 1554 ,
922 1487 1151 1542 aliorum
1202 1488 1372 1543 amori
1418 1488 1836 1560 flagitiosissime
1887 1488 2079 1543 servie-

258 1586 382 1642 bat:
424 1587 544 1642 aliis
582 1587 824 1643 fructum
862 1587 1149 1643 libidinum
1169 1631 1184 1654 ,
1224 1588 1344 1643 aliis
1383 1595 1611 1644 mortem
1651 1594 1936 1661 parentum
1977 1605 2082 1643 non

259 1686 414 1740 modo
465 1686 784 1759 impellendo
804 1729 819 1753 ,
877 1705 1066 1744 verum
1120 1690 1284 1744 etiam
1342 1689 1649 1745 adiuvando
1713 1688 2079 1761 pollicebatur.

259 1786 411 1841 Nunc
444 1804 570 1842 vero
603 1804 766 1860 quam
803 1787 1011 1854 subito,
1051 1806 1156 1842 non
1184 1789 1357 1844 solum
1391 1806 1457 1844 ex
1490 1788 1659 1854 Urbe,
1699 1805 1886 1843 verum
1919 1788 2082 1843 etiam

259 1905 323 1942 ex
357 1890 509 1960 agris
548 1889 821 1960 ingentem
862 1907 1148 1945 numerum
1182 1890 1516 1963 perditorum
1550 1889 1831 1944 hominum
1864 1889 2081 1959 college-

259 1990 375 2042 rat!
454 1989 619 2043 Nemo
677 2006 782 2043 non
840 1989 996 2044 modo
1047 1990 1279 2055 Romae,
1340 1989 1432 2045 sed
1479 2007 1576 2046 nec
1628 1990 1735 2044 ullo
1781 1991 1837 2044 in
1889 1987 2084 2059 angulo

260 2089 425 2142 totius
465 2088 649 2142 Italiae
690 2103 974 2159 oppressus
1009 2105 1130 2143 aere
1164 2090 1335 2144 alieno
1363 2089 1466 2146 fuit
1486 2132 1501 2155 ‚
1541 2107 1700 2162 quem
1742 2106 1846 2145 non
1881 2088 1946 2143 ad
1986 2088 2084 2146 hoc

261 2187 574 2267 incredibile
606 2187 823 2242 sceleris
862 2187 1047 2243 foedus
1080 2190 1347 2244 asciverit.

244 2408 251 2420 Χ
335 2389 478 2444 ΧΙΧ.
559 2392 647 2444 60.
690 2388 834 2443 Sed¹
875 2405 1045 2460 quum
1083 2389 1356 2454 viderem,
1408 2390 1455 2448 si
1495 2389 1682 2453 illum,
1722 2394 1784 2442 ut
1821 2391 1939 2443 erat
1977 2404 2083 2441 me-

261 2490 435 2554 rituS,
488 2494 662 2543 morte
712 2488 1093 2553 mulctassem‚
1145 2488 1292 2554 sore,
1345 2495 1407 2543 ut
1458 2489 1575 2543 eius
1620 2487 1790 2542 socios
1812 2528 1825 2551 ‚
1885 2487 2086 2541 invidia

263 2596 577 2661 oppressuS‚
618 2590 868 2661 persequi
900 2606 1006 2643 non
1039 2598 1278 2661 possem,
1319 2606 1434 2644 rem
1462 2588 1568 2643 huc
1601 2587 1834 2652 deduxi,
1875 2578 1935 2643 ut
1969 2596 2086 2643 tum

265 2690 438 2763 palam
471 2699 710 2762 pugnare
742 2706 1018 2761 possemus
1040 2732 1055 2755 ,
1095 2707 1262 2762 quum
1295 2690 1502 2745 hostem
1543 2696 1724 2762 aperte
1763 2689 2083 2743 videremus,

265 2790 402 2846 Illud
440 2808 565 2845 vero
612 2789 832 2844 moleste
876 2790 1013 2855 tuli,
1068 2789 1208 2862 quod
1249 2807 1313 2844 ex
1365 2790 1506 2845 Urbe
1555 2805 1746 2862 parum
1798 2788 2086 2842 comitatus

265 2891 472 2946 exierit.
552 2890 768 2945 Utinam
805 2890 896 2944 ille
934 2906 1118 2944 omnes
1165 2891 1359 2944 secum'
1395 2907 1534 2948 suas
1565 2889 1743 2961 copias
1782 2887 2084 2943 eduxisset!

267 2991 573 3063 Tongilium
606 2991 740 3046 mihi
767 2990 982 3056 eduxit,
1023 2997 1186 3063 quem
1217 3008 1399 3047 amare
1426 2992 1482 3046 in
1508 2997 1786 3063 praetexta
1812 2995 2084 3061 coeperat:

266 3093 573 3150 Publicium
595 3100 648 3148 et
679 3093 979 3148 Munatium
998 3134 1014 3157 ,
1055 3109 1283 3164 quorum
1315 3110 1407 3148 aes
1439 3092 1674 3148 alienum
1693 3134 1709 3156 ,
1749 3068 2085 3145 contractum

186 3174 189 3177 Ὗ
268 3195 323 3248 in
344 3180 562 3266 popina,
584 3193 792 3248 nullum
813 3193 1136 3267 reipublicae
1162 3199 1369 3248 motum
1396 3191 1586 3248 afferre
1606 3197 1839 3263 poterat:
1869 3189 2086 3261 reliquit

269 3311 401 3364 quos
428 3295 811 3366 virosiquanto
840 3311 960 3350 aere
987 3293 1181 3350 alieno!
1206 3310 1366 3366 quam
1394 3293 1654 3348 valentes!
1678 3308 1838 3363 quam
1861 3289 2083 3346 nobiles!

333 3526 367 3581 ¹)
402 3523 510 3567 lbid.
544 3526 639 3569 c.2.
671 3526 753 3580 ὦτί.
