2150 3990
409 233 466 290 L.
491 233 575 291 V1.
618 252 663 290 ο.
687 232 921 290 xxxix.
965 232 1005 307 g
1035 235 1129 286 101
1177 259 1251 269 —
1291 229 1464 284 exn.
1509 232 1548 303 5
1579 235 1697 285 103.
1857 235 1962 288 287

29 390 34 397 '
147 390 268 443 102.
299 384 493 454 Quis*
534 402 693 460 porro
719 401 838 443 knon
876 382 1057 448 videt,
1110 382 1165 437 in
1204 381 1406 453 optima
1444 397 1657 453 quaque
1695 382 1969 454 republica

141 487 437 561 plurimum
458 489 699 560 auspicia
719 486 1001 559 etreliqua
1019 481 1295 539 divinandi
1316 498 1513 552 genera
1534 481 1797 537 valuisse?
1836 482 1970 550 Quis

140 605 235 644 rex
281 603 539 661 umquam
573 588 706 654 fuit,
757 588 880 662 quis
912 585 1164 660 populum
1203 584 1299 656 qui
1339 599 1443 638 uon
1478 590 1725 639 uteretur
1763 584 1968 656 praedi-

138 692 315 746 ctione
353 689 573 745 divina?
627 706 800 762 neque
852 687 1026 744 solum
1065 687 1121 742 in
1165 702 1325 759 pace,
1377 684 1472 740 sed
1511 686 1567 739 in
1613 684 1750 740 bello
1799 685 1972 741 multo

137 791 302 848 etiem
333 790 533 861 magis,
573 805 680 863 quo
707 790 885 845 maius
913 795 1030 845 erat
1055 793 1330 843 certamen
1363 792 1417 841 et
1436 785 1729 841 discrimen
1757 785 1969 841 salutis.

139 890 341 952 Omitto
368 880 604 956 nostroS,
631 892 725 965 qui
755 891 891 946 nihil
912 892 968 945 in
987 889 1125 946 hello
1151 889 1268 944 sine
1288 888 1429 943 extis
1456 894 1663 959 agunt,
1690 886 1825 943 nihil
1853 887 1972 942 sine

137 992 394 1064 auspiciis
424 990 588 1047 domi.
648 991 887 1047 Externa
911 990 1208 1046 videamus.
1266 989 1509 1062 Namque
1531 995 1587 1044 et
1619 988 1974 1044 Athenienses

137 1090 389 1148 omnihus
433 1106 644 1164 semper
689 1090 919 1164 puhlicis
958 1088 1197 1147 consiliis
1242 1090 1454 1145 divinos
1491 1089 1752 1162 quosdam
1797 1104 1974 1144 sacer·

134 1191 316 1259 dotes,
354 1208 488 1265 quos
524 1199 742 1262 μάντεις
779 1198 1001 1257 vocant,
1041 1191 1432 1247 adhibuerunt:
1473 1198 1530 1246 et
1567 1189 1973 1246 Lacedaemonii

134 1291 359 1364 regibus
393 1291 515 1347 suis
556 1307 820 1362 augurem
859 1307 1184 1346 assessorem
1217 1290 1506 1352 dederunt;
1557 1291 1795 1362 itemque
1835 1289 1973 1345 seni-

134 1389 247 1448 bus
286 1391 389 1466 (sic
427 1392 573 1448 enim
611 1390 900 1446 consilium
937 1390 1216 1463 publicum
1255 1390 1547 1463 appellant)
1587 1404 1853 1462 augurem
1892 1390 1972 1444 in-

133 1489 334 1548 teresse
377 1490 692 1547 voluerunt:
746 1491 1018 1563 iidemque
1075 1490 1143 1547 de
1201 1491 1363 1547 rebus
1406 1489 1705 1547 maioribus
1761 1506 1974 1563 semper

132 1597 228 1648 aut
265 1591 482 1666 Delphis
514 1590 825 1658 oraculum,
864 1597 959 1648 aut
987 1590 1054 1646 ab
1088 1593 1349 1647 Ammone
1381 1598 1477 1647 aut
1516 1607 1548 1646 a
1581 1589 1798 1647 Dodona
1830 1597 1973 1663 pete·

131 1692 285 1749 baut-¹
320 1729 321 1734 κ
358 1692 640 1768 Lycurgus
675 1691 895 1766 quidem
911 1733 926 1758 ,
966 1694 1061 1765 qui
1099 1692 1646 1749 Lacedaemoniorum
1679 1690 1971 1764 rempubli-

133 1808 253 1852 om
294 1795 616 1867 temperavit
630 1811 652 1860 ³,
702 1793 849 1867 leges
887 1810 1014 1851 suas
1060 1795 1385 1851 auctoritate
1423 1793 1685 1868 Apollinis
1730 1793 1974 1867 Delphici

133 1893 496 1951 confirmavit:
550 1895 695 1965 Quas
714 1911 884 1969 quum
903 1896 1063 1952 vellet
1089 1895 1368 1972 Lysander
1386 1902 1723 1952 commutare
1742 1938 1759 1962 ,
1785 1894 1975 1952 eadem

51 1983 56 1988 ’
133 1994 556 2068 estapmhibitus
590 1995 870 2068 religione.
948 1997 1124 2070 Atque
1159 1998 1361 2063 etiam,
1413 1998 1508 2070 qui
1547 2002 1833 2070 praeerant
1877 1995 1975 2052 La·

133 2093 521 2163 estimoniis,
559 2110 667 2153 non
705 2097 945 2152 contenti
984 2097 1339 2169 vigilantibus
1376 2098 1551 2162 curis,
1590 2098 1648 2152 in
1681 2097 1976 2170 Pasiphaae

134 2190 306 2260 fanos·
338 2194 487 2268 quod
517 2202 602 2251 est
640 2196 698 2251 in
736 2211 866 2268 agro
910 2202 1130 2270 propter
1168 2197 1388 2262 urbem,
1440 2197 1744 2253 somniandi
1782 2213 1975 2254 caussa

135 2293 491 2362 incubabant,
529 2296 658 2369 quia
694 2312 823 2353 vera
859 2297 1061 2369 quietis
1093 2296 1311 2353 oracula
1343 2296 1628 2353 ducebant.

157 2493 523 2553 XL4105.
564 2495 646 2552 Ad
675 2503 859 2553 nostra
892 2499 999 2553 iam
1027 2497 1204 2554 redeo.
1265 2498 1488 2566 Quoties
1515 2504 1736 2555 senatus
1762 2497 1974 2555 decem-

135 2595 278 2651 viros
309 2593 379 2651 ad
409 2593 575 2651 libros
607 2595 686 2652 ire
718 2596 904 2652 iussitl
945 2598 1167 2670 quantis
1198 2599 1254 2653 in
1289 2597 1480 2664 rebus,
1518 2613 1792 2672 quamque
1816 2615 1976 2674 saepe

134 2694 404 2769 responsis
434 2693 787 2769 haruspicum
819 2698 1028 2770 paruit!
1107 2698 1242 2754 Nam
1271 2705 1327 2755 et
1359 2715 1529 2772 quum
1561 2699 1670 2755 duo
1699 2700 1804 2756 visi
1835 2700 1976 2757 soles
2024 2741 2032 2752 .

18 2810 24 2822 “
135 2801 349 2861 essent,
386 2802 442 2851 et
474 2811 644 2868 quum
683 2802 795 2852 tres
833 2797 994 2854 lunae
1014 2841 1030 2864 ,
1068 2806 1123 2855 et
1162 2817 1332 2872 quum
1374 2800 1518 2855 faces
1538 2842 1553 2866 ‚
1593 2807 1649 2856 et
1684 2818 1856 2873 quum
1896 2803 1973 2858 sol

137 2901 292 2951 nocte
335 2896 486 2952 visus
528 2903 700 2962 esset,
751 2904 810 2953 et*
843 2916 1012 2971 quum
1058 2917 1088 2956 e
1127 2902 1275 2957 caelo
1315 2901 1566 2958 fremitus
1611 2901 1832 2958 auditus
1851 2945 1866 2967 ,
1918 2910 1973 2957 et

135 3012 304 3068 quum
322 2996 534 3052 caelum
561 2995 872 3055 discessisse
899 3002 1077 3058 visum
1098 3011 1238 3059 esset
1261 3011 1423 3076 atque
1452 3005 1507 3057 in
1528 3019 1590 3058 eo
1611 3004 1972 3058 animadversi

138 3096 295 3169 globi.
386 3097 570 3159 Deleta
606 3099 785 3155 etiam
833 3101 901 3156 ad
952 3111 1201 3160 senatum
1252 3105 1398 3161 labes
1449 3105 1566 3176 agri
1612 3105 1971 3171 PrivernatiS,

137 3199 305 3270 quum
343 3197 410 3254 ad
442 3198 711 3255 infinitam
751 3200 1093 3259 altitudinem
1133 3213 1278 3261 terra
1311 3205 1632 3269 desedisset,
1674 3205 1974 3278 Apuliaque

140 3301 390 3356 maximis
427 3306 603 3357 terrae
642 3302 877 3358 motibus
917 3315 1270 3380 conquassata
1310 3315 1482 3364 esset:
1523 3306 1720 3380 quibus
1758 3314 1970 3380 porten-

206 3536 243 3593 ·)
271 3534 326 3581 de
355 3511 544 3586 Divinas
572 3543 604 3584 1.
639 3556 674 3584 e.
695 3544 764 3586 43.
800 3543 914 3598 §aa
