2210 3970
869 1315 1067 1373 LIBER
1108 1313 1346 1371 NONUS.

246 1518 286 1575 Ι.
352 1520 398 1571 1.
440 1515 596 1570 Post¹
620 1514 989 1571 Pharsalicum
1010 1512 1271 1587 praelium
1293 1529 1381 1568 me
1400 1511 1710 1568 discessisse
1737 1512 1803 1567 ab
1823 1515 1989 1568 armis
2006 1558 2019 1574 ,

195 1633 491 1691 numquam
535 1616 814 1690 poenituit.
897 1615 1070 1671 Tanta
1108 1621 1225 1671 erat
1265 1615 1320 1670 in
1361 1613 1466 1669 illis
1506 1613 1824 1678 crudelitaS,
1873 1622 2022 1670 tanta

184 1734 324 1775 cum
351 1716 619 1775 >barbaris
641 1707 892 1791 gentibus
930 1717 1263 1781 coniunctio,
1305 1722 1367 1771 ut
1400 1732 1505 1771 non
1545 1717 1892 1781 nominatim,
1934 1717 2025 1772 sed

194 1819 492 1892 generatim
541 1819 861 1892 proscriptio
910 1823 1052 1873 esset
1107 1816 1413 1874 informata.
1507 1817 1684 1886 Quare
1734 1817 2027 1873 voluntatis

194 1936 284 1977 me
319 1935 471 1976 meae
508 1935 805 1992 numquam
850 1917 1167 1991 poenitebit:
1222 1918 1434 1975 consilii
1466 1919 1722 1992 poenitet.
1803 1918 1985 1975 Secuti
2006 1924 2028 1955 ²

197 2021 344 2077 enim
371 2037 561 2077 sumus
587 2037 694 2075 non
726 2036 905 2093 spem,
938 2019 1031 2076 sed
1054 2018 1318 2075 officium:
1358 2019 1680 2093 reliquimus
1711 2027 1892 2075 autem
1921 2036 2026 2074 non

199 2119 461 2187 officium,
502 2111 1064 2194 sed'desperationem.
1147 2119 1277 2176 Sero
1297 2126 1318 2158 ⁸
1348 2121 1494 2175 enim
1524 2136 1622 2175 nos
1650 2121 1718 2175 iis
1745 2121 1912 2175 armis
1941 2119 2028 2174 ad·

197 2222 404 2278 versari
441 2221 716 2286 videbam,
768 2237 905 2294 quae
943 2219 1128 2295 multo:
1148 2227 1272 2276 ante
1317 2220 1633 2276 confirmata
1666 2237 1762 2293 per
1799 2227 2029 2277 nosmet·

198 2322 344 2394 ipsos
388 2327 568 2377 erant:
622 2321 996 2394 dolebamque,
1049 2320 1173 2394 pilis
1225 2328 1279 2376 et
1330 2321 1552 2393 gladiis,
1605 2338 1711 2376 non
1762 2321 2028 2386 consiliis,

200 2438 376 2494 neque
432 2421 844 2477 auctoritatibus
900 2421 1099 2476 nostris
1150 2421 1216 2476 de
1275 2422 1394 2476 iure
1449 2420 1664 2494 publico
1720 2421 2027 2494 disceptari.

201 2521 385 2595 Neque
403 2527 428 2560 ⁴
468 2521 784 2596 quisquamL
800 2520 1211 2596 hanes-nostram
1247 2523 1573 2578 sententiam
1604 2538 1731 2577 vere
1771 2539 2030 2595 umquam

182 2621 573 2696 deprehendit,
619 2628 832 2695 praeter
876 2639 965 2678 eos
985 2666 999 2688 ,
1058 2624 1151 2695 qui
1197 2622 1603 2678 arbitrabantur
1647 2623 1841 2678 melius
1885 2641 2030 2688 esse,

201 2721 367 2779 deleri
405 2724 622 2779 omnino
659 2722 1075 2797 rempublicam,
1115 2740 1278 2796 quam
1318 2724 1664 2780 imminutam
1704 2730 1759 2778 et
1790 2723 2029 2779 debilita-

202 2828 317 2878 tam
370 2839 605 2878 manere.
702 2823 815 2894 Ego
858 2830 1039 2879 autem
1086 2841 1151 2879 ex
1196 2825 1424 2879 interitu
1469 2825 1584 2879 eius
1628 2822 1831 2879 nullam
1883 2841 2032 2897 spem

207 2921 412 2978 scilicet
453 2922 588 2978 mihi
626 2923 1014 2995 proponebam:
1068 2941 1134 2980 ex
1181 2925 1423 2998 reliquiis
1468 2941 1737 2996 magnam.
1831 2928 1882 2979 2.
1926 2924 2030 2979 Sed

207 3039 270 3078 ea
300 3029 429 3077 sunt
454 3029 763 3088 consecuta,
802 3030 865 3078 ut
897 3025 1069 3096 magis
1101 3027 1304 3081 mirum
1337 3026 1443 3090 sit,
1484 3024 1728 3080 accidere
1761 3024 1850 3078 illa
1876 3032 2027 3097 potu-

208 3125 338 3188 isse,
377 3139 540 3196 quam
578 3140 674 3178 nos
706 3140 812 3178 non
842 3124 1040 3181 vidisse
1080 3143 1142 3182 ea
1171 3126 1381 3191 futura,
1417 3142 1538 3190 nec,
1578 3124 1821 3180 homines
1860 3142 2030 3197 quum

207 3239 472 3289 essemus,
526 3221 766 3278 divinare
803 3225 1054 3295 potuisse.
1142 3226 1404 3299 Equidem
1445 3225 1648 3290 fateor,
1687 3242 1863 3280 meam
1910 3244 2031 3281 con-

271 3407 310 3463 ²)
341 3404 395 3450 ad
443 3406 538 3450 Att.
576 3407 649 3450 XI.
700 3409 742 3449 6.
777 3408 871 3463 §2
903 3433 962 3440 -—
994 3410 1036 3465 2)
1067 3407 1201 3468 Epist.
1238 3406 1292 3452 ad
1329 3409 1564 3451 Varronem
1606 3406 1682 3465 (ad
1714 3410 1835 3453 Fam.
1870 3412 1941 3453 lx.
1986 3414 2027 3466 5,

210 3481 318 3540 52.)
349 3507 408 3526 —.
438 3483 479 3541 ⁵)
510 3482 644 3543 Epist.
675 3482 729 3527 ad
768 3486 817 3526 A.
845 3483 1115 3546 Torquatum
1151 3484 1226 3542 (ad
1254 3487 1371 3529 Fam.
1407 3487 1476 3531 Vl.
1511 3489 1551 3530 1.
1579 3487 1605 3543 §
1633 3488 1697 3545 5.)
1731 3513 1787 3519 —
1820 3487 1861 3544 4)
1896 3487 2025 3547 Epist.

210 3557 263 3605 ad
294 3560 335 3604 C.
357 3559 546 3606 Cassium
571 3559 646 3617 (ad
674 3564 791 3607 Fam.
825 3564 910 3609 XV.
943 3566 1014 3608 15.
1049 3565 1157 3620 §1.)
