2150 3990
456 188 507 241 L.
532 186 621 241 111.
664 203 708 238 0.
733 185 871 240 X1x.
911 184 950 257 S
975 188 1044 238 66
1085 215 1158 224 -
1198 186 1401 238 c.XX1.
1446 186 1484 257 ,ς
1509 191 1595 239 66.
1832 192 1961 280 166ο

118 346 270 394 antea
287 379 299 403 ‚
341 344 479 394 tecta
506 354 603 394 sua
628 336 885 394 custodiis
906 335 1207 406 vigiliisque
1226 335 1489 390 defendit:
1522 335 1655 390 mibi
1679 378 1691 399 ,
1719 343 1782 391 ut
1800 337 1924 392 Urbi

114 441 232 495 sine
262 440 459 495 civium
495 445 645 495 motu
671 455 731 494 ac
764 438 879 492 sine
906 435 1013 491 ullo
1046 436 1284 492 tumultu
1309 438 1440 491 satis
1464 443 1612 491 esset
1638 437 1925 509 praesidii,

111 539 415 595 consultum
460 556 522 594 ac
570 540 839 612 provisum
887 543 985 592 est.
1080 536 1260 591 Coloni
1299 553 1483 591 omnes
1522 537 1925 608 municipesque

112 627 308 703 nostri',
348 639 602 694 certiores
635 656 665 693 a
692 656 777 694 me
808 637 935 693 facti
975 636 1040 691 de
1067 636 1165 691 hac
1194 643 1455 691 nocturna
1486 639 1802 692 excursione
1832 637 1924 691 Ca·

111 737 319 803 tilinae,
359 738 514 795 facilc
547 739 707 794 urbes
740 756 866 794 suas
899 739 1135 810 finesque
1165 736 1542 793 defenderunt:
1582 736 1926 808 gladiaturae,

108 854 271 911 quam
309 837 411 894 sibi
446 839 543 895 ille.
571 841 863 895 maximam
894 852 1114 895 manum
1147 845 1199 893 et
1238 838 1598 894 certissimam
1629 838 1740 893 sore
1773 845 1925 911 puta·

106 938 552 1012 vit,quamquam
567 939 786 996 meliore
811 940 990 1002 animo
1014 945 1197 1003 erant,
1216 955 1378 1011 quam
1398 955 1521 1011 pars
1540 939 1891 1011 patriciorum
1909 979 1923 1003 ‚

105 1044 366 1111 potestate
392 1045 573 1095 tamen
606 1047 789 1095 nostra
814 1039 1243 1095 continebantur.
1285 1038 1436 1107 Quod
1470 1056 1567 1111 ego
1591 1040 1923 1112 prospiciens

107 1138 167 1206 Q.
195 1138 485 1210 ¹Metellum
523 1140 580 1194 in
625 1121 818 1211 agrum
862 1136 1196 1196 Gallicanum
1239 1139 1604 1210 Picenumque
1641 1140 1925 1211 praemisi,

106 1244 166 1294 ut
222 1245 320 1294 aut
367 1239 691 1312 opprimeret
729 1237 998 1293 hominem
1019 1281 1036 1302 ,
1093 1244 1188 1292 aut
1226 1254 1411 1292 omnes
1454 1239 1571 1292 eius
1610 1246 1789 1294 motus
1838 1257 1922 1294 co·

100 1336 722 1412 natusque'prohiberet:
751 1353 986 1409 quocum
1008 1342 1023 1376 ¹
1055 1337 1131 1390 ita
1157 1335 1291 1390 mibi
1314 1335 1658 1408 dispertitum
1685 1337 1918 1394 officium

100 1437 207 1495 fuit
243 1437 302 1494 in
345 1437 670 1512 reipublicae
707 1437 880 1493 salute
924 1434 1203 1492 retinenda
1225 1478 1239 1500 ‚
1292 1442 1353 1491 ut
1396 1451 1495 1507 ego
1529 1436 1723 1492 Urbem
1756 1454 1789 1492 a
1832 1437 1922 1493 do·

99 1538 347 1606 mesticis·
377 1537 589 1595 insidiis
626 1543 680 1593 et
719 1537 786 1595 ab
824 1537 1080 1593 intestino
1119 1535 1347 1601 scelere,
1386 1535 1474 1592 illc
1514 1536 1724 1594 Italiam
1761 1545 1818 1594 et
1854 1538 1920 1594 ab

99 1639 326 1710 armatis
380 1638 622 1699 hostibus
671 1646 727 1695 et
782 1638 850 1694 ab
900 1637 1111 1693 occulta
1167 1638 1536 1694 coniuratione
1593 1638 1917 1695 defenderet.

69 1739 88 1794 Γ
99 1743 192 1796 615.
226 1740 459 1814 ltaque²
490 1743 563 1796 ut‘
587 1739 853 1813 comperi,
892 1739 1095 1811 legatos
1133 1737 1476 1811 Allobrogum
1508 1738 1631 1795 belli
1673 1739 1917 1795 Transal-

97 1840 211 1914 pini
243 1845 298 1896 et
329 1838 595 1897 tumultus
615 1839 805 1896 Gallici
838 1838 1109 1895 excitandi
1141 1855 1362 1903 caussa,
1401 1856 1432 1894 a
1465 1840 1527 1895 P.
1545 1839 1769 1896 Lentulo
1801 1855 1918 1895 esse

94 1939 406 1999 sollicitatos
424 1982 440 2006 ,
490 1956 686 2013 eosque
731 1940 786 1996 in
814 1938 1059 1996 Galliam
1102 1938 1170 1995 ad
1221 1956 1347 1995 suos
1397 1940 1572 2003 cives,
1621 1939 1914 2014 eodemque

92 2041 284 2097 itinere
309 2056 436 2098 cum
472 2040 670 2097 litteris
708 2028 1083 2112 mandatisque
1119 2036 1188 2112 ad
1212 2040 1496 2096 Catilinam
1535 2057 1651 2096 esse
1690 2041 1910 2104 missos,

90 2130 446 2213 comitemque
471 2140 541 2195 iis
571 2139 888 2195 adiunctum
915 2141 976 2194 T.
1005 2138 1379 2204 Vulturcium‚
1417 2147 1579 2212 atque
1605 2140 1731 2195 huic
1758 2139 1913 2196 datas

91 2257 207 2296 esse
239 2239 308 2297 ad
338 2239 620 2319 Catilinam
650 2240 882 2302 litteras;
923 2239 1234 2296 facultatem
1268 2239 1402 2294 mihi
1434 2239 1667 2295 oblatam
1698 2242 1910 2312 putavi,

88 2347 178 2406 ut,
217 2339 357 2412 quod
401 2346 517 2395 erat
555 2338 962 2404 difficillimum,
1001 2340 1248 2412 quodque
1285 2356 1383 2411 ego
1419 2356 1630 2412 semper
1660 2340 1907 2412 optabam

86 2459 118 2495 a
148 2441 254 2497 diis
278 2439 670 2496 immortalibus
691 2482 706 2505 ,
746 2426 858 2495 tota
891 2457 977 2495 res
1011 2457 1115 2495 non
1142 2440 1314 2495 solum
1341 2456 1372 2494 a
1398 2457 1514 2505 me,
1554 2441 1647 2496 sed
1679 2442 1842 2496 etiam
1876 2459 1907 2496 a

86 2544 274 2599 senatu
313 2547 366 2597 et
398 2558 430 2596 a
462 2540 653 2614 populo
686 2539 968 2598 manifesto
1004 2540 1508 2614 deprehenderetur.

144 2745 312 2803 XXI.v
371 2749 460 2800 66.
502 2745 688 2818 ltaque
709 2746 990 2801 confestim
1017 2747 1075 2800 L.
1100 2746 1355 2801 Flaccum
1377 2754 1430 2800 et
1457 2746 1510 2799 C.
1535 2746 1904 2817 Pomptinum,

81 2844 352 2918 ¹praetores
389 2843 708 2900 fortissimos
747 2851 909 2918 atque
949 2847 1348 2901 amantissimos
1387 2846 1711 2919 reipublicae
1737 2848 1905 2918 viros,

82 2943 150 2999 ad
175 2958 262 2999 me
286 2943 498 2998 vocavi:
539 2959 655 2999 rem
688 2961 900 3001 omnem
928 2948 1177 3019 exposui:
1218 2947 1349 3019 quid
1382 2947 1497 3002 fieri
1525 2946 1787 3018 placeret,
1827 2963 1906 2999 os-

82 3042 245 3100 tendi.
323 3043 407 3099 Illi
440 3025 651 3108 autem,
691 3047 785 3117 qui
818 3047 998 3102 omnia
1030 3047 1096 3102 de
1133 3047 1406 3120 republica
1439 3046 1714 3118 praeclara
1744 3053 1905 3117 atque

80 3145 295 3217 egregia
327 3145 619 3216 sentirent,
661 3146 776 3201 sine
804 3149 1139 3204 recusatione
1173 3164 1235 3203 ac
1269 3150 1385 3203 sine
1418 3147 1526 3202 ulla
1565 3163 1715 3202 mora
1748 3163 1903 3218 nego·

82 3245 219 3300 tium
256 3254 608 3318 susceperunt
631 3290 644 3310 ,
697 3254 777 3311 et,
832 3266 999 3319 quum
1046 3249 1536 3321 advesperasceret,
1590 3248 1798 3304 occulte
1837 3248 1901 3302 ad

146 3493 183 3546 ¹)
217 3489 347 3550 Epist.
366 3489 419 3535 ad
441 3494 490 3549 Q.
512 3489 732 3536 Metellum
751 3491 826 3548 (ad
845 3460 961 3538 Fam.
982 3496 1028 3538 V.
1048 3496 1087 3536 2.
1107 3494 1130 3549 §
1152 3495 1213 3550 1.)
1233 3519 1289 3527 —
1324 3496 1364 3550 ²)
1396 3493 1440 3538 in
1458 3494 1582 3539 Catil.
1603 3497 1680 3539 111.
1699 3510 1732 3538 c.
1752 3496 1791 3538 2.
1823 3495 1847 3548 ᾗ
1869 3496 1906 3535 4,

1597 3572 1625 3616 9
1709 3594 1728 3604 ,
