2210 3970
465 207 651 263 l..V11.
696 208 950 264 (:.XV111.
994 208 1034 281 S
1061 211 1126 261 47
1168 239 1242 246 —-
1282 226 1325 260 c.
1354 206 1537 262 xvlll.
1583 207 1619 278 §
1647 212 1731 260 50.
1902 211 2007 261 515

196 359 456 414 firmiores
508 359 716 414 animos
766 359 1007 414 omnium
1066 356 1294 422 faceret,
1351 364 1405 412 et
1444 373 1542 428 ego
1581 362 1826 418 mature,
1885 355 2014 427 quid

190 465 441 531 ageretur
471 459 527 514 in
569 459 754 533 Syria,
794 460 933 515 scire
960 475 1198 532 possem,
1238 464 1451 531 tempus
1483 458 1601 513 eius
1633 455 1832 520 tridui,
1872 456 2012 527 quod

188 560 244 613 in
302 558 387 615 bis
443 560 637 614 castris
695 560 970 626 morabar,
1024 559 1079 614 in
1130 574 1327 630 magno
1376 556 1551 612 officio
1601 563 1656 612 et
1715 555 2016 610 necessario

185 658 325 715 mibi
350 658 653 732 ponendum
695 661 898 733 putavi.
978 663 1068 716 49.
1108 659 1286 728 Quum
1319 657 1466 714 enim
1505 663 1683 712 vestra
1722 655 2016 711 auctoritas

185 759 610 826 intercessisset,
671 767 732 817 ut
789 777 887 835 ego
944 777 1126 834 regem
1186 758 1600 817 Ariobarzanem
1657 755 1904 814 Euseben
1960 762 2015 811 et

180 858 609 918 Philoromaeum
664 869 847 919 tuerer
867 906 882 929 ‚
934 864 1157 936 eiusque
1209 862 1354 934 regis
1405 860 1634 916 salutem
1657 901 1671 925 ,
1734 856 2012 913 incolumi·

182 965 346 1016 tatem
387 976 724 1035 regnumque
755 961 1125 1024 defenderem;
1164 962 1279 1034 regi
1319 976 1591 1034 regnoque
1628 957 1896 1033 praesidio
1933 973 2011 1012 es-

179 1075 322 1124 semz
368 1060 886 1135 adiunxissetisque,
933 1043 1164 1118 salutem
1203 1061 1323 1118 eius
1362 1061 1505 1133 regis
1543 1058 1737 1134 populo
1776 1059 2013 1114 senatui-

177 1176 282 1233 que
306 1177 538 1234 magnae
566 1178 730 1220 curae
762 1179 908 1229 esse,
947 1162 1090 1236 quod
1122 1161 1270 1218 nullo
1295 1176 1554 1234 umquam
1587 1158 1656 1214 de
1678 1174 1806 1230 rege
1830 1157 2010 1214 decre-

179 1267 296 1316 tum
341 1268 484 1317 esset
533 1277 566 1316 a
603 1267 789 1317 nostro
825 1261 1041 1317 ordine:
1094 1262 1432 1325 existimavi,
1482 1275 1571 1315 me
1610 1258 1873 1314 iudicium
1923 1274 2010 1314 ve·

172 1365 354 1416 strum
372 1358 452 1417 *ad
487 1375 670 1431 regem
708 1358 919 1415 deferre
957 1359 1150 1415 debere
1176 1360 1335 1432 eique
1371 1357 1704 1432 praesidium
1735 1373 1917 1413 meum
1954 1366 2011 1413 et

175 1458 339 1516 fldem
372 1465 428 1515 et
465 1458 802 1532 diligentiam
843 1458 1112 1532 polliceri,
1152 1466 1242 1524 ut,
1282 1474 1452 1532 quum
1490 1457 1639 1514 salus
1677 1458 1886 1531 ipsiuS,
1926 1458 2005 1514 in-

171 1559 457 1618 columitas
507 1559 661 1632 regni
688 1558 836 1615 mibi
881 1557 1255 1615 commendata
1288 1565 1429 1614 esset
1461 1573 1496 1614 a
1531 1557 1681 1613 vobis
1701 1598 1718 1623 ‚
1767 1556 1973 1613 diceret
1994 1599 2009 1623 ‚

170 1662 245 1716 sin
268 1659 401 1735 quid
449 1660 623 1718 vellet.
715 1660 864 1731 Quae
902 1677 1072 1734 quum
1124 1676 1297 1717 essem
1344 1648 1422 1715 in'
1446 1659 1671 1715 consilio
1714 1675 1835 1715 meo
1879 1673 2004 1715 cum

168 1776 295 1835 rege
330 1761 579 1828 locutus,
623 1761 782 1818 initio
821 1761 910 1818 ille
946 1762 1208 1818 orationis
1245 1778 1376 1818 suae
1414 1760 1565 1816 vobis
1603 1762 1904 1825 maximas,
1944 1767 2006 1816 ut

164 1860 380 1930 debuit,
404 1861 598 1919 deinde
630 1862 795 1919 etiam
826 1861 963 1918 mibi
990 1863 1195 1936 gratias
1225 1863 1362 1936 egit,
1400 1860 1544 1935 quod
1569 1862 1620 1917 ei
1647 1877 2003 1935 permagnum

165 1969 220 2020 et
240 1961 709 2036 >perhonorificum
741 1962 1027 2019 videbatur
1045 2005 1060 2029 ‚
1100 1963 1155 2019 S.
1187 1964 1245 2020 P.
1274 1963 1336 2032 Q.
1369 1962 1431 2019 R.
1473 1968 1657 2018 tantae
1683 1977 1849 2018 curae
1885 1977 2003 2019 esse

167 2063 401 2121 sulutem¹
418 2079 620 2126 ‘suam;
658 2079 853 2137 meque
890 2069 1100 2121 tantam
1138 2064 1477 2136 diligentiam
1516 2062 1771 2119 adbibere
1791 2103 1807 2127 ,
1846 2069 1908 2117 ut
1946 2069 2003 2118 et

168 2179 288 2222 mea
314 2164 458 2221 »fides
481 2172 537 2221 et
557 2164 1040 2221 commendationis
1059 2171 1269 2221 vestrae
1301 2165 1599 2221 auctoritas
1625 2163 1858 2237 perspici
1884 2179 2001 2236 pos-

164 2272 266 2323 set.
342 2265 519 2340 Atque
557 2265 647 2325 ille
690 2267 895 2339 primo,
934 2265 1078 2339 quod
1116 2266 1252 2321 mihi
1290 2267 1560 2322 maximae
1597 2264 1836 2321 laetitiae
1872 2262 2000 2329 fuit,

163 2367 245 2422 ita
270 2381 484 2424 mecum
518 2367 732 2424 locutus
769 2373 880 2433 est,
920 2374 984 2424 ut
1017 2366 1194 2423 nullas
1225 2366 1451 2423 insidias
1482 2382 1660 2439 neque
1687 2366 1831 2421 vitae
1867 2381 1998 2421 suae

162 2481 343 2542 neque·
384 2484 550 2542 regno
607 2468 812 2525 diceret
868 2485 927 2525 se
976 2475 1074 2525 aut
1130 2467 1432 2540 intelligere
1483 2467 1630 2532 fieri,
1685 2474 1784 2523 aut
1832 2466 1996 2522 etiam

162 2569 445 2643 suspicari.
524 2568 703 2637 Quum
724 2584 830 2640 ego
867 2568 917 2624 ei
956 2567 1263 2641 gratulatus
1301 2585 1473 2624 essem
1488 2611 1504 2634 ,
1544 2567 1707 2641 idque
1744 2585 1831 2624 me
1868 2584 1997 2640 gau-

160 2668 306 2726 dere·
321 2668 624 2731 dixissem:
676 2667 1018 2735 cohortatuS,
1070 2677 1133 2726 ut
1183 2669 1563 2726 recordaretur
1605 2685 1795 2725 casum
1841 2668 1992 2724 illum

158 2770 411 2825 interitus
442 2769 680 2842 paterni,
718 2775 775 2825 et
804 2769 1092 2842 vigilanter
1123 2786 1182 2827 se
1210 2778 1481 2836 tueretur,
1520 2776 1684 2843 atque
1714 2768 1995 2826 admonitu

160 2875 380 2925 senatus
417 2868 719 2925 consuleret
756 2869 919 2926 saluti
957 2888 1120 2935 suae:
1171 2879 1291 2928 tum
1325 2888 1357 2927 a
1395 2887 1483 2926 me
1521 2870 1771 2926 discessit
1808 2871 1866 2925 in
1903 2886 1993 2941 op·

159 2968 346 3043 pidum
384 2969 655 3045 Cybistra.
746 2975 836 3027 50.
877 2972 1096 3029 Postero
1139 2981 1322 3029 autem
1374 2972 1462 3028 die
1500 2988 1626 3028 cum
1672 2970 1957 3027 Ariarathe
1976 3013 1991 3036 ,

158 3070 324 3126 fratre
361 3087 460 3126 suo
479 3114 494 3136 ,
545 3079 600 3127 et
640 3087 764 3128 cum
812 3075 1052 3146 paternis
1097 3075 1318 3139 amiciS,
1369 3073 1665 3129 maioribus
1703 3079 1836 3128 natu
1858 3113 1874 3137 ,
1924 3071 1991 3126 ad

157 3187 244 3228 me
282 3173 339 3227 in
389 3178 568 3228 castra
606 3173 780 3235 venit;
838 3174 1290 3248 perturbatusque
1329 3181 1383 3228 et
1424 3174 1585 3237 flens,
1631 3189 1801 3245 quum
1846 3171 1989 3227 idem

159 3277 212 3325 et
244 3270 409 3327 frater
441 3270 668 3338 faceret,
708 3279 762 3328 et
788 3274 976 3339 amici,
1016 3291 1189 3331 meam
1226 3275 1411 3338 fidem,
1452 3279 1685 3329 vestram
1719 3287 1988 3327 commen-

159 3370 424 3429 dationem
478 3373 766 3446 implorare
803 3377 992 3448 coepit.
1075 3376 1252 3444 Quum
1292 3374 1620 3437 admirarer,
1669 3372 1799 3445 quid
1851 3374 1987 3427 acci-

162 3470 326 3527 disset
378 3476 527 3539 novi,
582 3475 718 3530 dixit
770 3474 836 3530 ad
877 3493 932 3532 se
972 3476 1169 3541 indicia
1210 3473 1616 3531 manifestarum
1665 3473 1984 3530 insidiarum
