2210 3970
524 255 690 311 h.1x.
733 270 778 309 ο.
805 254 939 309 xlx.
983 254 1022 328 g
1047 259 1122 310 εῖτ
1157 286 1230 295 -
1270 272 1315 307 ο.
1342 253 1476 309 xlx.
1521 254 1559 326 ‚g
1585 257 1671 307 60.
1909 256 2009 308 421

168 406 449 480 proponas.
538 404 689 462 Modo
721 424 822 461 uno
862 415 1087 481 tempore
1119 414 1189 461 tot
1221 406 1322 459 viri
1355 404 1640 459 clarissimi
1677 404 2009 464 interiorunt:

181 508 246 563 de
283 507 499 579 imperio
522 505 707 579 populi
739 506 958 561 Romani
997 515 1138 562 tanta
1175 505 1458 560 deminutio
1497 508 1639 577 sacta
1677 510 1752 557 cst
1767 521 1783 564 ,·
1836 519 2011 557 omnes

173 607 471 679 provinciae
508 615 874 679 conquassatae
911 616 1061 661 sunt:
1111 606 1168 659 in
1203 605 1360 659 unius
1398 602 1738 658 mulierculae
1774 602 2009 656 animula

178 708 224 762 si
264 707 464 762 iactura
514 710 657 780 sacta
702 716 805 773 est,
846 717 984 762 tanto
1023 724 1173 779 opere
1217 705 1549 761 commoveris
1565 706 1595 760 ,⁹
1643 719 1775 774 quae
1826 703 1872 756 si
1916 702 2012 758 boc

178 815 403 879 tempore
439 823 541 860 non
573 806 713 861 diem
750 825 903 862 suum
935 808 1167 872 obiisset,
1207 806 1392 878 paucis
1417 813 1535 877 post
1574 804 1726 858 annis
1757 811 1928 856 tamen
1963 805 2010 858 ci

176 904 500 962 moriendum
527 906 667 981 suit.-
704 910 949 980 quoniam
988 909 1138 964 homo
1176 916 1297 962 nata
1336 910 1527 981 suerat.
1609 909 1698 960 258.
1741 903 1922 959 Etiam
1955 914 2011 959 tu

174 1006 248 1063 ab
273 1006 413 1062 hisce
437 1007 592 1063 rebus
616 1010 852 1064 animum
884 1029 945 1065 ac
977 1010 1332 1083 coyitationem
1365 1017 1508 1062 tuam
1534 1024 1719 1071 avoca,
1758 1014 1912 1079 atque
1950 1024 2010 1060 ea

170 1110 342 1183 potius
366 1111 721 1176 reminiscere,
749 1130 881 1193 quac
905 1112 1064 1184 diqna
1085 1119 1172 1167 tua
1186 1129 1408 1184 persona
1431 1118 1582 1164 sunt:
1621 1108 1798 1172 illam,
1832 1125 2011 1180 quam·

176 1210 269 1265 diu
313 1212 362 1266 ei
397 1229 524 1284 opus
563 1214 761 1286 suerit,
813 1214 1011 1267 vixisse
1031 1231 1048 1274 ,·
1088 1230 1193 1266 una
1232 1230 1349 1266 cum
1386 1210 1651 1283 republica
1689 1210 1855 1283 fuisse
1876 1228 1902 1271 ,··
1935 1217 2012 1272 te,

170 1318 375 1384 patrem
419 1328 599 1375 suum,
630 1318 953 1383 praetorem,
993 1311 1283 1374 consulem,
1330 1327 1584 1382 auqurem
1615 1309 1838 1369 vidisse,-
1891 1309 2010 1363 ado·

175 1408 481 1466 lescentibus
516 1409 789 1482 primariis
835 1417 1050 1482 nuptam
1101 1410 1300 1482 fuisse:
1368 1408 1607 1463 omnibus
1654 1407 1799 1462 bonis
1848 1426 2010 1480 prope

156 1512 501 1585 perfunctam
538 1526 647 1565 esse
661 1528 678 1572 ,·
721 1526 883 1583 quum
913 1509 1207 1582 respublica
1245 1510 1523 1575 occideret,
1573 1509 1678 1564 vita
1711 1510 2005 1564 excessisse.

181 1610 316 1677 Quid
346 1618 450 1676 est,
489 1610 626 1683 quod
651 1618 708 1664 tu
738 1619 828 1665 aut
851 1610 949 1665 illa
977 1627 1095 1664 cum
1121 1615 1333 1684 fortuna
1361 1609 1454 1665 boc
1485 1592 1692 1664 nomine
1716 1610 1867 1683 queri
1890 1628 2009 1682 pos-

153 1710 332 1767 sitis?
414 1709 647 1783 Denique
676 1709 786 1765 noli
817 1718 867 1765 te
898 1709 1134 1766 oblivisci
1167 1710 1461 1766 Ciceronem
1485 1728 1618 1776 esse,
1660 1718 1708 1764 et
1740 1729 1886 1774 eum,
1919 1713 2010 1783 qui

171 1811 295 1868 aliis
343 1811 604 1867 consueris
644 1811 942 1884 praecipere
986 1819 1035 1866 et
1077 1810 1204 1866 dare
1248 1810 1555 1872 eonsilium:
1602 1829 1766 1884 noque
1801 1812 2009 1866 imitare

170 1911 336 1969 malos
377 1910 625 1976 medicos,
668 1910 760 1983 qui
807 1910 863 1965 in
907 1910 1095 1966 alienis
1137 1911 1332 1966 morbis
1372 1911 1688 1984 profitentur
1731 1920 1902 1966 tencre
1952 1928 2007 1966 se

152 2011 454 2068 ¹medicinae
497 2011 792 2075 scientiam,
833 2011 937 2083 ipsi
968 2029 1022 2067 se
1054 2029 1239 2067 curare
1269 2030 1371 2066 non
1402 2020 1652 2085 passuum
1693 2012 1784 2066 sed
1809 2010 2008 2085 potius,

154 2129 305 2187 *quae
346 2110 469 2167 aliis
500 2109 799 2185 praecipere
836 2111 999 2177 soles,
1045 2130 1105 2166 aa
1136 2120 1242 2168 tute
1280 2112 1375 2166 tibi
1405 2111 1628 2176 subiice,
1669 2120 1826 2183 atque
1867 2110 2008 2183 apud

155 2213 406 2268 'animum
444 2228 690 2286 propone.
770 2215 859 2267 159.
900 2210 1094 2266 Nullus
1131 2212 1281 2266 dolor
1317 2221 1420 2277 est,
1464 2209 1625 2284 quem'
1660 2230 1761 2267 non
1809 2212 2006 2284 lonqin-

172 2314 344 2387 quitas
370 2312 614 2386 temporis
634 2312 834 2368 minuat
859 2330 922 2368 ac
946 2313 1165 2367 molliat.
1246 2313 1356 2369 Hoc
1381 2322 1431 2368 te
1452 2321 1754 2386 exspectare
1777 2323 2007 2385 tempus,

170 2432 232 2470 ae
262 2431 365 2469 non
396 2413 444 2468 ei
471 2412 550 2467 rei
579 2412 831 2484 sapientia
858 2421 947 2467 tua
980 2422 1029 2467 te
1060 2413 1492 2484 occurrerc‚‚tibi
1522 2421 1672 2483 turpe
1710 2421 1801 2468 est.
1862 2414 2008 2478 Quod

171 2515 220 2570 si
251 2515 368 2588 quis
393 2514 550 2569 etiam
580 2514 769 2587 inseris
799 2531 980 2568 sensus
1006 2522 1110 2575 est,-
1146 2513 1238 2586 qui
1255 2512 1403 2567 illius
1422 2513 1478 2566 in
1511 2521 1559 2568 tc
1591 2531 1740 2568 amor
1766 2515 1871 2588 suit
1895 2516 2005 2589 pie-

170 2622 349 2688 tasque
385 2613 442 2668 in
485 2630 662 2668 omnes
695 2631 843 2679 suo-v,
883 2613 979 2668 ltoc
1010 2621 1146 2669 certe
1175 2612 1272 2667 illa
1302 2621 1350 2667 te
1381 2616 1558 2687 facere
1590 2631 1691 2667 non
1727 2614 1856 2669 vult.
1924 2616 2008 2670 Da

171 2715 265 2772 hoc
293 2714 382 2770 illi
416 2722 683 2770 mortuae:
730 2715 798 2768 da
830 2715 1014 2769 ceteris
1050 2714 1234 2769 amicis
1271 2731 1333 2768 ae
1365 2713 1725 2786 familiaribus
1746 2757 1760 2779 ,
1799 2717 1891 2788 qui
1923 2726 2009 2771 tuo

151 2815 344 2872 dolore
374 2822 639 2871 maerent:
679 2815 747 2869 da
773 2816 1012 2886 patri-ac:
1047 2824 1133 2880 ut,
1174 2815 1226 2870 si·
1251 2833 1354 2887 qua
1390 2815 1445 2868 in
1470 2833 1528 2869 re
1567 2833 1694 2887 opus
1723 2816 1819 2881 sit,
1851 2835 2009 2889 opera

169 2925 219 2973 et
242 2917 455 2973 consilio
486 2925 573 2972 tuo
597 2917 675 2971 uti
692 2917 874 2990 possit.
953 2917 1211 2989 Denique,
1238 2916 1481 2989 quoniam
1506 2918 1563 2970 in
1589 2935 1710 2970 eam
1737 2921 2007 2990 fortunam

171 3018 496 3084 devenimus,
526 3028 583 3073 ut
615 3019 771 3073 etiam
803 3018 924 3073 huic
948 3018 1030 3073 rei
1053 3019 1200 3073 nobis
1228 3017 1563 3072 serviendum.
1588 3019 1656 3071 sit
1672 3038 1688 3080 ,·
1730 3019 1840 3073 noli
1871 3037 2006 3074 com-

169 3119 399 3185 mittere,
435 3127 495 3174 ut
532 3120 811 3192 quisquam
849 3128 898 3173 te
928 3126 1076 3191 putet
1113 3137 1214 3172 non
1253 3126 1360 3171 tam
1398 3117 1605 3189 liliam,
1644 3137 1801 3190 quam
1838 3121 2009 3194 reipu-

150 3218 336 3275 blicae
381 3228 612 3292 tempora
650 3229 700 3274 et
736 3220 963 3274 aliorum
1000 3220 1270 3275 victoriam
1311 3219 1505 3289 luqere.
1545 3266 1550 3269 ,
1586 3222 1676 3273 60.
1718 3219 1888 3276 Plura
1926 3241 2011 3278 me

173 3319 240 3374 ad
273 3328 320 3375 te
338 3320 401 3376 de
433 3321 530 3376 hac
559 3340 619 3375 re
650 3322 876 3376 scribere
896 3321 1084 3395 pudet,
1116 3339 1180 3375 ne
1212 3319 1389 3373 videar
1414 3318 1723 3390 prudentiae
1755 3330 1873 3377 tuae
1902 3322 2008 3396 dis-

157 3418 350 3492 fidere.'
436 3407 634 3488 Quare,
675 3424 723 3478 si
762 3422 856 3478 hoc
893 3441 1056 3477 unum
1076 3437 1423 3495 proposuero,
1460 3419 1621 3491 finem
1652 3423 1851 3494 faciam
1883 3425 2009 3478 scri-

182 3520 344 3576 bendi.
446 3523 677 3581 Vidimus
729 3525 1000 3598 aliquoties
1048 3524 1324 3580 secundam
1363 3521 1719 3592 pulcherrime
1771 3534 1817 3580 te
1868 3529 2012 3598 serre
