2210 3970
253 253 362 307 688
716 260 1047 304 ANNALES
1107 267 1620 305 mennonium.

252 412 386 457 quam
422 394 566 439 ullum
589 394 748 453 fuisse
786 395 959 452 locum,
1003 397 1052 440 in
1089 383 1174 457 quo
1209 396 1388 457 aliquid
1422 413 1450 440 a
1477 402 1612 456 poeta
1649 393 1817 438 dictum
1850 392 2002 437 eadere
2030 393 2079 436 in

252 479 426 532 tempus
461 478 661 515 nostrum
701 472 949 530 videretur,
992 474 1112 534 quod
1138 482 1219 518 aut
1246 473 1466 535 populum
1501 473 1755 516 universum
1778 469 2080 531 fugeretnut

249 566 335 594 non
363 550 624 608 e.rprimeret
651 548 748 608 ipse
786 558 923 594 actor.
955 575 1016 584 ·——
1048 567 1084 596 c.
1104 554 1176 594 56.
1196 552 1300 593 123.
1335 549 1457 606 Quid
1471 540 1579 607 fuit
1604 547 1746 602 illud,
1775 547 1894 607 quod
1917 538 2082 590 recenti

250 630 406 675 nuntio
435 627 487 671 de
515 627 594 671 illo
619 626 1003 670 senatusconsulto
1021 660 1034 682 ,
1068 626 1188 687 quod
1197 627 1381 685 factum
1411 633 1479 669 est
1501 626 1549 668 in
1578 623 1740 684 templo
1772 625 1989 679 Virtutis,
2022 622 2084 667 ad

253 698 380 750 ludos
402 720 660 765 scenamque
679 704 858 765 perlata
876 738 889 760 ‚
933 720 1140 750 consessu
1165 705 1385 759 maximo,
1413 718 1612 746 summus
1644 701 1820 760 artifex
1847 709 1892 746 et
1916 701 2082 744 melier-

251 783 348 832 cule
375 799 543 843 semper
562 783 766 843 partium
782 784 830 826 in
847 782 1096 844 republica,
1130 789 1356 842 tamquam
1382 783 1430 826 in
1455 798 1611 838 scena,
1634 781 1902 840 optimarum
1918 811 1931 833 ‚
1954 777 2082 838 flens

251 869 296 905 et
318 861 484 904 recenti
507 860 686 903 laetitia
708 867 750 902 et
773 860 913 902 mia-to
947 858 1095 901 ‹lolore
1120 875 1171 901 ac
1205 858 1424 902 desiderio
1451 859 1564 914 mei,
1597 859 1690 920 egit
1720 856 1843 918 apud
1862 854 2082 917 populum

248 939 493 981 Romanum
515 936 655 979 multo
683 935 967 995 gravioribus
994 935 1138 978 verbis
1160 951 1300 978 meam
1326 951 1552 992 caussam,
1587 952 1720 996 quam
1747 941 1913 995 egomet
1935 932 1988 976 de
2014 944 2082 975 me

250 1029 378 1075 agere
396 1013 684 1072 potuissem?
749 1011 802 1055 ad
827 1029 868 1073 q.
892 1011 922 1056 l.
946 1010 1088 1058 Schol.
1115 1010 1217 1055 Bob.
1249 1028 1289 1071 p.
1309 1015 1417 1056 305.
1451 1014 1515 1055 Re
1537 1019 1646 1055 vera*
1667 1012 1843 1072 quidem
1869 1014 2084 1054 Senatus-

251 1090 502 1144 consultum
529 1089 581 1133 cle
618 1090 820 1132 Cicerone
848 1087 1087 1132 revocando
1105 1088 1291 1146 sactum
1319 1105 1412 1132 esse
1444 1090 1493 1133 in
1524 1091 1742 1151 Capitolio
1770 1090 1965 1144 dicitur,-
1997 1103 2083 1149 quo

250 1170 395 1229 magis
425 1183 646 1211 movemur
682 1166 1012 1210 adseveratione
1055 1166 1297 1219 Ciceronis,
1347 1167 1427 1227 qui
1467 1184 1583 1211 nunc
1621 1166 1744 1212 dicat
1784 1168 1840 1211 in
1883 1165 2082 1226 templo

256 1247 495 1292 Virtutis
535 1246 613 1289 boc
652 1261 746 1289 esse
774 1244 1020 1299 decretum,
1055 1261 1191 1304 quum
1219 1252 1411 1306 tempore
1445 1244 1678 1300 ludorum,
1707 1240 1787 1306 qui
1822 1244 2015 1288 Virtutis
2042 1250 2086 1286 et

252 1326 442 1372 Honoris
475 1324 759 1379 dicebantur,
792 1321 1142 1366 adclamationes
1162 1321 1326 1383 populi
1357 1322 1549 1366 reditum
1579 1325 1638 1367 M.
1672 1322 1811 1367 Tullii
1835 1322 2087 1383 flagitave-

250 1404 373 1459 rint,
405 1410 588 1446 senatus
618 1416 717 1444 vero
748 1399 868 1443 nilcil
891 1398 1052 1443 ibidem
1073 1400 1317 1444 statuerit.-
1345 1400 1439 1444 nisi
1471 1401 1515 1443 si
1546 1407 1590 1444 et
1620 1400 1687 1443 ibi
1707 1394 1837 1459 sorte
1863 1398 2084 1443 decretum

253 1489 333 1525 est.
404 1479 514 1524 lbid.
559 1482 692 1522 Actor
722 1477 822 1521 illis
860 1477 1131 1537 temporibus
1172 1478 1480 1522 nobilissimus
1514 1478 1787 1539 tragicorum
1814 1474 2086 1535 fabularum

252 1562 451 1618 Aesopus
479 1558 620 1618 egisse
651 1555 828 1599 videtur
860 1556 983 1598 Accii
1007 1554 1221 1611 fabulam
1240 1588 1253 1611 ,
1286 1572 1399 1616 quae
1429 1555 1693 1599 inscribitur
1722 1555 1957 1616 Eurysace
1974 1575 1992 1608 ,·
2017 1553 2086 1596 ita

251 1645 305 1680 ut
333 1652 419 1696 per
450 1651 616 1678 omnem
645 1632 836 1676 actionis
871 1647 1051 1676 cursum
1084 1641 1280 1694 tempora
1311 1633 1583 1694 reipublicae
1613 1631 2008 1693 significarentur,
2043 1631 2087 1674 et

252 1713 429 1774 quidem
461 1711 681 1758 Ciceronis
701 1709 899 1770 fortuna
923 1708 1243 1770 deploraretur.
1305 1711 1385 1755 Ea·
1415 1728 1501 1772 quo
1544 1710 1665 1756 illud
1683 1709 1875 1771 probare
1911 1716 2086 1753 conten-

254 1791 347 1847 dit,
397 1805 544 1833 omnes
583 1803 776 1849 prorsus
821 1787 1016 1831 homines
1058 1788 1194 1831 etiam
1236 1788 1421 1847 infimae
1455 1790 1605 1850 plebis
1651 1789 1932 1833 restitutioni
1979 1804 2085 1832 suae

244 1868 582 1928 promptissime
613 1867 880 1927 refragatos.
955 1865 1038 1911 cfr.
1076 1870 1198 1927 Gasp.
1229 1862 1486 1911 Garatonius
1509 1906 1522 1926 ‚
1557 1867 1762 1913 Diatribe
1789 1868 1842 1912 de
1878 1870 1921 1912 C.
1946 1868 2086 1912 Marii

252 1952 556 2003 monumento,
606 1945 668 1989 ad
695 1946 785 1989 Cic.
805 1961 892 2004 pro
925 1945 1081 1988 Sextio
1114 1961 1149 1988 c.
1170 1948 1229 1988 54
1262 1953 1306 1989 et
1330 1962 1416 2006 pro
1447 1945 1634 1990 Plancio
1661 1963 1698 1991 c.
1717 1949 1789 1991 32.
1822 1946 2006 2007 repetita
2034 1945 2082 1990 in

251 2021 403 2066 Orellii
439 2021 625 2066 editione
651 2025 771 2067 Orat.
808 2023 1082 2078 Plancianae,
1117 2023 1278 2084 Lipsiae
1297 2026 1431 2067 1825.
1459 2040 1501 2085 p.
1520 2027 1780 2070 275-285.

330 2125 392 2200 (⁷)
435 2126 730 2191 Postridie,
773 2128 807 2183 i.
841 2145 886 2182 e.
927 2127 1100 2199 pridie
1138 2126 1271 2181 Non.
1315 2126 1498 2182 Sextii.
1537 2128 1623 2202 [z
1659 2133 1688 2183 4
1718 2128 1860 2183 Sext.
1903 2127 2082 2204 (Aug.)

253 2231 360 2282 697
395 2246 460 2276 z
497 2231 566 2281 10
595 2227 732 2298 Aug.
774 2232 842 2282 57
885 2245 932 2282 a.
972 2229 1050 2301 ἃ]
1105 2227 1369 2283 Lentulus
1415 2230 1632 2285 comitia
1673 2230 1976 2284 centuriata
2029 2230 2085 2283 in

250 2329 445 2399 Campo
498 2327 688 2381 Martio
737 2328 914 2383 habet.
1007 2328 1276 2400 Populus,
1325 2329 1498 2400 legem
1539 2320 1790 2402 inprimis
1828 2329 2086 2385 suadente

251 2429 525 2498 PompeiO,
584 2428 835 2493 Servilio,
895 2429 1096 2495 Gellio,
1147 2430 1456 2485 Ciceronem
1497 2430 1564 2485 ab
1606 2430 1792 2486 exsilio
1841 2437 2086 2496 revocat,

252 2529 493 2582 omnium
535 2530 905 2583 centuriarum
941 2547 1222 2584 consensa.
1265 2547 1315 2586 v.
1351 2547 1398 2584 o.
1420 2533 1510 2584 27.
1547 2533 1635 2585 67.
1678 2548 1724 2584 c.
1753 2535 1842 2585 29.
1875 2535 1942 2586 72
1966 2548 2085 2603 sqq.

256 2646 301 2682 c.
327 2631 415 2681 54.
452 2631 540 2681 87.
585 2645 652 2681 vl.
693 2645 737 2682 c.
766 2634 813 2682 1.
851 2632 900 2682 2.
962 2637 973 2645 “

311 2727 458 2771 Livius
489 2726 603 2786 Epit.
635 2731 740 2772 104.
775 2730 832 2772 M.
863 2729 1035 2783 Cicero,
1068 2729 1278 2788 Pompeio
1306 2729 1424 2781 inter
1450 2728 1567 2773 alios
1591 2737 1764 2785 orante,
1799 2737 1842 2774 et
1873 2733 1918 2774 T.
1943 2731 2085 2776 Annio

253 2803 418 2848 Milone
450 2803 628 2847 tribuno
647 2804 800 2864 plebis
824 2813 999 2866 agente,
1038 2805 1212 2866 ingenti
1237 2807 1404 2868 gaudio
1431 2816 1615 2853 senatus
1642 2825 1693 2852 ac
1720 2808 1863 2852 totius
1893 2809 2086 2868 Italiae,

254 2882 309 2925 ab
350 2881 511 2925 exsilio
553 2881 762 2926 reductus
804 2889 884 2926 est.
955 2882 1041 2928 Cic.
1083 2882 1136 2927 ad
1173 2884 1299 2943 Quir.
1341 2893 1436 2946 post
1470 2885 1597 2930 redit.
1631 2902 1666 2930 c.
1700 2889 1740 2930 6.
1771 2889 1845 2931 16.
1887 2888 1964 2930 Ita
1987 2904 2085 2944 me,

254 2959 422 3003 nudum
453 2975 481 3002 a
505 2959 777 3020 'propinquis
793 2991 806 3014 ,
840 2958 968 3003 nulla
993 2961 1251 3020 cognatione
1281 2963 1503 3007 munitum
1520 2995 1534 3019 ,
1561 2962 1764 3007 consules
1781 2996 1795 3019 ,
1819 2972 2052 3024 praetores
2068 2999 2084 3024 ,

256 3036 427 3080 tribuni
459 3036 640 3098 plebis,
675 3044 884 3093 senatus,
925 3036 1068 3080 Italia
1103 3047 1264 3083 cuncta
1303 3055 1473 3100 semper
1509 3056 1538 3083 a
1567 3040 1690 3085 vobis
1721 3040 1954 3102 deprecata
1992 3050 2086 3088 est.-

257 3114 444 3174 denique
469 3130 640 3168 omnes,
666 3115 746 3174 qui
766 3114 929 3158 vestris
951 3115 1163 3159 maximis
1185 3116 1414 3178 beneficiis
1436 3116 1759 3178 honoribusque
1779 3127 1886 3163 sunt
1911 3122 2060 3166 ornati
2070 3159 2085 3182 ‚

249 3191 463 3253 producti
487 3191 549 3235 ad
579 3207 654 3235 vos
686 3191 741 3259 ab
770 3191 945 3248 eadem,
981 3208 1067 3235 non
1098 3193 1243 3238 solum
1275 3195 1337 3238 ad
1365 3213 1432 3239 me
1458 3196 1800 3241 conservandam
1833 3214 1910 3242 vos
1936 3199 2087 3245 cohor-

257 3271 346 3314 tati
371 3277 500 3326 sunt,
541 3269 621 3313 sed
651 3269 786 3312 etiam
813 3285 959 3326 rerum
987 3285 1182 3314 mearum
1211 3280 1441 3332 gestarum
1472 3281 1700 3328 auctores,
1734 3281 1894 3331 testes,
1930 3275 2087 3321 lauda·

250 3354 373 3390 tores
397 3346 606 3404 fuerunt.
678 3346 732 3390 ad
764 3350 856 3391 Att.
893 3361 956 3392 lv.
986 3360 1016 3392 Ι.
1051 3350 1094 3391 4.
1142 3348 1298 3392 Pridie
1333 3351 1481 3394 Nonas
1514 3353 1637 3396 Sext.
1672 3353 1952 3415 Dyrrhachio
1982 3371 2084 3400 sum

249 3425 485 3487 profectus
503 3458 514 3478 ,
547 3427 645 3486 ipso
672 3424 756 3469 illo
791 3424 887 3482 die,
923 3440 1009 3484 quo
1039 3423 1112 3468 lex
1137 3433 1203 3469 est
1235 3426 1330 3470 lata
1354 3427 1406 3472 de
1429 3427 1566 3473 nobis.
1631 3430 1707 3474 Dio
1723 3443 1881 3476 XXXIX.
1907 3447 1943 3476 c.
1965 3435 2005 3476 8.
2039 3435 2083 3478 2.

257 3506 351 3548 Καὶ
387 3501 539 3555 οὕτως
572 3503 599 3561 ἧ
633 3520 682 3549 τε
717 3506 944 3566 γερουσία
974 3505 1233 3551 κατελθεῖν
1264 3505 1346 3552 τὸν
1379 3507 1625 3570 Κικέρωνα
1659 3512 1747 3555 τοῦ
1789 3513 2077 3573 Σπινθῆρος

2199 1139 2210 1422 i

2197 1461 2210 1660 ι

2199 1661 2210 1959 5
