2158 4030
492 219 609 275 L.1.
653 237 696 273 e.
721 219 857 274 xlx,
894 221 932 292 S
957 224 1021 274 61
1068 250 1142 259 -—-
1180 239 1225 273 c.
1252 221 1359 274 XX.
1403 221 1442 293 ὅ
1467 226 1552 275 66.
1863 226 1931 277 29

123 369 678 445 populares'homines
715 369 946 437 diceret,
987 369 1238 443 populare
1277 370 1524 425 omnibus
1556 378 1610 425 et
1638 372 1930 427 iucundum

124 471 421 527 videretur:
473 471 629 527 cuius
661 471 716 525 in
748 469 912 525 labris
952 476 1158 526 veteres
1197 471 1419 535 comici,
1459 471 1622 525 etiam
1661 488 1827 542 quum
1857 473 1932 525 illi

122 572 260 628 male
284 572 524 628 dicerent
552 571 712 647 (quod
745 577 860 627 tum
896 571 1118 626 Athenis
1153 572 1266 625 fieri
1295 571 1538 644 licebat),
1580 572 1810 644 leporem
1845 571 1932 625 ba·

121 674 319 729 hitasse
357 672 611 728 dixerunt
650 678 959 745 tantamque
990 674 1046 727 in
1081 689 1141 728 eo
1179 674 1288 727 vim
1324 673 1487 727 luisse
1511 715 1523 737 ,
1565 678 1626 726 ut
1661 674 1714 726 in
1749 689 1934 727 eorum

122 773 426 839 mentibus,
465 774 559 846 qui
599 773 901 839 audissent,
942 774 1095 847 quasi
1131 773 1341 829 aculeos
1380 774 1637 846 quosdam
1673 774 1933 845 relinque·

120 879 220 929 ret.
298 873 488 946 Itaque
519 873 632 939 hic,
665 874 949 939 doctrina,
1001 873 1251 939 consilio,
1304 873 1605 946 eloquentia
1637 874 1900 929 excellens
1922 918 1934 938 ‚

121 974 477 1048 quadraginta
515 992 682 1031 annos
713 974 946 1048 praefuit
985 975 1208 1031 Athenis
1247 982 1301 1030 et
1333 974 1553 1031 urbanis
1585 975 1770 1030 eodem
1805 982 1934 1030 tem·

119 1090 246 1149 pore
285 1081 340 1131 et
373 1074 576 1130 bellicis
622 1074 798 1130 rebus.
877 1078 965 1131 64.
1009 1076 1182 1131 Huic¹
1220 1076 1382 1131 aetati
1416 1091 1673 1148 suppares
1711 1075 1936 1135 Alcibia-

121 1174 243 1242 des,
268 1174 491 1240 Critias,
519 1174 903 1230 Theramenes:
937 1176 1034 1247 qui
1055 1181 1077 1213 ²
1106 1175 1415 1231 civitatibus
1447 1177 1562 1230 suis
1587 1175 1803 1248 quidem
1833 1192 1936 1230 non

119 1274 272 1339 honi,
295 1273 405 1330 ¹sed
443 1280 589 1329 certe
621 1272 763 1328 docti
802 1281 964 1345 atque
997 1274 1330 1345 eloquentes,
1369 1281 1424 1328 et
1458 1275 1746 1329 Socraticis
1784 1282 1937 1329 erant

118 1371 568 1447 disputationibus
601 1371 815 1427 eruditi.
897 1372 1102 1440 Quibus
1122 1378 1142 1411 ³
1185 1372 1513 1445 temporibus
1549 1373 1690 1445 quod
1725 1372 1935 1428 dicendi

117 1489 286 1546 genus
305 1474 567 1547 viguerit,
601 1490 665 1529 ex
688 1471 989 1548 Thucydidi
1012 1474 1257 1546 scriptis,
1285 1475 1377 1547 qui
1407 1474 1520 1547 ipse
1547 1481 1661 1528 tum
1692 1473 1818 1538 luit,
1861 1475 1937 1529 in·

119 1573 287 1648 telligi
306 1574 538 1631 maxime
557 1579 746 1647 potest.
775 1573 1014 1630 Grandes
1034 1581 1188 1630 erant
1208 1574 1409 1641 verbiS,
1436 1574 1611 1630 crebri
1627 1575 1907 1630 sententiis
1924 1618 1938 1638 ,

119 1675 511 1749 compressione
539 1690 724 1730 rerum
757 1673 944 1730 breves
967 1680 1024 1731 et
1054 1673 1120 1730 ob
1152 1690 1270 1730 eam
1299 1676 1468 1747 ipsam
1500 1691 1745 1731 caussam
1775 1675 1935 1729 inter-

118 1774 606 1832 dumsubohseuri.
666 1778 756 1831 615.
797 1775 1023 1831 Exstitit
1043 1780 1064 1814 ⁴
1093 1776 1199 1830 iam
1228 1774 1446 1829 senibus
1476 1774 1610 1839 illis,
1637 1791 1770 1847 quos
1801 1775 1936 1829 dixi-

119 1878 269 1943 mus,
307 1875 594 1940 Isocrates:
633 1875 792 1931 cuius
823 1875 1013 1931 domus
1046 1881 1274 1931 cunctae
1306 1874 1559 1931 Graeciae
1590 1875 1743 1948 quasi
1779 1874 1939 1930 ludus

117 1975 336 2051 quidam
386 1977 562 2051 pamit
610 1982 774 2050 atque
818 1974 1029 2032 officina
1075 1974 1315 2037 dicendi:
1375 1991 1605 2046 magnus
1655 1982 1836 2031 orator
1884 1983 1939 2032 et

117 2076 397 2152 perfectus<
416 2077 703 2149 magister,
743 2092 1069 2149 quamquam
1103 2075 1300 2131 sorensi
1334 2075 1454 2131 luce
1485 2076 1663 2131 caruit
1690 2078 1939 2149 intraque

119 2178 349 2252 parietes
382 2177 521 2234 aluit-
541 2193 659 2233 eam
685 2177 939 2249 gloriam,
980 2193 1142 2249 quam
1169 2192 1324 2230 nemo
1349 2192 1470 2231 meo
1494 2176 1710 2247 quidem
1738 2176 1939 2231 iudicio

119 2283 301 2352 postea
340 2284 422 2335 est
459 2284 793 2334 consecutus.
873 2278 925 2333 Is
969 2283 1023 2333 et
1055 2278 1168 2350 ipse
1206 2277 1425 2349 scripsit
1457 2276 1627 2331 multa
1667 2278 1939 2350 praeclare

119 2385 183 2435 et
206 2378 388 2434 docuit
420 2378 578 2441 alios:
629 2385 683 2433 et
715 2393 883 2451 quum
916 2385 1093 2433 cetera
1133 2377 1355 2442 meliuS,
1409 2393 1571 2449 quam
1610 2379 1937 2450 superioreS‚

120 2485 237 2535 tum
261 2474 474 2553 primus
497 2478 787 2544 intellexit,
803 2480 965 2534 etiam
994 2479 1050 2533 in
1078 2478 1252 2533 soluta
1277 2479 1544 2544 oratione,
1565 2478 1694 2533 dum
1720 2496 1936 2535 versum

117 2578 378 2652 effugeres
398 2595 436 2646 ,·
464 2578 683 2636 modum
723 2586 902 2634 tamen
943 2585 997 2633 et
1042 2595 1327 2634 numerum
1369 2578 1654 2651 quemdam
1693 2587 1938 2651 oportere

8 2733 9 2738 ,
117 2678 338 2737 servari.
424 2662 572 2736 ‘Ante
630 2680 773 2735 hunc
820 2681 964 2735 enim
1007 2680 1293 2735 verborum
1345 2681 1498 2751 quasi
1557 2686 1832 2735 structura
1884 2691 1935 2736 et

95 2779 378 2850 'quaedam
410 2780 478 2835 ad
510 2780 796 2835 numerum
829 2780 1101 2835 conclusio
1129 2780 1273 2834 nulla
1306 2787 1450 2842 erat;
1488 2788 1612 2844 aut,
1651 2782 1697 2835 si
1724 2782 1938 2852 quando

119 2884 271 2944 erat-u,
322 2886 429 2935 n'on
464 2881 795 2954 apparebat,
854 2898 973 2935 eam
1018 2880 1198 2935 dedita
1241 2898 1400 2953 opera
1451 2898 1566 2936 esse
1618 2884 1933 2953 quaesitam.

110 2983 208 3041 66.
246 2980 431 3035 Tum*⁵
470 2980 574 3037 fuit
607 2983 828 3056 LysiaS,
883 2983 996 3055 ipse
1034 2982 1252 3054 quidem
1291 2982 1346 3036 in
1392 2983 1598 3036 caussis
1638 2981 1936 3039 forensibus

118 3085 530 3148 non'versatus,
582 3083 675 3138 sed
708 3084 920 3156 egregie
966 3083 1181 3138 subtilis
1223 3084 1453 3154 scriptor
1485 3089 1653 3155 atque
1693 3085 1935 3156 eleganS,

119 3197 282 3255 quem
320 3184 427 3239 iam
461 3201 624 3257 prope
663 3184 860 3240 audeas
892 3191 1155 3240 oratorem
1192 3182 1487 3256 perfectum
1530 3184 1722 3240 dicere.
1802 3187 1934 3241 Nam

122 3282 277 3355 plane
313 3284 531 3357 quidem
570 3285 866 3358 perfectum
905 3293 959 3342 et
997 3287 1087 3341 cui
1128 3285 1261 3339 nihil
1295 3284 1581 3339 admodum
1621 3286 1787 3350 desit,
1840 3289 1934 3342 De-

185 3442 224 3497 ι)
255 3441 376 3484 Brut.
403 3452 439 3483 c.
460 3441 500 3484 7.
532 3440 647 3497 929.
680 3465 740 3472 -
771 3442 812 3498 ⁹)
843 3439 896 3485 de
926 3442 1045 3485 Orat.
1079 3442 1155 3484 111.
1190 3453 1225 3482 c.
1244 3441 1316 3482 34.
1348 3440 1490 3495 §139.
1529 3467 1583 3475 -
1615 3442 1654 3501 3)
1687 3444 1806 3486 Brut.
1839 3457 1874 3486 c.
1893 3443 1933 3484 7.

126 3517 240 3572 §29.
273 3541 330 3550 —
362 3517 404 3575 4)
437 3514 547 3561 Ibid.
580 3531 616 3561 c.
637 3519 678 3563 8.
713 3519 825 3575 932.
858 3544 917 3554 —-
950 3519 991 3577 ⁵)
1022 3515 1132 3561 lbid.
1160 3531 1194 3560 e.
1214 3518 1255 3560 9.
1288 3518 1402 3575 935.
