2158 4030
247 259 316 309 70
634 302 639 305 .
876 267 1087 306 emeno
1132 266 1203 304 nr,
1251 264 1386 304 vlu
1435 265 1539 303 sua
1626 254 1629 257 ’

245 403 675 474 corrumpendum
703 411 902 473 tempus
922 401 1150 455 alienum
1175 399 1470 472 offenderet.
1521 397 1582 451 In
1605 402 1619 433 ¹
1651 395 1833 450 Sicilia
1859 399 2074 461 autem,-

244 504 431 560 multis
470 503 842 567 audientibus,
881 502 935 556 C.
958 501 1179 556 Verrem
1220 516 1376 572 saepe
1407 498 1607 552 dixisse
1638 496 1860 551 audivi:
1885 515 1940 551 se
1974 497 2074 550 Ιια-,

245 606 364 660 bere
405 605 666 658 hominem
691 611 978 675 potentem,
1019 603 1164 656 cuius
1201 600 1394 672 fiducia
1425 598 1750 669 provinciam
1786 597 2064 668 spoliaret:

244 723 409 778 neque
453 706 552 758 sibi
589 705 688 759 soli
720 704 997 775 pecuniam
1039 719 1318 773 quaerere,
1370 698 1460 752 sed
1493 698 1568 752 ita
1612 698 1892 751 triennium
1929 695 2068 750 illud

237 815 517 878 praeturae
548 804 836 859 Siciliensis
873 802 1209 856 distributum
1248 800 1464 863 habere,
1484 807 1559 852 ut
1591 816 1764 853 secum
1794 797 2068 868 praeclare

243 907 332 978 aqi
363 906 582 969 diceret,
621 905 669 957 si
692 904 846 956 unius
872 902 997 955 anui
1030 909 1299 972 quaestum
1324 900 1380 952 iu
1406 917 1518 954 rem
1544 917 1694 953 suam
1720 906 2030 953 converteret
2045 915 2063 958 ;

243 1008 469 1061 alterum
494 1005 733 1075 patronis
765 1012 814 1057 et
844 1002 1202 1075 defensoribus
1235 1002 1344 1055 suis
1371 1000 1629 1062 traderem
1670 997 2066 1054 tertium-illum

243 1106 566 1160 uberrimum
612 1102 1224 1175 quaestuosissimumque
1262 1118 1458 1156 aurium
1494 1109 1656 1155 totum
1693 1099 1951 1153 iudicibus
1987 1115 2068 1153 re·

242 1212 486 1261 servaret.

317 1405 458 1462 XIII.
539 1408 628 1459 56.
669 1404 893 1458 Romam
914 1408 934 1440 ²
968 1409 1030 1457 ut
1063 1418 1127 1457 ex
1156 1402 1340 1457 Sicilia
1366 1401 1540 1468 redii,
1571 1417 1740 1474 quum
1773 1400 1875 1455 iste
1901 1406 2078 1471 atque

240 1508 399 1563 istius
436 1506 629 1569 amici,
680 1503 923 1559 homines
962 1502 1095 1557 lauti
1141 1509 1196 1557 et
1235 1501 1458 1567 urbani,
1510 1516 1785 1556 sermones
1820 1496 2069 1555 huiusce-

239 1607 384 1664 modi
430 1607 811 1678 dissipassent,
869 1619 975 1676 quo
1019 1603 1228 1658 animos
1276 1604 1499 1672 testium
1558 1601 1925 1667 retardarent,
1981 1613 2070 1657 mc

238 1724 435 1780 magna
471 1706 701 1780 pecunia
733 1722 764 1759 a
801 1721 929 1759 vera
965 1705 1308 1759 accusatione
1337 1720 1456 1759 esse
1493 1702 1813 1766 deductum;
1851 1703 2067 1757 tametsi

237 1807 565 1881 probabatur
603 1806 837 1872 nemini,
876 1805 1017 1879 quod
1056 1812 1111 1860 et
1147 1821 1213 1861 ex
1253 1805 1438 1861 Sicilia
1475 1811 1642 1861 testes
1671 1811 1828 1860 erant
1866 1805 1934 1871 ii,
1974 1804 2068 1876 qui
2155 1873 2158 1878 Δ

237 1915 577 1980 quaestorem
614 1924 703 1962 me
742 1907 796 1962 in
830 1907 1106 1979 provincia
1135 1912 1527 1977 cognoverant,
1565 1912 1622 1961 et
1657 1903 1784 1960 binc
1823 1905 2071 1960 homines

237 2009 473 2063 maxime
518 2007 786 2072 illustres,
845 2007 969 2079 qui,
1006 2013 1090 2060 ⁴ut
1141 2007 1245 2079 ipsi
1288 2013 1458 2062 erant·
1496 2007 1639 2071 noti,
1690 2007 1772 2060 sic
1821 1988 2074 2060 nostrum-

238 2125 410 2163 nnum
454 2125 740 2180 quemque
761 2108 961 2179 optime
1005 2115 1292 2170 noverant;
1344 2115 1525 2162 tamen
1560 2123 1731 2179 usque
1776 2124 1838 2162 eo
1875 2106 2037 2160 timui
2052 2139 2076 2169 ‚·
2149 2150 2154 2182 5

238 2227 305 2264 ne
342 2209 465 2282 quis
505 2209 570 2263 de
609 2225 728 2264 mea
769 2208 872 2264 fide
903 2216 1066 2281 atque
1099 2210 1414 2280 integritate
1450 2207 1751 2273 dubitaret,
1801 2207 1969 2262 donec
2002 2192 2074 2261 ad-

236 2309 556 2366 reiiciendos
594 2309 801 2364 iudices
838 2311 1102 2365 venimus·
1183 2305 1429 2365 Sciebam
1474 2309 1531 2364 in
1582 2307 1891 2364 reiiciendis
1929 2307 2067 2362 iudi-

235 2411 391 2465 cibus
423 2409 1005 2464 nonnullos'memoria
1037 2416 1221 2464 nostra
1254 2410 1519 2482 pactionis
1555 2407 1924 2481 suspicionem·
1961 2423 2067 2461 non

236 2512 466 2575 vitasse,
503 2526 672 2582 quum
707 2510 822 2581 ipsa
854 2510 911 2563 in
949 2510 1292 2564 accusatione
1330 2526 1519 2564 eorum
1550 2509 1819 2564 industria
1851 2504 1914 2563 ac
1947 2507 2077 2561 dili--

237 2612 419 2684 gentia
437 2610 774 2683 probaretur.
829 2610 910 2665 Ita
930 2610 1092 2665 reieci
1126 2610 1361 2676 iudiceS,
1399 2617 1462 2665 ut
1487 2609 1588 2664 hoc
1614 2615 1912 2674 constaret,
1947 2615 2078 2681 post

236 2713 390 2771 illum
420 2718 623 2767 statum
655 2711 1011 2784 reipublicae,
1049 2729 1156 2784 quo
1182 2719 1314 2767 tunc
1345 2712 1661 2776 utebamur,
1701 2711 1865 2765 simili
1894 2709 2067 2783 splen·
2156 2743 2158 2745 -

236 2814 365 2868 dore
396 2820 451 2868 et
477 2813 740 2884 dignitate
772 2813 1055 2867 consilium
1084 2814 1292 2868 nullum
1325 2813 1507 2868 fuisse.
1589 2818 1677 2868 57.
1721 2812 1824 2867 Sed
1844 2819 1867 2850 ³
1890 2828 2074 2884 quum·
2156 2800 2158 2803 ’

238 2914 377 2969 hanc
435 2931 534 2985 ego
584 2929 830 2969 caussam
885 2914 1190 2969 Siculorum
1246 2921 1439 2986 rogatu
1497 2915 1847 2986 recepissem,
1905 2913 2074 2986 idque

237 3015 373 3070 mihi
418 3014 656 3087 amplum
690 3021 743 3069 et
773 3014 1110 3086 praeclarum
1149 3015 1572 3080 existimassem,
1624 3031 1713 3068 eos
1751 3013 1885 3068 velle
1916 3028 2070 3068 meae

241 3116 363 3171 fidei
391 3116 807 3189 diligentiaeque
838 3116 1138 3188 periculum
1172 3115 1373 3182 facere,
1414 3118 1507 3190 qui
1541 3116 1877 3171 innocentiae
1904 3113 2066 3169 absti-

240 3218 560 3289 nentiaeque
603 3216 886 3278 fecissent;
931 3224 1078 3281 tum,
1127 3224 1374 3289 suscepto
1415 3218 1656 3288 negotio,
1707 3216 1883 3271 maius
1929 3214 2062 3269 mihi

301 3474 340 3531 ¹)
372 3471 482 3518 lbid‚
513 3488 548 3518 c.
568 3475 641 3517 14.
674 3473 789 3530 §40.
824 3499 879 3506 -—
915 3476 954 3532 ²)
986 3473 1030 3517 in
1059 3475 1231 3518 Verrem
1256 3475 1347 3519 Act.
1367 3475 1424 3518 11.
1453 3471 1494 3517 L.
1515 3475 1546 3517 1.
1580 3488 1614 3516 c.
1635 3478 1675 3518 6.
1704 3475 1817 3531 §171
1853 3500 1907 3507 -·
1943 3474 1982 3532 5)
2015 3473 2058 3516 iu

241 3552 418 3597 Verrem
451 3552 543 3595 Act.
578 3553 610 3596 1.
644 3566 679 3595 c.
700 3554 771 3595 12.
805 3553 919 3609 §34.
