2158 4030
272 215 342 265 62
866 228 1074 266 menno
1122 228 1191 264 ne
1242 226 1378 264 viu
1417 227 1522 267 suA

270 360 364 416 sed
404 360 565 414 etiam
612 362 938 432 oppugnavit
983 377 1044 414 ac
1084 358 1346 432 prodidit:
1399 362 1554 414 cuius
1601 367 1852 430 praetura
1893 361 2099 416 urbana*

271 461 485 516 aedium
526 478 803 516 sacrarum
843 460 947 514 suit
979 460 1422 532 publicorumque
1462 477 1683 532 operum
1731 459 2095 532 depopulatiO,

272 563 434 617 simul
455 565 509 616 in
532 565 648 616 iure
670 562 901 615 dicundo
920 561 1178 614 bonorum
1201 563 1702 632 possessionumque
1724 568 1908 616 contra
1929 565 2095 615 omni-

271 681 364 718 um
399 664 648 716 instituta
682 661 914 714 addictio
948 666 1001 713 et
1034 661 1366 716 condonatiO.
1435 667 1519 715 17.
1561 662 1674 716 Iam
1702 679 1827 716 vero
1855 664 2099 718 omnium·

269 764 525 817 vitiorum
549 778 768 816 suorum
790 760 1023 832 plurima
1044 766 1097 814 et
1118 762 1352 815 maxima
1374 761 1655 815 constituit
1675 769 2023 816 monumenta
2044 770 2096 817 et

268 863 468 918 indicia
489 862 544 915 in
566 860 841 933 provincia
864 859 1072 915 Sicilia:
1108 877 1270 938 quam
1285 861 1387 914 iste
1406 877 1502 932 per
1522 862 1818 916 triennium
1846 862 1921 915 ita
1941 879 2094 917 vexa-

268 966 348 1019 vit
372 982 436 1019 ac
461 962 723 1035 perdidit,
757 968 819 1017 ut
845 978 908 1016 ea
927 962 1142 1016 restitui
1165 963 1220 1017 in
1247 963 1533 1034 antiquum
1554 969 1756 1017 statum
1777 963 2098 1020 nullomodo

267 1065 463 1137 possit,
503 1064 593 1117 vix
626 1069 806 1118 autem
834 1079 929 1134 per
955 1062 1153 1117 multos
1187 1080 1353 1118 annos
1384 1064 1800 1136 innocentesque
1826 1070 2097 1136 praetores

267 1163 447 1235 aliqua
478 1181 542 1218 ex
570 1170 723 1236 parte
755 1163 988 1218 recreari
1011 1163 1295 1235 aliquando
1315 1181 1468 1236 posse
1487 1164 1750 1220 videatur.
1811 1166 1920 1220 Hoc
1949 1183 2095 1237 prae-

267 1272 383 1321 tore
424 1264 593 1320 Siculi
633 1282 805 1337 neque
846 1282 971 1319 suas
1013 1264 1157 1336 leges
1203 1282 1375 1337 neque
1410 1272 1593 1320 nostra
1635 1266 2098 1322 senatusconsulta

268 1383 441 1438 neque
473 1366 782 1420 communia
812 1366 932 1420 iura
953 1371 1262 1420 tenuerunt.
1319 1367 1552 1421 Tantum
1583 1368 1810 1439 quisque
1831 1367 2019 1421 habuit
2042 1368 2097 1420 in

267 1464 479 1530 Sicilia,
520 1472 785 1537 quantum
830 1464 1064 1520 hominis
1097 1467 1401 1520 avarissimi
1448 1474 1502 1521 et
1539 1467 1967 1520 libidinosissimi
2003 1474 2096 1521 ant

267 1564 688 1637 imprudentiam
709 1555 1038 1635 subterfugit
1059 1572 1154 1619 aut
1175 1566 1412 1620 satietati
1434 1566 1718 1639 superfuit.
1761 1567 1864 1635 Qui
1888 1574 1904 1604 ¹
1935 1568 2097 1622 simul

265 1673 427 1738 atque
466 1666 515 1720 ei
557 1671 700 1720 sorte
733 1665 1010 1736 provincia
1050 1664 1234 1721 Sicilia
1273 1665 1524 1731 obvenit,
1577 1668 1762 1722 statim
1809 1667 2008 1722 Romae
2047 1675 2101 1723 et

265 1766 332 1821 ad
353 1765 549 1821 Urbem
564 1807 579 1830 ,
614 1770 904 1836 antequam
925 1765 1388 1836 proficisceretur,
1422 1766 1679 1838 quaerere
1708 1769 1821 1840 ipse
1843 1786 2025 1823 secum
2047 1776 2100 1824 et

263 1865 471 1937 agitare
521 1881 647 1920 cum
681 1865 795 1919 suis
829 1865 1033 1936 coepit,
1084 1865 1408 1936 quibusnam
1441 1867 1603 1922 rebus
1641 1868 1793 1923 inea
1827 1870 2101 1940 provincia
2148 1888 2150 1891 ·

266 1967 558 2021 maximam
610 1982 717 2020 uno
763 1982 902 2020 anno
947 1967 1232 2038 pecuniam
1286 1966 1460 2023 facere
1504 1960 1698 2040 posset.
1779 1970 1999 2026 Nolehat
2044 1973 2099 2026 in
2149 2004 2152 2005 ν

267 2066 473 2138 agendo
512 2066 748 2131 discere,
798 2067 1037 2141 (tametsi
1068 2082 1174 2122 non
1211 2055 1524 2140 provinciae*
1547 2069 1699 2124 rudis
1732 2077 1847 2125 erat
1879 2078 1933 2146 et
1973 2072 2100 2144 tiro)
2150 2119 2158 2138 2⁴

265 2167 358 2222 sed
404 2167 461 2221 in
508 2166 749 2222 Siciliam
794 2174 1017 2239 paratus
1057 2167 1125 2222 ad
1169 2167 1424 2239 praedam
1475 2168 1873 2241 meditatusque
1919 2173 2102 2227 venire

263 2267 530 2340 cupiebat.
615 2272 700 2322 18.
745 2266 786 2322 Ο
819 2267 1094 2340 praeclare
1127 2268 1432 2322 coniectum
1464 2284 1496 2322 a
1528 2268 1688 2339 vulgo
1715 2270 1770 2323 in
1789 2269 1951 2325 ·illam
1984 2290 2100 2344 pro·
2142 2278 2145 2284 “

264 2369 500 2423 vinciam
545 2383 702 2422 omen
741 2367 1046 2422 communis
1087 2366 1259 2422 famae
1297 2373 1459 2438 atque
1506 2369 1792 2422 sermonis!
1834 2387 2001 2442 quum
2036 2389 2100 2426 ex

265 2470 480 2524 nomine
508 2468 698 2533 istius,
738 2468 868 2540 quid
903 2469 959 2522 in
992 2468 1270 2540 provincia
1296 2466 1541 2548 facturus
1569 2476 1736 2534 esset,
1778 2472 2101 2541 perridicule

266 2570 509 2625 homines
536 2563 959 2641 augurabantur.
1020 2569 1237 2623 Etenim
1271 2569 1393 2640 quis
1421 2568 1668 2635 dubitare
1692 2578 1898 2642 posset,
1933 2591 2101 2644 quum
2151 2611 2153 2614 ι

266 2672 427 2726 istius
466 2671 523 2725 in
563 2677 854 2743 quaestura
887 2669 1071 2740 fugam
1105 2675 1159 2724 et
1199 2651 1877 2742 surtumsrecognoscerem
1930 2692 2097 2746 quum
2152 2715 2154 2718 ψ

267 2773 324 2827 in
369 2772 635 2843 legatione
673 2770 989 2843 oppidorum
1029 2769 1383 2842 fanorumque
1429 2769 1770 2842 spoliationes
1812 2777 2100 2846 cogitarct;

226 2916 229 2921 ,
272 2888 442 2943 quum
481 2871 689 2926 videret
739 2871 795 2924 in
835 2870 947 2924 l'oro
993 2870 1275 2924 latrocinia
1313 2878 1624 2942 praeturae;
1677 2874 1850 2945 qualis
1895 2877 1996 2930 iste
2044 2878 2097 2930 in
2134 2936 2142 2939 Α

269 2978 463 3044 quarto
495 2978 622 3028 actu
655 2970 1015 3044 improbitatis
1050 2969 1267 3026 futurus
1305 2978 1462 3025 esset.

346 3176 459 3230 VII.
544 3180 628 3230 19.
672 3176 849 3242 Quum
870 3181 891 3211 2
931 3191 1026 3245 ego
1061 3182 1313 3245 quaestor
1340 3176 1395 3228 in
1427 3175 1608 3251 Sicilia
1641 3174 1891 3242 fuissem,
1920 3180 2100 3251 itaque
2144 3194 2146 3196 ’

269 3292 336 3331 ex
376 3293 437 3330 ea
470 3276 745 3347 provincia
784 3275 1161 3339 decessissem,
1203 3282 1262 3360 ut
1298 3275 1494 3330 Siculis
1527 3276 1774 3331 omnibus
1809 3280 2096 3334 iucundam

335 3511 374 3569 ¹)
397 3509 443 3555 in
460 3514 635 3558 Verrem
654 3513 746 3556 Act.
769 3514 826 3558 ΙΙ.
845 3514 885 3556 L.
908 3514 961 3555 11.
983 3526 1015 3554 r.
1033 3513 1071 3554 6.
1093 3511 1115 3568 ᾗ
1137 3512 1204 3555 17.
1223 3536 1278 3546 --
1298 3513 1336 3571 2)
1352 3509 1535 3556 Divinat.
1553 3511 1602 3555 in‘
1620 3510 1852 3557 Caecilium
1873 3529 1906 3560 c.
1928 3518 1964 3559 1.
1982 3517 2005 3573 §
2025 3519 2065 3560 2.
