2210 3970
716 212 944 251 Annus
997 214 1043 251 υ.
1104 213 1150 249 c.
1211 198 1339 251 697.
1836 198 1947 249 695

127 343 514 417 quentissimus
548 349 606 398 ut
635 343 876 399 Ciceroni
904 342 1092 397 domus
1114 343 1168 396 in
1191 341 1423 405 Palatio,
1453 339 1608 395 villae
1648 339 1953 395 Tusculana

127 450 182 501 et
210 444 494 499 Formiana
526 444 596 519 [v.
619 444 685 499 ad
707 460 753 499 a.
772 448 897 499 696.
925 444 1036 517 17.]
1059 441 1269 515 publice
1290 442 1735 508 restituerentur,
1764 449 1816 497 et
1837 459 1954 515 por-

130 547 299 611 ticuS‚
346 561 507 618 quam
539 545 604 601 de
635 545 903 600 manubiis
936 543 1217 602 Cimbricis
1247 546 1320 614 [v.
1342 543 1407 597 ad
1429 561 1475 597 a.
1500 547 1625 598 655.
1649 545 1723 618 5.]
1757 543 1955 600 fecerat

138 645 379 702 Catulus·
422 663 490 701 vi.
526 663 571 701 c.
596 650 649 701 9.
699 649 762 700 21
797 663 910 718 sqq.

191 744 412 791 Plutarch.
440 746 524 791 Cic.
542 761 578 790 c.
597 749 670 790 33.
699 748 744 790 2.
780 748 853 792 ‘H
875 744 929 793 δὲ
956 747 1220 810 σύγκλητος
1251 769 1311 779 -
1348 742 1549 807 ἔγραψεν
1580 770 1641 779 -·
1680 745 1765 803 τήν
1794 747 1956 790 οἰκίαν

133 823 264 887 αὐτῷ
293 826 374 870 καὶ
405 825 492 877 τοὶς
523 821 780 882 ὅπαύλεις,
816 826 873 878 ἃς
895 824 1120 877 Κλώδιος
1149 824 1471 886 διεφθάρκει,
1509 823 1670 870 τέλεσι
1702 823 1960 883 δημοσίοις

43 951 46 957 ,
130 901 483 960 ἀνασταθῆναι.
517 891 627 948 'nio
652 917 810 949 xxxix.
843 922 879 949 c.
906 910 978 950 11.
1006 909 1047 950 1.
1080 903 1292 967 Κικέρων
1326 902 1412 964 μὲν
1445 898 1532 951 οὖν
1561 897 1714 955 αὖθις
1747 901 1961 963 ἀνεβλά-

133 998 306 1039 στανε,
343 984 424 1028 καί
459 980 545 1040 τήν
573 998 623 1028 τε
652 981 799 1041 ἄλλην
829 982 1005 1029 οὐσίαν
1034 987 1116 1031 καὶ
1150 984 1206 1031 τὸ
1238 983 1418 1043 ἔδαφος
1451 987 1534 1042 τῆς
1565 986 1724 1036 οἰκίας
1745 1017 1758 1038 ,
1791 986 1958 1028 καίτοι

135 1065 191 1122 τῇ
237 1062 528 1125 Ἐλευθερία
557 1060 833 1123 ἀνειμένον,
868 1065 948 1108 καὶ
974 1067 1060 1110 τοῦ
1089 1065 1316 1110 Κλωδίου
1347 1068 1428 1112 καὶ
1461 1063 1844 1115 .ἒπιθειάζοντος
1878 1063 1960 1107 καὶ

134 1138 184 1194 ὃς
215 1138 455 1202 ὃνθυμίαν
491 1142 623 1204 αὐτῷ
656 1141 1042 1204 προβάλλοντος,
1075 1141 1366 1204 ἐκομίσατο.
1402 1145 1486 1204 τήν
1518 1142 1604 1207 γάρ
1633 1141 1845 1203 ἑσφοράν
1870 1144 1956 1187 τοῦ

131 1224 489 1283 φρατριατικοῦ
518 1223 686 1282 νόμου,
720 1228 830 1285 παρ’
862 1221 916 1281 ἤν
948 1220 1003 1266 ἐκ
1036 1223 1130 1268 τῶν
1153 1223 1462 1285 εὐπατριδῶν
1489 1221 1539 1275 ἐς
1565 1223 1621 1268 τὸ
1641 1224 1831 1279 πλῆθος
1854 1220 1966 1267 ἒπε-

135 1301 342 1358 ποίητο,
386 1297 666 1360 διαβάλλων
710 1300 774 1355 ὡς
818 1302 908 1348 οὐκ
946 1299 998 1347 ἓν
1047 1309 1148 1354 τοῖς
1182 1300 1469 1365 ὡρισμένοις
1518 1299 1571 1346 ἐκ
1612 1301 1703 1346 τῶν
1745 1303 1962 1362 πατρίων

53 1385 56 1390 ’
136 1378 337 1440 χρόνοις
364 1375 652 1433 ἔκτεθέντος
678 1381 861 1437 αὐτοῦ,
896 1379 981 1439 τήν
1017 1398 1066 1426 τε
1094 1380 1364 1443 δημαρχίαν
1402 1384 1488 1427 τοῦ
1519 1379 1747 1424 Κλωδίου
1771 1382 1960 1431 πᾶσαν,

136 1456 188 1505 ἓν
226 1450 254 1519 ᾖ
289 1461 370 1505 καὶ
406 1462 463 1506 τά
501 1461 621 1506 κατὰ
661 1460 745 1519 τήν
780 1465 940 1508 οὶκίαν
979 1459 1239 1518 ἐδέδοκτο,
1285 1460 1514 1516 κατέλυε,
1552 1458 1699 1523 λέγων
1728 1454 1823 1515 οὐχ
1854 1449 1964 1504 οἶόν

137 1554 188 1585 τε
211 1532 364 1595 εἶναι,
399 1542 482 1597 τῆς
513 1541 856 1599 μεταστάσεως
885 1542 1040 1592 αὐτοῦ
1070 1544 1153 1598 τῆς
1182 1538 1231 1593 ἐς
1261 1540 1343 1587 τὸν
1376 1541 1551 1600 ὅμιλον
1581 1541 1862 1600 παρανόμως
1888 1555 1967 1601 γε-

140 1616 418 1684 γενημένης,
443 1616 575 1682 ὑγιές
594 1636 641 1683 τι
673 1620 765 1665 τῶν
788 1621 839 1667 ἐν
866 1621 990 1681 αὐτῇ
1010 1620 1327 1683 πραχθέντων
1344 1621 1660 1681 νομίζεσθαι,
1686 1622 1769 1665 καὶ
1800 1619 1963 1666 ἔπεισε

141 1695 228 1744 διὰ
265 1698 443 1743 τούτου
473 1697 590 1749 τούς
621 1702 914 1758 ποντίφικας
947 1701 1001 1746 τὸ
1033 1700 1211 1759 ἔδαφος
1243 1702 1290 1747 οἱ
1327 1699 1390 1753 ὡς
1431 1702 1512 1745 καὶ
1543 1700 1683 1747 ὅσιον
1708 1703 1789 1745 καὶ
1821 1698 1969 1760 βέβη-

138 1777 222 1824 λον
255 1775 312 1823 ὃν
340 1774 640 1825 ἀποδοῦναι.
676 1782 757 1824 καὶ
784 1778 915 1827 οὕτω
949 1783 1030 1826 καὶ
1061 1777 1218 1825 ἐκεῖνο
1249 1782 1328 1826 καὶ
1363 1780 1586 1842 χρήματα
1612 1779 1659 1832 ἐς
1692 1797 1742 1826 τε
1776 1779 1855 1837 τήν
1880 1781 1963 1836 τῆς

139 1858 299 1910 οἰκίας
325 1858 645 1917 κατασκευήν,
684 1861 766 1905 καὶ
791 1861 837 1906 εἰ
862 1858 922 1918 δή
946 1877 993 1905 τι
1013 1858 1133 1907 ἄλλο
1159 1864 1242 1919 τῆς
1267 1861 1440 1914 οὐσίας
1464 1860 1618 1908 αὐτοῦ
1644 1857 1962 1920 helimam,

144 1932 331 1998 ἔλαβεν.

207 2065 302 2142 (¹⁵)
346 2066 425 2122 Ab
463 2066 562 2124 hoc
604 2066 728 2122 inde
763 2074 1002 2139 tempore
1041 2068 1224 2123 Cicero
1259 2068 1482 2124 alterius
1521 2070 1662 2123 vitae
1702 2067 1968 2140 quoddam

138 2168 356 2224 initium
393 2167 630 2233 orditur,
671 2174 723 2222 et
763 2185 918 2224 omne
960 2167 1069 2223 fere
1114 2175 1327 2241 tempus
1364 2170 1430 2224 ad
1446 2169 1645 2243 ⁵studia
1686 2167 1966 2225 recolenda

138 2268 323 2323 sumit.
369 2285 436 2323 vi.
479 2286 525 2324 c.
555 2272 641 2323 12.
681 2272 750 2322 28
779 2285 892 2341 sqq.

217 2407 305 2484 (¹⁰)
347 2407 559 2463 Caesari
602 2415 819 2481 propter
867 2427 980 2465 rem
1029 2412 1083 2465 in
1129 2410 1297 2466 Gallia
1351 2410 1579 2466 feliciter
1615 2416 1847 2482 gestam,
1907 2426 1971 2464 ex

141 2501 406 2564 sententia
443 2506 712 2564 Ciceronis
734 2552 749 2572 ,
809 2510 1127 2582 supplicatio
1165 2510 1475 2567 decernitur
1512 2510 1825 2583 quindecim
1861 2510 1969 2565 die·

143 2626 287 2668 rum.
328 2626 416 2664 vn.
451 2626 500 2666 c.
529 2613 616 2665 45.
658 2613 785 2669 112.

205 2709 290 2755 cio.
314 2724 393 2769 pro
420 2707 550 2754 Balbo
573 2724 610 2754 c.
628 2711 701 2753 27.
732 2713 803 2754 61.
841 2711 884 2754 G.
907 2711 1134 2755 Caesarem
1154 2720 1337 2757 senatus
1361 2720 1405 2756 et
1418 2728 1575 2773 genere
1595 2711 1971 2772 supplicationum

144 2786 421 2848 amplissimo
462 2785 642 2831 ornavit
672 2793 715 2829 et
748 2803 926 2831 numero
956 2787 1140 2832 dierum.
1172 2815 1232 2822 —-
1266 2792 1435 2832 Harum
1467 2804 1545 2850 ego
1577 2790 1899 2833 sententiarum
1924 2796 1969 2832 et

140 2865 352 2927 princeps
389 2871 433 2908 et
464 2870 620 2908 auctor
641 2863 739 2922 sui.
802 2864 856 2909 de
886 2865 1073 2926 provinc.
1107 2881 1227 2911 cons.
1256 2882 1291 2909 c.
1312 2869 1384 2910 10.
1417 2869 1490 2910 25.
1528 2868 1612 2909 Vos
1639 2867 1753 2909 enim
1782 2867 1967 2923 (Patres

151 2942 418 3003 Gon-scripti)
456 2943 500 2988 G.
538 2943 717 2986 Caesari
747 2943 1096 3003 supplicationes
1133 2944 1420 3000 decrevistis-,-
1461 2960 1670 3000 numero,
1718 2950 1771 2987 ut
1801 2942 1967 2986 nemini

148 3036 235 3066 uno
258 3037 313 3064 ει·
340 3020 478 3065 bello:
513 3021 694 3076 honore,
727 3029 779 3065 ut
810 3022 983 3065 omnino
1013 3023 1190 3067 nemini.
1255 3039 1291 3067 c.
1311 3026 1385 3066 16.
1417 3026 1489 3067 38.
1516 3027 1613 3083 Ego
1635 3037 1709 3065 vos
1737 3020 1967 3080 intelligo.

149 3098 310 3155 P.-c.‚
332 3097 497 3144 multos
540 3098 780 3144 decrevisse
814 3099 994 3143 honores
1025 3101 1211 3144 eximios
1242 3102 1285 3146 C.
1319 3102 1498 3144 Caesari
1540 3109 1584 3145 et
1606 3116 1749 3160 prope
1771 3099 1971 3161 singula·

147 3190 232 3221 ree.
266 3201 326 3210 -
363 3178 406 3221 C.
425 3176 574 3221 Iulius
601 3177 800 3221 omm'bus
832 3194 860 3221 a
880 3185 1038 3222 senatu
1070 3179 1250 3222 eximiis
1281 3195 1332 3221 ac
1354 3179 1477 3222 novis
1503 3180 1633 3224 rebus
1659 3187 1857 3225 ornatus.
1920 3179 1968 3222 in

151 3251 285 3298 Pison.
317 3269 352 3301 c.
383 3257 456 3299 25.
481 3256 554 3298 59.
608 3254 729 3312 Quid
752 3262 847 3311 est,
901 3257 1085 3312 Caesar,
1130 3257 1248 3317 quod
1278 3264 1321 3300 te
1352 3256 1700 3317 supplicationes
1731 3259 1863 3301 toties
1897 3256 1969 3301 de·

151 3337 294 3374 cretae
315 3337 382 3376 tot
399 3331 567 3376 dierum
591 3339 716 3376 tanto
735 3349 860 3393 opere
883 3333 1136 3378 delectent?
1201 3339 1352 3380 Caesar
1373 3339 1419 3379 B.
1438 3339 1492 3381 G.
1509 3349 1558 3381 11.
1579 3353 1615 3381 c.
1630 3341 1702 3381 35.
1737 3338 1821 3379 His
1837 3335 1967 3380 rebus

149 3407 290 3465 gestis
331 3409 449 3453 onim:
489 3409 639 3453 Gallia
665 3417 831 3470 pacata
862 3438 920 3446 —-
955 3412 1200 3473 legionibus
1232 3416 1279 3459 in
1313 3415 1494 3460 hiberna
1523 3415 1724 3460 deductis
1742 3447 1755 3471 ,
1797 3415 1846 3458 in
1873 3415 1967 3458 lta-

152 3479 256 3528 liam
274 3485 510 3546 profectus
538 3496 616 3533 esc.
684 3489 747 3533 Ob
780 3506 939 3551 easque
971 3507 1065 3549 res,
1100 3509 1153 3536 ea:
1187 3492 1353 3538 litteris
1381 3496 1581 3539 Caesaris
1598 3528 1610 3551 ,
1644 3493 1738 3539 dies
1765 3507 1827 3538 xv
1860 3509 1965 3553 sup-
