2210 3970
222 222 328 274 576
684 231 1012 270 ANNALES
1066 231 1578 271 οΙοΕΒοΝιΑΝι.

218 365 458 425 Pompeius
495 377 631 425 quum
668 361 812 406 adhuc
854 375 986 422 eques
1017 369 1158 418 esset,
1204 377 1305 406 cum
1346 362 1532 422 imperio
1573 360 1801 408 consulari
1840 363 2052 409 adversus

219 443 467 488 Sertorium
492 442 658 485 missus
683 446 765 484 est.
828 438 1012 500 Appian.
1038 443 1085 484 B.
1102 442 1146 484 C.
1174 451 1205 483 Ι.
1236 455 1276 484 c.
1293 443 1396 486 108.
1425 440 1658 485 Σύλλαὸ’
1679 438 2048 498 ἀποθανόντος,

220 523 303 568 καὶ
345 519 568 566 Λεπίδου
613 518 733 579 μετὰ
775 518 1007 574 Σύλλαν,
1061 517 1268 579 στρατὸν
1318 515 1439 575 έχων
1483 517 1536 575 (ὁ
1558 518 1856 582 Σερτώριος)
1903 519 2051 566 ἄλλον

218 600 448 657 Ἰταλῶν,
491 600 608 646 ὅσον
644 597 777 645 αύτῶ
806 596 1084 662 Περπέννας
1126 596 1152 643 o‘
1184 602 1272 644 τοῦ
1301 597 1518 644 Λεπίδου
1548 599 1812 662 στρατηγὸς
1848 599 2046 663 ἢγαγεν,

218 672 498 731 ἐπίδοξος5
471 697 528 739 ην
558 680 878 741 στρατεύσειν
903 676 986 724 ἐπὶ
1021 678 1106 737 τήν
1137 680 1377 724 Ἰταλίαν·
1408 681 1454 724 εἰ
1486 678 1552 739 μή
1582 678 1788 725 δείσασα
1819 678 1846 737 ἢ
1872 678 2050 739 βουλή,

216 760 428 821 στρατόν
461 775 512 805 τε
545 757 693 804 ἄλλον
725 760 807 803 καὶ
836 756 1102 820 στρατηγὸν
1133 755 1298 820 ἕτερον
1329 756 1412 804 ἐπὶ
1446 759 1512 820 τῷ
1543 758 1760 821 προτέρῳ
1791 758 2052 819 Πομπήιον

218 837 429 900 ἔπεμψεν
465 836 793 898 ἒς”Ιβηρίαν,
838 835 947 883 νέον
989 834 1076 896 μέν
1112 835 1188 884 ἔτι
1223 837 1343 884 ὄντα
1366 872 1379 893 ,
1424 841 1665 900 περιφανῆ
1705 838 1751 883 δ’
1784 836 1835 889 ἐξ
1868 826 1934 882 ὧν
1971 838 2054 883 ἐπὶ.

215 921 391 965 Σύλλα
416 920 527 979 περί
557 932 608 961 τε
639 913 772 974 Λιβύ
780 931 834 973 ην
868 913 1004 960 καὶ’
982 932 1034 959 εν
1064 915 1190 974 αὐτῇ
1217 918 1414 963 Ἰταλία
1438 919 1767 981 κατείργαστο.
1829 914 2051 961 Plutarch.

215 1030 448 1139 Μετέλλῳ
479 1026 767 1134 πέμφθῆναι
790 1071 1010 1133 βοηθός·
1044 1100 1104 1108 -
1138 1071 1227 1128 ἕως
1253 1074 1438 1121 ἔδωκαν
1463 1074 1597 1137 αὐτῷ
1623 1074 1706 1133 τήν
1731 1073 1908 1136 ἀρχήν,
1933 1075 2051 1118 Λευ-

216 1159 325 1202 κίου
368 1156 621 1201 Φιλίππου
663 1152 853 1217 γνώμην
883 1155 1124 1206 εἰπόντος.
1205 1157 1324 1202 ⁰01⁸
1353 1158 1435 1202 καί
1476 1171 1656 1213 φασιν,
1707 1152 1760 1200 ἓν
1805 1151 2053 1217 συγκλήτῳ

214 1234 496 1296 πυθομένου
529 1251 662 1286 τινος
692 1238 778 1280 καὶ
808 1234 1173 1297 θαυμάζοντος,
1205 1238 1252 1282 εἰ
1281 1236 1543 1298 Πομπήιον
1572 1234 1862 1283 ἀνθύπατον
1895 1226 2051 1279 οἴεται

195 1315 321 1360 δεῖν
365 1299 709 1374 ἐκπεμφθῆναι
745 1314 1014 1371 Φίλιππος,
1058 1314 1195 1360 »Οὐκ
1240 1313 1407 1379 ἔγωγε,
1455 1315 1607 1373 φάναι
1647 1312 1731 1360 τόν
1770 1316 2049 1369 Φίλιππον,

217 1393 323 1439 ἀλλ’
360 1392 473 1439 ἀνθ’
509 1391 741 1440 ὗπάτων”
776 1390 841 1446 ὣς
869 1392 1171 1456 ἀμφοτέρους
1204 1395 1323 1446 τούς
1353 1395 1468 1440 τότε
1499 1393 1829 1446 ὑπατεύοντας
1853 1390 2052 1444 οὐδενὸς

218 1474 384 1527 ἀξίους
415 1473 577 1526 ὄντας.
621 1472 938 1536 Cous-Appian.
957 1474 1070 1519 Iber.
1103 1490 1140 1518 c.
1159 1476 1262 1518 101.
1325 1473 1404 1518 Dio
1419 1485 1580 1519 xxxvr.
1609 1488 1646 1518 c.
1667 1477 1708 1518 8.
1743 1477 1815 1518 10.
1865 1472 2055 1518 Velleius

216 1567 272 1600 11.
301 1557 432 1599 (229.
464 1557 538 1599 30.
577 1552 688 1599 Plin.
716 1555 1094 1598 1LN.v11.c.27.
1122 1551 1264 1597 Valer.
1292 1554 1397 1598 Μαι.
1425 1555 1688 1598 V111.e.15.
1717 1554 1849 1597 8.11.
1882 1567 1919 1596 c.
1936 1555 1980 1598 3.
2010 1555 2051 1595 7.

215 1630 328 1676 Flor.
359 1644 429 1676 111.
463 1646 500 1676 c.
518 1633 591 1674 22.
640 1630 815 1675 Orosius
849 1644 894 1676 v.
912 1646 947 1675 c.
971 1633 1044 1675 23.
1093 1629 1243 1677 Aurel.
1271 1628 1422 1675 Victor
1451 1628 1506 1674 de
1537 1629 1628 1677 Vir.
1659 1628 1724 1675 ill.
1756 1645 1791 1675 c.
1811 1632 1884 1674 77.
1916 1630 1979 1688 [v.
1995 1628 2050 1674 ad

212 1724 250 1755 a.
280 1712 383 1756 679.
418 1713 461 1755 6.
493 1716 538 1754 et
571 1689 674 1768 882.
709 1705 776 1768 1.]

981 1862 1302 1887 *xm

501 1987 758 2043 ANNUS
798 1985 1052 2075 ‘VITAE
1102 1982 1526 2040 CICERONIS
1579 1984 1766 2039 XXXI.

210 2156 250 2183 a.
268 2142 316 2184 U.
335 2143 379 2184 G.
773 2145 888 2186 Coss,
923 2143 999 2185 CN.
1033 2141 1297 2199 OCTAVIUS.
1886 2155 1923 2183 a.
1940 2141 1990 2182 A.
2009 2142 2054 2184 C.

251 2233 362 2278 678.
931 2237 974 2276 C.
1009 2235 1301 2278 SCRIBONIUS
1333 2233 1502 2275 cumo,
1932 2231 2008 2276 76.

291 2362 356 2437 (¹)
396 2363 581 2421 Cicero
616 2381 836 2420 caussas
872 2364 1175 2437 complures
1211 2364 1269 2418 in
1305 2361 1420 2419 foro
1452 2363 1594 2434 agit3
1627 2363 1682 2417 in
1710 2363 1901 2435 primis
1932 2380 2046 2419 ora-

213 2464 415 2518 tionem
447 2463 608 2518 habet
640 2481 738 2535 pro
778 2465 836 2528 Q.
878 2465 1066 2519 Roscio
1099 2464 1364 2520 Comoedo.
1404 2481 1460 2517 11.
1497 2479 1544 2517 c.
1586 2466 1705 2517 1.2.

275 2563 499 2609 Fabricius
541 2564 650 2608 nist.
683 2563 815 2608 Cicer.
848 2563 903 2610 ad
941 2564 1018 2609 hos
1047 2579 1149 2609 coss.
1187 2580 1228 2625 p.
1260 2565 1334 2608 29.
1365 2565 1445 2607 On.
1490 2565 1583 2607 »Iu
1619 2563 1777 2607 caussis
1809 2563 1861 2608 iis
1879 2596 1894 2621 ,
1940 2579 2047 2626 quas

211 2642 357 2687 Cicero
387 2657 437 2686 ex
470 2641 569 2685 Asia
600 2657 794 2687 reversus
826 2651 929 2688 ante
955 2650 1237 2706 quaesturam
1266 2639 1381 2702 egit,
1413 2654 1596 2684 numero
1621 2640 1860 2686 orationem
1886 2657 1963 2702 pro
1994 2645 2046 2700 Q.

214 2719 365 2765 Roscio
388 2719 617 2776 Comoedo‚
648 2719 694 2764 id
709 2721 825 2783 quod
841 2721 1056 2784 proposita
1078 2718 1390 2766 constitutione
1412 2731 1586 2763 caussae
1601 2718 1786 2780 planum
1801 2716 1971 2764 faciam.
1987 2746 2047 2754 -

215 2797 430 2844 Corradus
457 2800 655 2858 [Quaest.
671 2815 712 2860 p.
732 2800 806 2845 50.
827 2803 962 2860 Eum]
990 2800 1242 2846 Ciceronem
1258 2796 1589 2862 hanccaussam
1603 2795 1738 2857 egisse
1758 2798 1835 2840 Cn.
1852 2797 2049 2859 Pompeio

212 2884 259 2922 et
284 2881 338 2922 Μ.
356 2880 500 2923 Crasso
515 2892 615 2922 coss.
633 2893 746 2922 anno
762 2886 858 2940 post
874 2877 993 2923 hunc
1008 2886 1126 2924 sexto
1154 2879 1218 2937 [a.
1235 2878 1283 2921 U.
1301 2876 1344 2920 C.
1363 2875 1492 2932 684]
1513 2872 1615 2917 inde
1632 2880 1784 2934 putat,
1811 2873 1926 2936 quod
1943 2882 2045 2919 tum

213 2959 262 3002 C.
290 2957 384 3001 Piso
409 2963 579 3017 praetor
600 2953 762 3002 fuerit.-
793 2956 866 3002 sed
889 2955 1088 3013 fallitur,
1110 2955 1189 3019 qui
1217 2969 1267 2998 ex
1292 2950 1436 2996 indice
1461 2949 1630 3011 privato
1657 2960 1899 3020 praetorem
1926 2952 2042 2998 facit.

208 3034 449 3080 Falluntur
478 3050 652 3096 quoque
686 3034 783 3092 illi,
826 3035 905 3098 qui
937 3035 1149 3082 Roscium
1181 3029 1444 3077 Comoedum
1473 3038 1576 3075 ante
1604 3031 1867 3076 Amerinum
1898 3031 2043 3076 defen·

209 3128 310 3159 sum
350 3112 452 3159 inde
490 3119 651 3173 putant
666 3145 681 3169 ‚
718 3112 962 3174 quod'post
995 3110 1193 3159 Amerini
1217 3107 1528 3157 defensionem
1559 3110 1704 3157 Cicero
1738 3109 1785 3153 in
1818 3109 2039 3154 Graeciam

207 3191 361 3236 statim
386 3189 521 3236 fuerit
536 3187 765 3251 profectus.
824 3194 918 3236 Hoc
939 3199 1132 3253 tempore
1154 3194 1210 3248 Q.
1238 3189 1442 3235 Roscium
1467 3188 1599 3235 fuisse
1623 3187 1846 3234 defensum
1870 3203 1919 3231 ex
1947 3203 2042 3231 ora·

209 3269 329 3314 tione
358 3269 651 3331 cognoscitur:
680 3269 730 3314 in
753 3283 844 3330 qua
861 3268 1068 3314 Roscium
1098 3267 1279 3314 Sullano
1306 3275 1502 3329 tempore
1526 3283 1632 3313 cum
1659 3265 1806 3312 Flavio
1834 3265 2042 3311 decidisse

209 3354 255 3394 et
277 3346 581 3408 quadriennio
626 3353 721 3408 post
749 3361 946 3393 caussam
975 3354 1122 3391 actam
1151 3362 1243 3393 esse
1273 3355 1421 3409 aperte
1448 3346 1737 3409 significatur.
1776 3360 1865 3404 cap.
1897 3347 1955 3388 12
1996 3352 2041 3389 et

210 3426 313 3471 133²
386 3424 605 3470 Ferratius
643 3432 702 3471 et.
720 3423 979 3470 Garatonius
1010 3423 1207 3470 referunt
1242 3425 1298 3470 ad
1329 3442 1497 3472 annum
1527 3423 1882 3487 praecedentem3
1923 3422 2039 3484 quod

209 3503 373 3550 Orellio
398 3503 559 3549 rectius
584 3501 773 3549 videtur.
808 3529 866 3538 --
898 3505 959 3548 De
985 3502 1136 3550 Roscio
1160 3502 1238 3549 cfr.
1272 3504 1327 3550 ad
1353 3521 1390 3551 a.
1416 3507 1519 3550 678.
1551 3507 1593 3548 5.
1621 3511 1669 3548 et
1695 3503 1798 3547 692.
1834 3504 1906 3547 10.
