2158 4030
470 224 524 279 L.
549 223 612 278 11.
649 241 699 276 c.
727 222 785 275 ν.
828 222 867 294 5
899 226 962 276 15
1004 252 1078 261 -
1117 240 1162 275 «ι.
1194 222 1274 277 νι.
1318 223 1467 295 §16.
1817 231 1880 279 61

65 375 390 447 periculosa,
443 391 579 448 quae
625 390 729 428 non
777 373 933 427 modo
981 372 1207 436 Romae,
1261 373 1351 427 sed
1400 381 1452 427 et
1491 373 1629 444 apud
1677 383 1887 428 exteras

64 476 305 530 nationes
337 475 578 530 omnium
607 490 848 529 sermone
875 472 1311 545 percrebruerat,
1354 473 1437 526 bis
1467 473 1709 538 iudiciis,
1751 492 1886 544 quae

63 582 194 630 tunc
234 582 435 640 essent,
476 576 825 648 pecuniosum
868 574 1168 638 hominem,
1210 575 1455 645 quamvis
1487 581 1629 628 esset
1663 591 1887 640 nocens,

64 676 331 732 neminem
365 693 518 748 posse
551 676 812 731 damnari.

141 876 228 932 VI.
312 882 397 931 15.
443 875 594 932 Tunc
628 878 825 948 igitur,
866 877 919 931 in
956 878 1068 949 ipso
1095 877 1410 932 discrimine
1437 878 1640 932 ordinis
1669 877 1890 932 iudicio·

64 993 293 1049 rumque
343 994 511 1050 quum
558 985 737 1033 essent
782 979 985 1051 parati,
1037 978 1130 1049 qui
1184 978 1533 1032 concionibus
1583 986 1638 1033 et
1684 978 1891 1049 legibus

65 1077 202 1133 banc
253 1079 511 1135 invidiam
571 1086 790 1135 senatus
843 1079 1180 1134 inflammare
1231 1086 1590 1143 conarentur,
1650 1095 1775 1134 rcus
1835 1081 1889 1134 in

67 1178 327 1234 iudicium
362 1178 626 1235 adductus
654 1186 736 1234 cst
775 1180 828 1234 C.
867 1179 1130 1243 VerreS,
1182 1178 1338 1233 bomo
1371 1181 1480 1233 vita
1527 1187 1688 1251 atquc
1735 1179 1891 1235 lactis

62 1280 303 1334 omnium
348 1280 455 1334 iam
508 1279 755 1350 opinione
801 1277 1117 1342 damnatus,
1170 1280 1427 1349 pecuniae
1480 1281 1889 1349 magnitudine,

62 1394 159 1433 sua
192 1394 285 1451 spe
313 1394 379 1432 ac
412 1377 808 1450 praedicatione
841 1376 1135 1431 absolutus.
1216 1378 1352 1432 Huic
1379 1395 1477 1449 ego
1510 1396 1731 1434 caussae
1764 1398 1888 1435 cum

59 1495 271 1534 summa
322 1478 596 1534 voluntate
655 1485 710 1534 et
768 1479 1163 1551 exspectatione
1216 1479 1395 1551 populi
1458 1481 1681 1536 Romani
1741 1490 1892 1536 actor

62 1581 292 1646 accessi,
329 1596 438 1635 non
467 1586 527 1636 ut
554 1595 812 1652 augerem
846 1579 1104 1635 invidiam
1138 1580 1372 1646 ordinis,
1412 1582 1504 1636 scd
1540 1590 1600 1637 ut
1641 1582 1892 1639 infamiae

18 1715 34 1718 ψ
61 1681 334 1738 communi
373 1671 763 1736 succurrercmss
862 1679 1075 1735 Adduxi
1128 1683 1272 1737 enim
1327 1682 1628 1749 bominem,
1689 1686 1741 1738 in
1784 1702 1891 1757 quo

63 1781 268 1838 iudices
300 1781 666 1839 reconciliare
718 1781 1172 1838 existimationem
1226 1784 1551 1839 iudiciorum
1605 1786 1890 1852 amissam,

62 1883 238 1940 redire
278 1884 334 1940 in
373 1883 604 1956 gratiam
644 1899 768 1938 cum
808 1883 1001 1956 populo
1041 1884 1308 1951 Romano,
1350 1886 1661 1942 satisfacere
1693 1889 1894 1942 exteris

62 1983 368 2040 nationibus
398 1991 642 2057 possent:
680 1985 1109 2057 depeculatorem
1137 1988 1361 2053 aerarii,
1402 1996 1708 2043 vexatorem
1737 1990 1895 2045 Asiae

61 2091 222 2158 atque
267 2085 641 2160 Pamphyliae,
693 2086 1014 2159 praedonem
1062 2088 1198 2141 iuris
1237 2088 1460 2154 urbani,
1513 2089 1685 2145 labem
1730 2098 1893 2162 atquc

62 2184 354 2258 perniciem
381 2186 686 2257 provinciae
722 2184 951 2240 Siciliae.
1036 2190 1120 2241 16.
1163 2187 1328 2241 Cuius
1350 2194 1387 2253 ¹,
1415 2196 1475 2243 ut
1503 2188 1891 2245 adolescentiae

63 2284 302 2340 maculas
359 2286 788 2358 ignominiasque
853 2294 1185 2358 praeteream
1208 2330 1222 2352 ,
1290 2296 1579 2359 quaestura
1602 2333 1616 2354 ‚
1682 2291 1892 2362 primus

62 2385 263 2456 gradus
294 2384 546 2451 honoriS,
585 2386 715 2458 quid
749 2387 893 2441 aliud
927 2386 1116 2441 habuit
1149 2388 1202 2440 in
1232 2404 1317 2452 se,
1353 2389 1455 2442 nisi
1484 2390 1576 2444 Cn.
1599 2390 1891 2447 Carbonem

61 2486 348 2559 spoliatum
394 2502 426 2540 a
471 2492 753 2558 quaestore
799 2503 896 2540 suo
940 2489 1170 2560 pecunia
1209 2487 1460 2560 publica?
1515 2490 1778 2547 nudatum
1838 2501 1892 2547 et

61 2585 332 2660 proditum
365 2585 676 2642 consulem?
719 2586 993 2642 desertum
1020 2589 1358 2643 exercitum?
1402 2590 1644 2646 relictam
1680 2594 1891 2665 provin-

38 2685 236 2762 Kciam?
273 2686 434 2740 sortis
463 2687 914 2742 necessitudinem
955 2687 1376 2760 religionemque
1410 2690 1691 2747 violatam?
1734 2694 1892 2749 cuius

61 2786 255 2859 legatio
280 2788 507 2843 exitium
542 2787 645 2842 fuit
684 2789 841 2844 Asiae
884 2790 1050 2844 totius
1090 2797 1143 2844 et
1178 2790 1549 2865 Pamphyliae:
1603 2794 1800 2865 quibus
1835 2798 1889 2851 in

19 2951 22 2954 ¹
63 2887 350 2959 provinciis
394 2887 593 2942 multas
638 2888 850 2954 domos,
891 2889 1151 2961 plurimas
1195 2890 1380 2956 urbeS,
1429 2894 1608 2947 omnia
1642 2893 1763 2950 sana
1803 2896 1890 2951 de·

11 3059 19 3062 -
65 2987 341 3060 peculatus
379 2995 490 3053 est,
542 3006 711 3060 quum
751 2991 806 3044 in
853 2990 945 3044 Cn.
982 2990 1303 3045 Dolabellam
1345 2992 1520 3046 scelus
1553 3010 1713 3048 suum
1759 2995 1890 3051 illud

42 3088 352 3159 pristinum
385 3090 661 3143 renovavit
690 3096 742 3144 et
770 3091 1092 3145 instauravit
1112 3093 1505 3163 quaestorium:
1535 3111 1702 3164 quum
1735 3113 1858 3151 eum
1876 3141 1890 3161 ‚

63 3189 151 3242 cui
197 3188 405 3259 legatus
444 3194 498 3243 et
543 3206 638 3261 pro
678 3197 958 3261 quaestore
1000 3191 1222 3257 fuisset,
1277 3202 1329 3247 et
1377 3195 1430 3246 in
1474 3195 1730 3249 invidiam
1778 3200 1891 3251 suis

31 3308 42 3324 ··
64 3288 341 3344 maleficiis
380 3289 604 3345 adduxit
637 3298 690 3346 et
725 3293 778 3346 in
820 3293 950 3365 ipsis
984 3294 1238 3366 periculis
1280 3311 1382 3348 non
1418 3295 1588 3352 solum
1623 3298 1854 3355 deseruit
1876 3343 1889 3362 ,

127 3524 164 3579 ¹)
197 3519 308 3566 lbid.
335 3537 370 3567 c.
391 3523 428 3564 4.
465 3521 578 3576 §it
