2150 3990
27 3164 35 3225 ᾧ

491 236 542 288 L.
569 235 629 288 v.
673 253 716 288 e.
743 233 876 289 x1v.
918 231 958 305 ς
984 236 1052 285 55
1093 261 1167 270 —
1206 248 1250 283 c.
1277 231 1384 284 xv.
1429 231 1468 304 5
1494 237 1580 286 55.
1851 238 1953 286 255

137 404 277 444 nere.
358 387 673 442 Senectuti¹
717 387 859 440 enim
905 381 1250 439 celebrandae
1290 388 1343 436 et
1382 382 1651 437 ornandae
1688 382 1829 454 quod
1871 383 1959 436 ho-

137 489 343 544 nestius
388 493 560 559 potest
601 503 717 541 esse
756 483 1061 558 perfugium
1082 524 1097 548 ‚
1154 497 1317 554 quam
1370 482 1506 536 iuris
1545 482 1958 554 interpretatio?

135 591 223 643 54.
264 586 527 660 Equidem
567 587 702 642 mihi
743 586 842 642 hoc
870 584 1171 641 subsidium
1204 583 1313 638 iam
1347 582 1471 637 inde
1504 582 1571 637 ab
1603 581 1961 638 adolescentia

135 687 469 761 comparavi,
510 704 616 741 non
650 687 823 743 solum
855 687 923 742 ad
961 701 1275 742 caussarum
1308 700 1469 740 usum
1503 682 1795 739 sorensium
1818 724 1832 748 ,
1871 684 1964 739 sed

134 789 298 844 etiam
337 786 405 842 ad
443 785 607 842 decus
649 794 809 860 atque
856 791 1232 843 ornamentum
1277 784 1572 839 senectutis
1594 825 1608 848 ,
1660 789 1756 849 ut,
1795 800 1963 855 quum

134 904 221 942 me
272 887 414 942 vires
459 885 687 942 deficere
739 888 1074 960 coepissent,
1132 886 1236 940 ista
1286 884 1353 939 ab
1403 883 1694 939 solitudine
1743 882 1963 938 domum

136 1003 311 1043 meam
343 986 693 1042 vindicarem.
773 986 914 1055 Quid
952 992 1035 1042 est
1074 986 1219 1042 enim
1260 984 1591 1057 praeclarius
1610 1026 1626 1049 ,
1677 1000 1841 1056 quam
1875 983 1965 1039 ho·

137 1086 357 1147 norihus
389 1093 444 1142 et
481 1086 806 1159 reipublicae
852 1086 1170 1143 muneribus
1206 1084 1552 1166 perfunctum
1591 1101 1775 1140 senem
1814 1101 1968 1157 posse

135 1204 232 1243 suo
265 1187 384 1242 iure
409 1186 588 1243 dicere
615 1187 788 1252 idem,
828 1187 969 1259 quod
1001 1187 1144 1260 apud
1176 1188 1415 1243 Ennium
1445 1186 1591 1241 dicat
1622 1185 1711 1241 ille
1738 1185 1968 1259 Pythius

136 1287 355 1361 Apollo,
406 1304 464 1343 se
508 1304 625 1343 esse
664 1304 788 1342 eum
810 1328 826 1352 ,
876 1287 1021 1342 unde
1059 1287 1193 1353 sibi,
1230 1289 1280 1342 si
1321 1304 1426 1341 non
1466 1287 1647 1360 populi
1685 1294 1742 1342 et
1778 1303 1931 1357 reges
1953 1327 1967 1349 ,

134 1394 191 1442 at
228 1401 413 1441 omnes
451 1385 538 1440 sui
571 1386 715 1440 cives
743 1385 1028 1439 consilium
1066 1392 1349 1457 expetant,

209 1486 436 1542 Suarum
455 1503 635 1540 rerum
665 1485 885 1540 incerti.-
919 1503 1047 1558 quos
1078 1503 1170 1557 eqo
1202 1503 1296 1557 ope
1323 1502 1439 1541 mea
1472 1503 1539 1541 ex

209 1586 423 1642 incertis
454 1594 618 1643 certos
655 1594 1010 1659 compotesque
1048 1585 1231 1641 consili

209 1684 412 1742 dimitto
431 1714 458 1753 ,r
485 1695 543 1741 ut
572 1704 638 1742 nc
668 1704 754 1742 res
793 1694 984 1742 temere
1021 1693 1241 1742 tractent
1279 1684 1532 1740 turbidos.

136 1785 234 1842 Est
276 1788 423 1844 enim
463 1789 588 1845 sine
637 1786 800 1845 dubio
833 1787 1025 1844 domus
1065 1786 1436 1844 iurisconsulti
1483 1787 1651 1843 totius
1690 1787 1967 1844 oraculum

135 1887 391 1944 civitatis.

212 2087 323 2150 XV.
404 2092 493 2145 515.
534 2088 640 2146 Sed
655 2064 693 2155 3,
727 2105 896 2162 quum
923 2092 1034 2146 sint
1054 2090 1208 2164 plura
1236 2107 1551 2147 caussarum
1572 2106 1794 2162 genera,
1834 2105 1971 2162 quae

136 2189 497 2263 eloquentiam
548 2189 890 2257 desiderent,
946 2191 1214 2264 multique
1265 2193 1322 2246 in
1368 2197 1552 2246 nostra
1603 2190 1880 2263 republica
1916 2198 1971 2246 et

136 2289 281 2363 apud
332 2289 539 2346 iudices
589 2296 644 2346 et
693 2290 835 2363 apud
887 2298 1135 2347 senatum
1187 2290 1414 2347 dicendo
1464 2289 1679 2346 laudem
1735 2292 1971 2347 assecuti

137 2391 278 2456 sint,
329 2391 566 2448 maxima
602 2390 890 2453 admiratio
930 2399 1012 2447 est
1045 2394 1101 2447 in
1135 2392 1382 2454 iudiciis;
1421 2408 1653 2464 quorum
1691 2392 1831 2448 ratio
1874 2391 1970 2447 du·

137 2491 259 2564 plex
296 2496 395 2548 est.
472 2491 608 2548 Nam
641 2509 708 2548 ex
741 2494 1084 2549 accusatione
1128 2500 1185 2549 et
1216 2491 1524 2548 defensione
1563 2500 1800 2550 constat:
1842 2510 1969 2566 qua·

137 2608 261 2648 rum
300 2592 403 2648 etsi
449 2590 768 2649 laudabilior
805 2600 889 2650 est
932 2593 1171 2650 defensio
1191 2636 1207 2660 ,
1259 2601 1441 2650 tamen
1491 2595 1659 2651 etiam
1698 2596 1971 2651 accusatio

42 2724 57 2735 ·
139 2691 359 2765 probata
384 2709 638 2766 persaepe
670 2701 768 2749 est.
848 2693 982 2750 Nam
1002 2700 1024 2733 ³
1063 2695 1120 2750 L.
1155 2695 1374 2768 quidem
1401 2695 1656 2761 CrassuS,
1694 2713 1866 2769 quum
1890 2713 1972 2752 es-

139 2799 224 2848 set
259 2792 551 2850 admodum
586 2794 893 2852 adolescens
913 2838 928 2862 ‚
981 2813 1087 2851 non
1127 2796 1346 2853 aliunde
1390 2804 1672 2853 mutuatus
1709 2804 1792 2853 est
1811 2840 1828 2863 ,
1878 2798 1972 2853 sed

140 2892 244 2950 sibi
282 2883 411 2965 ipse
433 2895 642 2966 peperit
679 2897 973 2953 maximam
1011 2896 1226 2953 laudem
1266 2916 1332 2953 ex
1371 2898 1461 2953 illa
1499 2898 1849 2953 accusatione
1882 2915 1972 2953 no-

140 2993 234 3051 bili
274 2999 328 3048 et
366 2992 597 3064 gloriosa
617 3036 632 3060 ,
683 3001 834 3068 qua⁴
883 2997 939 3053 C.
979 2997 1274 3055 Carbonem
1322 3000 1377 3053 in
1426 2998 1688 3055 iudicium
1726 3000 1973 3063 vocavit,

142 3093 577 3152 nobilissimum⁵
616 3095 890 3153 hominem
930 3104 984 3153 et
1022 3099 1556 3173 eloquentissimum,
1603 3116 1772 3155 annos
1812 3107 1972 3156 natus

143 3212 312 3251 unum
341 3202 395 3251 et
415 3197 626 3269 viginti.
687 3198 835 3254 Idem
856 3204 878 3237 ⁸
907 3197 1034 3255 fecit
1055 3201 1361 3257 adolescens
1382 3201 1448 3255 M.
1467 3202 1747 3257 Antonius
1789 3201 1968 3257 Etiam

206 3390 243 3446 ¹)
273 3387 328 3433 de
357 3391 478 3434 Orat.
513 3392 547 3435 1.
579 3404 616 3434 c.
636 3391 708 3434 45.
743 3389 768 3445 §
794 3391 895 3435 199.
929 3417 987 3425 -—
1020 3392 1060 3450 ⁹)
1089 3389 1143 3434 de
1174 3389 1259 3434 Off.
1292 3394 1350 3435 11.
1384 3406 1419 3436 c.
1440 3394 1513 3437 14.
1543 3393 1659 3449 §42
1692 3418 1751 3426 —
1785 3393 1827 3452 ³)
1858 3390 1974 3436 lbid.

143 3480 181 3511 c.
209 3469 283 3511 13.
324 3467 349 3524 §
379 3469 452 3514 4⁷1.
483 3493 543 3500 --·
574 3468 615 3526 4)
648 3466 694 3511 in
733 3469 909 3512 Verrem
942 3470 1038 3512 Act.
1080 3471 1136 3511 ll.
1170 3471 1215 3511 L.
1242 3470 1317 3512 111.
1355 3483 1390 3513 c.
1419 3472 1459 3513 1.
1490 3470 1573 3526 §3.
1606 3496 1663 3504 —
1698 3473 1738 3530 ⁵)
1769 3469 1822 3515 de
1849 3472 1969 3517 Orat.

148 3546 227 3590 ΙΙΙ.
258 3547 384 3592 (3.20.
420 3547 537 3603 §74
573 3571 630 3578 —
663 3545 703 3602 6)
734 3543 788 3589 de
818 3543 904 3592 Off.
938 3547 991 3590 ΙΙ.
1023 3548 1149 3591 c.14.
1184 3546 1296 3602 §422
