2158 4030
238 223 304 273 78
709 284 711 287 f
832 232 1043 271 menno
1080 231 1150 270 na
1191 233 1326 271 vrra
1366 233 1470 270 sua

233 370 502 420 sartorum
555 370 819 419 tectorum
877 364 1260 436 exigendorum
1281 408 1297 430 ‚
1361 382 1424 419 ea
1476 378 1827 418 memorarem
1850 405 1865 428 ,
1922 381 2059 436 quae

234 467 466 521 maxime
516 465 678 537 digna
723 473 901 521 essent
951 483 1013 521 eo
1063 483 1152 521 reo
1175 509 1187 530 ,
1240 468 1328 521 cui
1381 481 1607 538 parvum
1654 471 1748 519 aut
1794 464 2060 520 mediocre

231 566 391 621 obiici
431 566 565 621 nihil
602 572 887 638 oporteret.

307 767 420 823 XX.
502 771 590 822 55.
632 766 733 822 Ιιιι
777 766 1233 822 Accusationis
1272 762 1553 819 secundo
1591 761 1657 819 de
1696 762 1910 819 Siciliae
1949 763 2059 818 lau-

230 867 297 923 de
329 866 601 930 diximuS,
640 873 695 921 et
734 871 836 921 ιη2
876 865 1023 921 nulla
1066 883 1154 920 res
1198 882 1294 938 per
1332 864 1664 929 triennium,
1712 864 1822 919 nisi
1855 862 2058 919 adnu-

229 975 350 1027 tum
387 968 576 1031 istiuS,
629 966 866 1021 iudicata
909 967 1015 1022 sit:
1056 965 1204 1021 nulla
1239 982 1329 1020 res
1372 971 1486 1020 tam
1529 966 1706 1037 patria
1738 965 2059 1038 cuiusquam

233 1075 397 1139 atque
441 1067 586 1142 avita
618 1065 782 1122 fuerit
801 1107 818 1131 ,
857 1083 994 1139 quae
1039 1083 1146 1121 non
1179 1065 1253 1121 ab
1283 1083 1377 1138 eo.
1414 1066 1641 1138 imperio
1673 1065 1834 1120 istius
1853 1107 1869 1131 ‚
1908 1064 2057 1120 abiu·

228 1167 521 1222 dicaretur.
600 1167 775 1239 Atque
795 1172 816 1205 ³
868 1166 999 1222 adeo
1019 1209 1035 1232 ,
1087 1172 1375 1238 antequam
1417 1164 1483 1220 de
1528 1163 1882 1220 incommodis
1927 1164 2059 1220 Sici·

226 1267 330 1324 liae
374 1267 610 1324 dicerem
629 1309 646 1334 ,
687 1284 870 1341 pauca
919 1267 1055 1323 mihi
1104 1266 1432 1323 videbantur
1481 1271 1600 1322 esse
1644 1266 1712 1321 de
1755 1265 2063 1339 provinciae

225 1369 519 1441 dignitate,
557 1374 855 1433 vetustate,
895 1367 1130 1422 utilitate
1157 1366 1399 1423 dicenda.
1454 1366 1591 1422 Nam
1624 1383 1794 1438 quum
1818 1366 2061 1420 omnium

225 1469 495 1524 sociorum
539 1468 1046 1542 provinciarumque
1084 1469 1350 1523 rationem
1381 1466 1683 1538 *diligenter
1725 1465 1923 1520 habere
1974 1464 2060 1519 dee

225 1568 422 1624 bebant
466 1568 703 1634 iudiceS,
753 1575 872 1623 tum
916 1568 1203 1641 praecipue
1250 1566 1494 1631 Siciliae,
1533 1565 1784 1638 plurimis
1828 1565 2059 1620 iustissi⁴

225 1671 436 1741 misque
475 1668 541 1724 de
573 1669 806 1723 caussis:
849 1668 905 1722 in
938 1668 1159 1740 primiS‚
1199 1666 1343 1739 quod
1375 1666 1618 1721 omnium
1651 1666 1932 1720 nationum
1971 1682 2059 1720 ex-.

225 1776 466 1824 terarum
498 1769 749 1841 princeps
788 1767 972 1823 Sicilia
1016 1784 1073 1822 se
1111 1766 1180 1823 ad
1224 1767 1522 1822 amicitiam
1567 1765 1835 1838 fidemque
1879 1765 2059 1839 populi

224 1870 450 1925 Romani
495 1869 788 1942 applicuit:
837 1869 1013 1940 prima
1062 1868 1305 1923 omnium
1327 1909 1342 1932 ,
1394 1866 1450 1922 id
1495 1865 1638 1938 quod
1682 1873 2059 1921 ornamentum

224 1970 438 2042 imperii
471 1977 588 2035 est,
627 1970 904 2042 provincia
940 1975 1023 2024 est
1059 1967 1356 2041 appellata:
1397 1968 1573 2040 prima
1612 1966 1796 2022 docuit
1833 1967 2063 2022 maiores

223 2076 435 2126 nostros
454 2111 470 2134 ‚
520 2086 684 2141 quam
722 2068 1061 2141 praeclarum
1106 2075 1250 2124 esset
1269 2109 1284 2133 ‚
1343 2068 1544 2123 exteris
1589 2067 1840 2138 gentibus
1893 2067 2058 2140 impe·

223 2187 378 2228 rare:
432 2170 543 2226 sola
575 2169 682 2226 fuit
719 2187 783 2225 ca
814 2169 918 2224 fide
962 2169 1439 2240 benevolentiaque
1485 2185 1616 2239 erga
1659 2167 1915 2240 populum
1960 2168 2058 2223 Ro·

223 2288 476 2336 manum,
516 2277 579 2326 ut
604 2271 852 2326 civitates
885 2270 1003 2326 eius
1035 2268 1274 2334 insulae,
1312 2284 1453 2340 quae
1478 2267 1642 2323 semel
1675 2268 1731 2323 in
1764 2267 2059 2324 amicitiam

225 2379 465 2428 nostram
498 2373 772 2427 venissent
791 2413 807 2436 ,
847 2387 1144 2443 numquam
1188 2375 1373 2443 postea
1411 2369 1702 2424 deficerent
1720 2411 1736 2434 ,
1776 2368 2058 2442 pleraeque
2141 2366 2144 2376 ’

227 2480 411 2529 autem
451 2480 505 2528 et
535 2474 771 2528 maxime
815 2472 1055 2528 illustres
1086 2473 1144 2526 in
1178 2469 1420 2527 amicitia
1450 2475 1709 2542 perpetuo
1759 2477 2057 2526 manerent.

230 2575 418 2647 ltaque
453 2573 752 2628 maioribus
784 2573 985 2627 nostris
1024 2573 1080 2627 in
1115 2570 1355 2627 Africam
1385 2587 1452 2626 ex
1484 2569 1585 2625 hac
1625 2570 1903 2642 provincia
1940 2588 2059 2641 gra·

225 2675 327 2730 dus
362 2675 575 2748 imperii
621 2672 797 2728 factus
842 2680 940 2728 est.
1019 2674 1202 2746 Neque
1241 2673 1386 2728 enim
1423 2678 1533 2726 tam
1567 2669 1726 2726 facile
1768 2687 1894 2743 opes
1926 2672 2056 2726 Kar·

223 2776 463 2848 thaginis
501 2781 683 2830 tantae
716 2775 1106 2840 concidissent,
1147 2774 1252 2829 nisi
1286 2773 1420 2828 illud
1453 2779 1507 2828 et
1546 2773 1625 2828 rei
1672 2771 2059 2828 frumentariae

222 2876 525 2931 subsidium
571 2882 627 2932 et
669 2875 1069 2947 receptaculum
1107 2874 1368 2929 classibus
1413 2874 1613 2928 nostris
1656 2879 1882 2945 pateret.
1967 2878 2058 2932 54.

223 2978 285 3032 In
317 2982 341 3016 ⁴
391 2976 591 3031 tertio
643 2981 876 3030 tractare
933 2992 1179 3030 caussam
1225 2975 1564 3029 instituimus
1609 2972 2020 3028 frumentariam
2040 3017 2056 3040 ‚

225 3095 362 3150 quae
394 3069 768 3149 magnitudine
807 3077 1037 3131 iniuriae
1078 3075 1187 3130 fere
1227 3074 1547 3129 criminibus
1587 3074 1781 3128 ceteris
1820 3073 2052 3128 antecel-

225 3178 382 3233 lebat.
476 3179 711 3251 Exposui
745 3185 766 3215 ⁵
825 3177 1274 3250 quemadmodum
1328 3174 1744 3230 innumerabiles
1797 3175 2055 3247 pecuniae

290 3362 327 3419 ¹)
359 3362 516 3405 Orator
552 3376 589 3405 c.
614 3363 684 3405 62.
721 3362 873 3418 §210.
907 3385 966 3395 --
993 3362 1032 3418 2)
1064 3359 1110 3403 in
1146 3362 1320 3403 Verrem
1355 3361 1449 3403 Act.
1485 3361 1518 3403 1.
1557 3373 1593 3402 c.
1612 3362 1652 3401 5.
1684 3358 1708 3414 ᾗ
1738 3360 1810 3402 13.
1844 3381 1902 3391 -—-
1934 3358 1975 3414 ³)
2007 3355 2053 3401 in

226 3441 404 3483 Verrem
428 3442 523 3483 Act.
553 3443 608 3483 11.
636 3443 681 3484 L.
699 3443 755 3484 11.
783 3455 819 3484 c.
840 3444 881 3484 1.
907 3442 931 3496 §
950 3441 990 3483 ⁶).
1010 3465 1066 3473 -
1083 3439 1124 3497 4)
1143 3439 1188 3482 in
1214 3443 1389 3483 Verrem
1409 3441 1502 3483 Act.
1517 3439 1569 3482 ΙΙ.
1600 3438 1732 3482 mn.
1751 3451 1787 3479 c.
1806 3438 1847 3480 5.
1868 3436 2052 3491 §iu-

225 3517 268 3573 ⁵)
300 3516 344 3560 in
370 3519 543 3560 Verrem
576 3520 667 3561 Act.
699 3520 728 3562 l.
759 3534 793 3562 c.
817 3522 862 3563 5.
897 3519 1010 3572 §13.
