2210 3970
542 243 595 297 L.
621 243 706 298 lx,
752 261 795 295 e.
822 243 932 298 XX.
978 241 1016 313 S
1041 245 1105 295 61
1151 273 1225 280 ——
1265 260 1310 294 e.
1338 242 1473 296 xxi.
1518 243 1556 315 S
1581 248 1669 297 64.
1920 247 2025 297 425

192 394 330 449 iecto
370 395 548 450 animo
583 394 757 450 facere
803 401 996 467 posset.
1077 394 1229 460 Quo¹
1274 395 1507 464 pertinet
1547 393 1716 458 liber,
1755 409 1917 464 quem
1958 394 2023 449 de

193 494 378 550 luctu
425 494 774 550 minuendo
820 494 1152 567 scripsimus
1230 492 1494 564 Equidem
1516 499 1567 558 2,
1620 492 1876 548 credibile
1916 509 2023 548 non

189 602 300 661 est,
346 600 615 668 quantum
655 596 966 668 scripserim
1007 594 1119 658 die;
1158 595 1288 667 quin
1332 594 1495 648 etiam
1538 593 1801 648 noctibus.
1880 592 2025 648 Nihil

192 697 338 751 enim
371 696 561 750 somni.
616 696 694 751 Ea
714 701 735 734 ³
763 695 1031 768 legebam,
1060 710 1123 752 ea
1149 693 1477 759 scribebam,
1503 700 1562 748 ut
1589 694 1658 756 ii,
1693 694 1786 766 qui
1809 709 2023 748 meeum

190 802 374 862 erant,
414 792 689 852 difficilius
715 798 886 853 otium
911 798 1140 862 ferrent,
1181 812 1342 868 quam
1365 812 1463 868 ego
1501 794 1754 851 laborem.
1835 795 2026 850 Scito⁴

187 897 332 953 enim
352 913 469 963 me,
502 904 848 971 posteaquam
884 901 939 954 in
963 898 1157 954 Urbem
1190 898 1458 960 venerim,
1497 896 1701 952 redisse
1721 912 1847 952 cum
1882 901 2023 951 vete·

186 997 338 1054 ribus
358 998 577 1064 amicis,
613 998 668 1053 id
694 1005 805 1064 est,
833 1015 959 1053 cum
978 998 1130 1053 libris
1151 998 1378 1063 nostriS,
1415 997 1470 1052 in
1492 998 1741 1069 gratiam.
1782 996 1898 1051 Etsi
1922 1012 2027 1050 non

190 1098 392 1155 idcirco
425 1117 611 1155 eorum
640 1116 801 1155 usum
829 1099 1169 1165 dimiseram,
1208 1099 1350 1172 quod
1384 1100 1450 1154 iis
1490 1114 1895 1162 succensercm,
1934 1095 2027 1152 sed

187 1200 330 1273 quod
350 1217 537 1257 eorum
558 1217 645 1255 me
677 1200 1027 1274 suppudebat.
1091 1199 1323 1254 Videbar
1353 1200 1498 1255 enim
1527 1198 1661 1254 mihi
1683 1241 1697 1263 ,
1738 1215 1906 1270 quum
1940 1214 2031 1252 me

193 1301 250 1356 in
270 1317 358 1357 res
372 1301 866 1357 turbulentissimas
888 1300 1277 1355 infidelissimis
1297 1300 1457 1354 sociis
1477 1300 1814 1354 demisissem
1831 1341 1845 1363 ,
1880 1314 2028 1371 prae-

187 1380 358 1474 ceptis
390 1400 606 1456 illorum
639 1417 744 1455 non
778 1402 910 1455 satis
944 1401 1204 1472 paruisse.
1285 1398 1639 1471 Ignoscebant
1673 1398 1842 1463 mihi,
1882 1414 2030 1454 revo-

183 1501 484 1574 cabantque
515 1501 572 1555 in
606 1499 1050 1557 consuetudinem
1085 1501 1390 1572 pristinam.
1470 1498 1860 1568 Quamobrem,
1900 1516 2028 1571 quo-

184 1602 330 1659 niam
356 1601 583 1676 placatis
617 1601 684 1656 iis
711 1600 931 1666 utebar,
960 1599 1181 1656 videbar
1206 1617 1423 1674 sperare
1451 1598 1674 1665 debere,
1696 1606 1751 1655 ct
1773 1617 1834 1656 ca
1850 1643 1866 1665 ,
1891 1617 2030 1672 quae

184 1708 520 1777 premerent,
553 1709 607 1759 et
634 1718 728 1768 ea,
759 1718 895 1775 quae
924 1701 1325 1775 impenderent,
1352 1717 1437 1756 me
1460 1700 1616 1756 facile
1646 1702 2027 1756 transiturum.

193 1915 212 1926 ’
257 1902 398 1960 XXI.
478 1906 569 1960 65.
610 1902 796 1976 Ergo⁸
851 1903 1005 1959 nobis
1063 1904 1216 1959 stetit
1270 1902 1439 1967 illud,
1496 1903 1675 1959 vivere
1723 1904 1778 1958 in
1832 1902 2033 1959 studiis

183 2005 413 2069 nostris,
472 2019 504 2059 a
554 2003 752 2077 quibus
809 2010 969 2059 antea
1013 2001 1424 2060 delectationem
1470 2004 1630 2060 modo
1682 2000 2029 2077 petebamus,

183 2111 316 2161 tunc
353 2121 480 2160 vero
513 2104 678 2160 etiam
707 2104 963 2166 salutem:
1003 2121 1109 2159 non
1148 2104 1358 2171 deesse,
1398 2106 1443 2159 si
1478 2106 1602 2177 quis
1635 2105 1890 2161 adhibere
1921 2103 2029 2161 vel-

182 2205 285 2271 let,
336 2221 443 2260 non
483 2203 641 2260 modo
681 2211 742 2260 ut
774 2204 1097 2260 architectos
1118 2248 1132 2271 ,
1182 2222 1372 2261 verum
1412 2207 1575 2262 etiam
1610 2213 1673 2262 ut
1713 2205 1921 2272 fabroS,
1959 2205 2027 2260 ad

181 2305 576 2362 aedificandum
609 2306 1029 2379 rempublicam,
1067 2314 1123 2362 et
1154 2308 1335 2380 potius
1361 2307 1591 2363 libenter
1617 2324 1936 2371 accurrere;
1978 2309 2024 2362 si

181 2422 339 2462 nemo
365 2411 617 2462 uteretur
647 2421 834 2479 opera,
862 2412 1046 2461 tamen
1077 2413 1131 2462 et
1164 2407 1402 2463 scribere
1434 2415 1489 2462 et
1515 2406 1693 2480 legere
1725 2408 2024 2470 πολιτείαςε

179 2513 234 2564 et
277 2507 325 2563 si
362 2507 545 2563 minus
585 2507 640 2562 in
674 2507 828 2561 curia
859 2512 1022 2579 atque
1047 2507 1105 2561 in
1146 2506 1288 2572 soro,
1328 2514 1385 2562 at
1417 2508 1474 2562 in
1514 2507 1712 2563 litteris
1751 2513 1805 2563 et
1844 2508 2024 2574 libris,

177 2615 241 2665 ut
293 2607 597 2664 doctissimi
647 2614 856 2664 veteres
907 2607 1182 2674 fecerunt,
1240 2625 1440 2664 navare
1490 2609 1910 2682 rempublicam,
1967 2616 2024 2665 et

177 2709 243 2766 de
274 2709 516 2766 moribus
552 2725 616 2765 ac
653 2708 864 2781 legibus
904 2725 1164 2782 quaerere
1209 2710 1365 2764 sive⁸
1417 2710 1471 2764 in
1511 2709 1850 2776 Tusculano,
1908 2711 2025 2766 sive

175 2811 234 2866 in
282 2809 522 2867 Cumano
579 2809 648 2864 ad
699 2810 1024 2876 Varronem,
1082 2811 1198 2866 sive
1257 2809 1420 2885 (quod
1478 2812 1703 2867 minime
1753 2810 2019 2884 volebam)

176 2910 392 2966 Romae.
473 2914 563 2964 64.
604 2909 914 2982 Equidem⁷
952 2909 1048 2965 hos
1082 2911 1511 2966 Tusculanenses
1551 2910 1666 2966 dies
1697 2911 1871 2966 instar
1902 2929 2022 2968 esse

176 3012 319 3067 vitae
370 3017 528 3084 puto,
576 3009 912 3083 libenterque
950 3012 1200 3068 omnibus
1238 3029 1424 3067 onmes
1462 3030 1588 3084 opes
1627 3013 2018 3077 concesserim,

176 3119 239 3170 ut
280 3111 415 3168 mihi
459 3111 648 3176 liceat,
700 3112 754 3165 vi
807 3111 956 3168 nulla
997 3112 1401 3185 interpellante,
1460 3114 1564 3167 isto
1614 3113 1773 3167 modo
1816 3114 2017 3168 vivere.

179 3215 328 3283 Quod
369 3232 465 3270 nos
495 3232 640 3271 nunc
678 3231 889 3287 quoque
930 3215 1234 3280 imitamur,
1276 3223 1337 3270 ut
1377 3231 1691 3288 possumuS,
1731 3221 1786 3271 et
1820 3216 1876 3271 in
1919 3235 2012 3272 no·

242 3400 282 3457 ⁸)
313 3397 367 3443 ad
407 3401 498 3443 Att.
545 3401 639 3443 xu.
673 3400 747 3442 20.
778 3398 873 3455 52.
905 3423 964 3431 -
999 3401 1038 3456 α)
1072 3397 1183 3443 lbid.
1217 3401 1338 3444 xm.
1372 3400 1446 3442 26.
1479 3401 1565 3456 §3.
1600 3426 1657 3433 -
1690 3400 1731 3457 ³)
1764 3398 1877 3446 ibid.
1912 3403 2012 3445 xu.

183 3477 255 3519 40.
289 3477 376 3532 §2
408 3501 468 3511 ⁶-—
499 3477 540 3535 4)
574 3475 707 3537 Epist.
733 3475 785 3520 ud
815 3478 1048 3520 Varronem
1082 3474 1157 3532 (ad
1175 3479 1293 3521 Fam.
1314 3480 1386 3521 IX.
1418 3479 1458 3520 1.
1493 3478 1602 3537 §2.)
1633 3503 1692 3512 —-
1722 3481 1762 3538 5)
1799 3478 2007 3525 Ihid.1x.

184 3554 225 3596 2.
260 3555 345 3611 §5-
379 3579 435 3589 -—
469 3557 507 3613 6)
546 3554 655 3599 Ibid.
688 3558 757 3599 ΙΧ.
789 3558 828 3601 1.
865 3556 950 3612 §2
984 3580 1041 3588 —
1077 3556 1115 3611 7)
1151 3554 1261 3599 lbid.
1295 3557 1366 3599 IX.
1394 3558 1434 3600 6.
1469 3558 1553 3613 ᾗιὶ.
