2210 3970
271 234 380 284 850
753 243 1609 285 NATURA—ononimus.

270 398 312 438 p.
349 383 457 425 522.
499 383 542 423 C.
570 380 666 423 Iulii
712 381 895 423 Caesaris
936 382 1043 423 528.
1096 381 1147 423 Μ.
1185 382 1229 423 Τ.
1271 382 1484 423 Ciceronis
1528 382 1606 423 filii
1650 381 1758 423 606.
1804 384 1848 424 C.
1882 384 2097 426 Octaviani

242 448 244 454 '
272 450 453 502 Augusti
490 447 598 490 617.
1673 466 1675 468 ·

335 516 390 555 de
423 515 614 555 Natura
647 515 827 554 Deorum
860 513 1007 554 scribit
1039 513 1182 553 Cicero
1214 513 1323 556 784.

275 606 279 610 ⁴
336 582 412 621 Cn.
447 581 689 621 Nericius
723 580 776 620 de
809 581 970 620 ambitu
1002 584 1173 622 accusat
1205 581 1250 622 P.
1280 580 1463 620 Sextium
1494 579 1604 622 695.
2011 623 2013 625 ,

338 648 382 687 Ρ.
418 647 684 699 Nigidius,
731 651 900 686 senator
919 675 931 697 ,
965 660 989 686 a
1028 646 1227 687 Cicerone
1260 647 1472 687 adhibitus
1515 647 1592 700 qui
1634 645 1823 687 indicum
1867 647 1978 688 dicta
2010 660 2105 703 per·

271 714 476 753 scriberet
512 713 620 754 632.

339 781 385 819 L.
421 779 645 819 Ninnius
679 779 731 818 de
765 783 882 818 veste
915 778 1114 818 mutanda
1147 780 1277 820 refert
1309 780 1354 819 in
1388 779 1508 820 luctu
1541 779 1753 820 Ciceronis
1783 778 1892 821 668.
1926 779 1979 821 de
2013 779 2107 821 red-

271 847 335 886 itu
369 846 582 886 Ciceronis
615 846 745 885 refert
775 843 883 886 678.

340 911 553 951 Nobiles
597 912 642 950 in
676 910 878 950 iudicium
916 915 1120 950 vocantur
1164 911 1257 963 lege
1297 910 1421 951 Varia
1457 910 1566 952 542.
1611 910 1879 951 trucidantur
1909 925 1934 951 a
1966 912 2109 953 Dama-

273 977 394 1031 sippo
427 977 535 1016 561.
571 990 668 1016 cum
701 977 814 1016 Sulla
847 977 1028 1016 redeunt
1059 977 1230 1016 Romam
1268 976 1376 1018 562.

340 1043 446 1083 Non
458 1056 514 1083 ae
546 1040 796 1083 Decembres
830 1056 960 1096 quare
995 1043 1184 1082 Ciceroni
1217 1055 1383 1096 semper
1426 1043 1586 1084 fuerint
1614 1043 1660 1084 in
1700 1056 1773 1083 ore
1810 1042 1920 1085 636.
1952 1042 2061 1084 689.

341 1109 386 1149 C.
422 1109 693 1149 Norbanus
727 1109 885 1149 Bulbus
903 1138 915 1160 ‚
955 1113 1178 1149 accusatus
1211 1122 1235 1148 a
1269 1109 1483 1163 Sulpicio,
1524 1109 1757 1150 absolvitur
1775 1138 1788 1162 ,
1822 1109 2021 1149 defensus
2055 1110 2109 1150 ab

275 1176 461 1216 Antonio
494 1175 602 1216 536.
636 1175 903 1216 consulatum
937 1164 991 1232 (a.
1024 1165 1137 1232 671)
1172 1176 1282 1228 gerit
1311 1176 1420 1216 558.
1455 1189 1480 1216 a
1506 1176 1620 1217 Sulla
1659 1176 1910 1231 opprimitur
1953 1176 2111 1230 praelio

275 1255 362 1282 non
395 1242 522 1294 longe
555 1256 579 1281 a
606 1242 743 1296 Capua
775 1242 883 1282 559.

2202 775 2210 829 ἐ

2202 834 2210 855 Ἰ,

2189 870 2210 1062 ἒ

2205 1085 2210 1129 ὁ

344 1308 510 1348 Novae
544 1308 723 1348 Tabulae
757 1307 984 1360 quominus
1024 1308 1292 1361 proferantur
1310 1337 1322 1359 ,
1354 1307 1532 1362 impedit
1563 1308 1707 1348 Cicero
1745 1308 1853 1349 610.
1889 1320 2019 1349 novas
2053 1312 2113 1350 ta-
2163 1310 2167 1314 ’
2201 1298 2210 1379 Ξ

274 1375 397 1415 bulas
429 1375 602 1414 molitur
635 1374 847 1414 Dolabella
884 1371 975 1415 755
1007 1387 1071 1426 sq.

344 1441 469 1480 Novi
509 1441 701 1480 homines
742 1440 969 1493 aliquando
1015 1439 1180 1480 nobiles
1213 1453 1464 1494 superavere
1497 1440 1543 1480 in
1587 1440 1795 1495 petitione
1840 1441 2112 1492 consulatus,

280 1512 352 1548 ut:
389 1508 432 1548 C.
460 1507 623 1546 Mallius
657 1506 764 1546 519.
812 1507 853 1546 C.
883 1506 1061 1546 Fimbria
1100 1505 1208 1546 519.
1244 1507 1286 1547 C.
1313 1507 1481 1547 Caelius
1511 1506 1619 1547 585.
1652 1507 1705 1548 Μ.
1733 1506 1970 1547 Herennius
2002 1506 2112 1550 537.

277 1574 444 1613 Novitas
473 1573 663 1613 Ciceroni
690 1573 853 1612 obiecta
885 1572 993 1613 516.
1030 1585 1139 1625 quae
1174 1576 1313 1613 tamen
1347 1585 1435 1613 non
1461 1573 1678 1626 impedivit
1709 1574 1947 1627 quominus*
1964 1573 2115 1614 consul
2199 1623 2203 1629 ‚

277 1643 493 1680 crearetur
523 1639 631 1679 605.

347 1707 396 1760 Q.
429 1705 704 1746 Numerius
737 1705 898 1756 Rufus,
932 1704 1030 1745 trib.
1065 1704 1124 1759 pl.
1158 1704 1355 1746 inimicus
1383 1705 1574 1746 Ciceroni
1604 1704 1715 1746 681.

347 1838 556 1879 Oblivio
601 1837 919 1891 praeteritarum
965 1849 1106 1877 rerum
1156 1818 1434 1894 (dpav‘qarloe)
1489 1836 1804 1878 commendatur
1847 1850 1872 1877 a
1916 1837 2116 1879 Cicerone
2203 1830 2206 1835 ’

1723 1900 1746 1914 X

273 1910 382 1960 ‘post
421 1904 591 1945 caedem
625 1904 808 1943 Caesaris
841 1901 950 1945 7-79.

350 1971 691 2011 Octavianum
724 1969 882 2008 bellum
903 1999 915 2020 ‚
950 1970 1062 2009 inter
1095 1969 1169 2010 Cn.
1196 1969 1413 2009 Octavium
1449 1972 1494 2010 et
1521 1969 1725 2023 collegam
1753 1969 1991 2011 Cornelium
2025 1970 2119 2011 Cin·
2196 1964 2203 1975 ”

282 2051 379 2079 nam
413 2041 579 2090 gestum
613 2038 635 2076 5
646 2037 668 2075 5
678 2035 700 2074 1
710 2066 720 2076 .

352 2105 428 2144 Cn.
464 2103 711 2143 Octavius
747 2101 821 2142 Cn.
840 2101 883 2140 F.
915 2113 1000 2141 cos.
1035 2090 1089 2158 (a.
1118 2090 1229 2158 667)
1270 2101 1378 2142 550.
1414 2114 1464 2142 ex
1485 2101 1596 2143 Urbe
1620 2102 1791 2156 expellit
1814 2102 1988 2143 Cinnam
2010 2102 2119 2144 551.

285 2170 543 2212 interficitur
575 2169 695 2208 iussu
728 2168 884 2207 Cinnae
918 2168 1025 2208 552.

353 2238 428 2277 Cn.
464 2236 712 2275 Octavius
745 2234 797 2274 M.
826 2235 869 2274 F.
905 2247 991 2274 cos,
1025 2222 1079 2288 (a.
1113 2224 1224 2291 678)
1262 2233 1370 2277 576.

354 2305 399 2344 L.
433 2302 707 2352 Octavius,
741 2313 827 2340 cos.
865 2289 920 2356 (a.
954 2290 1065 2356 679)
1105 2299 1213 2342 577.

356 2370 400 2411 C.
435 2369 710 2419 Octavius,
743 2366 924 2419 Augusti
958 2371 1103 2420 pater,
1135 2366 1416 2407 Macedoniam
1444 2367 1554 2420 regit
1578 2366 1963 2421 propraetor-662.

357 2437 401 2477 C.
437 2435 711 2484 Octavius,
745 2434 920 2486 posthac
958 2433 1177 2485 Augustus
1211 2434 1350 2474 dictus
1370 2463 1382 2485 ,
1427 2433 1616 2474 nascitur
1661 2446 1746 2475 cos.
1782 2434 1981 2474 Cicerone
2013 2433 2122 2477 617.
2176 2463 2178 2465 -

292 2507 388 2557 post
415 2501 585 2541 caedem
624 2499 808 2540 Caesaris
846 2500 1060 2539 contrahit
1090 2500 1316 2539 exercitum
1337 2529 1350 2550 ,
1383 2513 1470 2552 quo
1501 2499 1676 2540 Antonii
1705 2501 1908 2554 impetum
1940 2501 2126 2542 retardet
2176 2515 2181 2537 5

295 2568 406 2611 793.
441 2581 525 2619 qua
550 2567 602 2605 de
631 2578 677 2605 re
706 2579 729 2604 a
747 2559 945 2604 Cicerone
974 2565 1169 2604 laudatur
1199 2564 1307 2607 794.
1338 2564 1446 2607 797.
1481 2566 1624 2605 iussus
1653 2579 1775 2619 opem
1803 2567 1911 2606 serre
1928 2567 1976 2606 D.
1995 2568 2126 2608 Bruto
2176 2557 2193 2601 s'

294 2637 339 2675 in
374 2633 532 2687 praelio
573 2631 801 2671 Mutinensi
840 2631 972 2670 vincit
1009 2630 1241 2670 Antonium
1278 2631 1386 2672 811.
1421 2632 1460 2671 ei
1495 2632 1637 2671 Cicero
1672 2633 2021 2686 supplicationem
2055 2633 2127 2674 de·
2183 2638 2187 2644 ”

294 2700 548 2742 cernendam
582 2702 730 2737 censet
762 2697 871 2737 813.
905 2697 1054 2736 videns
1095 2701 1288 2737 senatum
1322 2697 1403 2737 sibi
1435 2698 1576 2738 minus
1609 2696 1747 2738 favere
1767 2729 1779 2750 ‚
1813 2699 1971 2738 deserit
2008 2711 2126 2739 caus·
2172 2691 2187 2731 ’ἶ

294 2781 382 2808 sam
415 2765 678 2819 optimatium
715 2761 806 2804 817
828 2792 840 2810 ,
876 2766 921 2802 et
959 2775 1105 2816 pacem
1138 2763 1238 2803 facit
1281 2777 1379 2803 cum
1410 2763 1596 2805 Antonio
1629 2769 1674 2805 et
1706 2765 1862 2818 Lepido
1894 2763 2002 2807 817.
2049 2766 2125 2819 qui
2187 2755 2191 2759 ’

295 2831 504 2874 triumviri
528 2843 626 2871 suos
661 2830 844 2882 quisque
872 2829 1064 2869 inimicos
1088 2822 1360 2883 proscribunt
1395 2828 1504 2873 817.
1526 2831 1635 2872 819,
1670 2831 1854 2872 debellat
1869 2831 2126 2885 Antonium,
2155 2821 2190 2832 ”

295 2905 341 2941 et
373 2900 424 2939 M.
454 2899 696 2938 Ciceronem
723 2896 774 2936 Μ.
803 2895 939 2936 filium
968 2897 1013 2935 in
1043 2896 1268 2936 consulatu
1301 2900 1471 2951 cooptat
1496 2898 1699 2951 collegam
1728 2896 1837 2940 827.

363 2964 739 3006 Oeconomicus
771 2962 1065 3017 Xenophontis
1098 2975 1123 3002 a
1155 2962 1356 3004 Cicerone
1389 2964 1536 3005 Latine
1569 2965 1757 3006 redditus
1791 2962 1899 3007 557.

361 3033 414 3072 de
448 3030 661 3070 Officiis
697 3028 844 3068 scribit
875 3026 1031 3069 cicero‘
1055 3022 1164 3071 7'85.

361 3099 408 3138 P.
443 3097 640 3150 Oppius
674 3109 699 3135 a
732 3095 932 3135 Cicerone
971 3095 1212 3135 defenditur
1243 3096 1353 3137 593.

362 3165 414 3204 de
449 3163 654 3217 Optimo
689 3174 843 3213 genere
877 3162 1096 3201 Oratorum
1114 3191 1127 3210 ‚
1162 3163 1368 3216 scriptum
1400 3163 1612 3204 Ciceronis
1643 3160 1752 3206 720.

361 3231 568 3281 Orator,
603 3228 808 3281 scriptum
842 3227 1053 3268 Ciceronis
1091 3226 1198 3270 765.

302 3362 411 3403 539.

365 3429 410 3470 C.
443 3426 750 3477 Orchivius‚
785 3430 952 3480 praetor
985 3439 1083 3467 eum
1111 3429 1309 3469 Cicerone
1330 3458 1341 3480 ,
1377 3434 1542 3470 exercet
1581 3429 1871 3483 quaestionem
1905 3429 2126 3484 peculatus

303 3495 411 3536 594.
446 3507 471 3534 a
503 3493 702 3534 Cicerone
729 3490 970 3534 defenditur
1008 3494 1115 3535 598.

363 3297 416 3336 de
449 3296 665 3336 Oratore
700 3293 848 3334 scribit
879 3294 1022 3334 Cicero
1055 3292 1165 3337 705.
1200 3307 1249 3335 ea
1282 3295 1513 3349 disputatio
1545 3295 1716 3350 quando
1754 3295 1897 3337 habita
1941 3296 2128 3350 fingatur
