2210 3970
0 3671 12 3773 ‘'vv-
0 2526 13 3653 W*

20 3328 21 3332 „
20 3283 22 3290 ,
19 3262 21 3267 Α
15 3039 27 3240 -qo—-ae--w-

419 250 610 306 L.V11.
655 248 934 305 ‹;.xxv11.
979 248 1018 320 5
1046 250 1110 300 75
1152 277 1225 285 -
1268 264 1311 297 ιι.
1341 246 1524 301 xxix.
1568 246 1607 319 g
1634 252 1718 300 77.
1870 250 1975 302 525

153 400 359 465 animo,
398 402 651 473 quoniam
693 399 1114 455 iurisdictionem
1149 396 1511 461 confeceram,
1552 393 1797 452 civitates
1830 396 1970 452 locu·

148 501 404 572 pletaram
427 544 440 567 ,
487 502 787 574 publicani-s
834 501 997 556 etiam
1037 498 1327 571 superioris
1367 497 1526 552 lustri
1567 497 1803 568 reliqua,
1856 496 1971 550 sine

147 602 420 658 sociorum
473 601 582 656 ulla
631 602 875 674 querela,
928 615 1299 656 conservaram
1323 640 1336 663 ‚
1394 599 1620 671 privatis
1642 639 1656 662 ,
1715 597 1974 659 summis,

150 700 355 756 infimis·
386 699 592 756 fueram
634 700 929 766 iucundus,
988 715 1155 773 quum
1194 699 1370 772 prima
1417 697 1619 753 aestiva
1669 696 1975 767 attigissem

150 798 483 874 militemque
515 799 888 865 collocassem,
928 799 1182 855 decedere
1221 815 1286 854 ex
1319 796 1803 854 senatusconsulto.
1884 800 1974 851 76.

150 898 391 954 Mirum-2
445 900 588 955 enim
641 916 731 955 me
785 899 1111 956 desiderium
1165 899 1380 955 tenebat
1426 897 1612 962 Urbis,
1666 896 1981 952 incredibile

150 1013 427 1066 meorum,
475 1001 694 1056 satietas
740 1007 920 1056 autem
961 1001 1266 1074 provinciae
1287 1019 1308 1062 ;·
1339 999 1458 1065 vel,
1497 999 1630 1072 quia
1663 997 1979 1054 videbamur

151 1115 273 1154 eam
314 1082 518 1156 'famam
569 1101 879 1166 consecuti,
932 1108 994 1156 ut
1039 1118 1144 1156 non
1195 1108 1308 1156 tam
1355 1101 1589 1156 accessio
1639 1097 1944 1172 quaerenda
1968 1139 1982 1161 ,

153 1214 316 1272 quam
363 1198 578 1256 fortuna
624 1200 911 1256 metuenda
950 1208 1113 1263 esset;
1165 1200 1276 1266 vel,
1316 1201 1445 1272 quia
1482 1206 1662 1255 totum
1706 1198 1980 1269 negotium

157 1305 421 1355 non-erat-
455 1299 679 1371 dignum
719 1299 925 1354 viribus
948 1301 1200 1365 nostris,
1239 1301 1333 1372 qui
1375 1300 1578 1354 maiora
1611 1314 1773 1353 onera
1814 1297 1871 1351 in
1903 1312 1983 1351 re·

156 1397 368 1472 publica
418 1399 686 1453 sustinere
737 1405 792 1453 et
843 1415 1054 1471 possem
1109 1406 1163 1454 et
1214 1399 1468 1461 solerem;
1519 1398 1632 1462 vel,
1685 1397 1812 1470 quia
1862 1395 1984 1451 belli

156 1498 340 1570 magni
383 1498 548 1554 timor
585 1497 955 1571 impendebat,
995 1497 1137 1570 quod
1170 1496 1487 1553 videbamur
1522 1495 1794 1569 effugere,
1834 1498 1880 1551 si
1919 1496 1987 1551 ad

158 1599 507 1654 constitutam
546 1597 688 1655 diem
721 1597 1120 1654 decederemus.
1199 1596 1461 1652 Venimus
1481 1602 1503 1636 ²
1542 1603 1725 1653 autem
1767 1597 1823 1651 in
1870 1614 1989 1670 pro-

160 1698 426 1765 vinciam,
461 1698 773 1755 Laodiceam
797 1741 809 1764 ,
852 1698 1091 1772 Sulpicio
1129 1704 1184 1753 et
1217 1696 1464 1753 Marcello
1495 1697 1807 1753 consulibus
1829 1739 1843 1762 ,
1883 1699 1989 1771 pri·

163 1798 261 1856 die.
295 1799 410 1856 Ka12
453 1798 696 1857 Sextiles,
787 1798 918 1855 Inde
970 1816 1066 1854 nos
1117 1797 1395 1872 oportebat
1445 1797 1703 1855 decedere
1755 1815 1804 1853 a.
1831 1798 1882 1854 d.
1921 1816 1993 1854 nr.

167 1898 280 1956 Kal.
322 1898 469 1957 Sext.
510 1899 568 1957 L.
598 1899 782 1956 Paullo
820 1900 875 1955 C.
918 1898 1164 1956 Marcello
1201 1897 1531 1955 consulibus,

241 2100 434 2158 XXIX..
510 2106 598 2158 77.
631 2101 903 2175 Equidem
923 2108 952 2141 ³⁴
997 2104 1176 2157 omnia
1230 2101 1360 2166 feci,
1400 2118 1537 2173 quae
1589 2101 1753 2174 potui.
1791 2109 1887 2157 aut
1938 2103 1997 2157 in

168 2217 287 2258 mea
315 2201 600 2274 ”provincia
633 2201 888 2273 perficere
921 2208 1015 2257 aut
1049 2202 1103 2256 in
1137 2218 1303 2273 regno
1334 2201 1583 2273 experiri.
1662 2200 1797 2256 Nam
1818 2207 1839 2240 ⁴
1874 2201 1997 2257 Par-

170 2302 318 2357 thico
365 2300 500 2357 bello
532 2303 813 2366 nuntiato,
865 2302 1103 2357 locorum
1143 2300 1466 2374 quibusdam
1498 2301 1768 2372 angustiis
1812 2308 1866 2356 et
1906 2318 1996 2357 na·

168 2409 301 2459 tura
323 2403 588 2458 montium
620 2402 819 2467 fretus,
860 2403 927 2458 ad
960 2404 1228 2458 Amanum
1252 2402 1560 2457 ,exercitum
1594 2400 1830 2466 adduxi,
1863 2406 1996 2458 satis

169 2504 331 2578 probe
357 2509 609 2559 ornatum
642 2504 883 2569 auxiliiS,
922 2511 976 2559 et
1014 2502 1247 2576 quadam
1287 2504 1453 2558 etiam
1492 2503 1816 2558 auctoritate
1854 2505 1996 2576 apud

169 2604 415 2677 eoS,·qui
453 2619 543 2659 me
572 2620 678 2659 non
711 2610 928 2668 norant,
970 2604 1204 2659 nominis
1242 2603 1429 2659 nostri.
1509 2602 1687 2671 Quum
1727 2605 1993 2660 venissem

169 2704 242 2760 ad
274 2705 578 2770 Amanum,
617 2710 784 2760 cum³
824 2705 959 2760 meis
999 2705 1167 2777 copiis
1205 2703 1456 2759 omnibus
1487 2706 1675 2759 vexavi
1714 2706 1997 2761 Amanien-

170 2820 287 2870 ses,
331 2803 511 2860 hostes
550 2805 920 2877 sempiternos·
998 2805 1152 2860 Multi
1191 2806 1391 2868 occisi,
1432 2805 1610 2876 capti:
1649 2804 1854 2878 ⁴reliqui
1891 2805 1998 2861 dis·

170 2904 363 2977 sipati‘?
395 2902 619 2959 castella·
643 2905 854 2959 munita
889 2905 1178 2978 improviso
1210 2905 1444 2961 adventu
1478 2911 1634 2976 capta
1666 2911 1722 2959 et
1755 2907 1995 2961 incensa.

174 3003 386 3061 Adduxi
438 3005 736 3059 exercitum
781 3003 850 3059 ad
901 3004 1308 3061 infestissimam
1353 3004 1575 3060 Ciliciae
1614 3011 1840 3076 partem.
1920 3006 1999 3062 lbi

173 3103 491 3178 aggeribus,
543 3102 743 3168 vineis,
785 3104 1028 3160 turribus
1059 3106 1363 3179 oppugnavi
1403 3103 1660 3176 oppidum
1700 3107 1997 3163 munitissi-

176 3221 354 3270 mum,
413 3203 820 3268 Pindenissum,
880 3206 1045 3262 tantis
1092 3206 1281 3279 opibus
1334 3212 1588 3277 tantoque
1646 3209 1888 3277 negotio,
1941 3216 2000 3263 ut

242 3480 279 3535 ι)
311 3476 419 3523 lhid.
454 3483 510 3525 11.
547 3483 616 3523 11.
653 3482 736 3536 §L
788 3504 845 3511 -
894 3483 932 3539 2)
966 3479 1018 3524 ad
1055 3484 1146 3525 Ait„
1185 3483 1231 3524 v.
1267 3483 1337 3525 21.
1383 3483 1407 3538 ᾗ
1441 3483 1481 3524 o.
1533 3508 1590 3514 —
1637 3484 1676 3540 ⁵)
1710 3481 1820 3527 ibid.
1854 3486 1926 3530 vi.
1960 3488 1999 3527 2.

181 3556 263 3610 57.
299 3582 354 3588 —
387 3556 427 3613 4)
462 3556 591 3616 Epist.
623 3556 673 3602 ad
709 3559 757 3602 M.
782 3555 974 3601 Caelium
1009 3557 1083 3614 (ad
1120 3561 1234 3602 Fam.
1267 3561 1323 3601 Π.
1355 3563 1421 3603 10.
1467 3561 1574 3617 §2.)
1608 3587 1663 3596 --
1698 3564 1737 3618 ⁵)
1770 3561 1880 3606 lbid.
1917 3567 1999 3619 §a
2056 3578 2066 3588 ·
