2150 3990
379 224 441 286 t.
459 227 544 285 1v.
588 246 631 282 0.
658 226 845 283 xxx1.
886 225 926 299 s
951 231 1023 281 78
1060 256 1134 267 -
1173 243 1219 279 ο.
1246 226 1456 283 xxx11.
1499 229 1539 301 ,ς
1565 234 1653 283 81.
1835 230 1932 284 193

116 385 256 446 erat,
296 380 454 456 Syria
485 379 739 438 daretur:
786 384 848 436 ut
881 377 975 433 uni
1017 375 1249 434 helluoni
1283 377 1367 432 bis
1398 377 1464 433 de
1495 376 1681 434 eadem
1722 394 1779 433 re
1811 379 1937 435 deli·

115 480 322 536 beranti
361 486 596 554 potestas
633 485 800 544 esset,
841 484 1025 551 rogata
1069 477 1184 551 lege
1206 521 1219 543 ,
1260 479 1566 552 provinciae
1603 486 1934 535 commutan-

113 579 235 636 dae:
277 584 376 636 ut¹
427 579 630 635 homini
671 579 1014 652 egentissimo
1047 585 1102 634 et
1140 576 1621 643 facinorosissimo,
1665 577 1785 634 Sex.
1826 577 1937 632 Clo·

109 678 232 744 dio,
271 694 428 738 omne
462 678 794 735 frumentum
832 678 1101 752 privatum
1141 684 1196 733 et
1234 678 1510 751 publicum
1532 721 1547 744 ‚
1594 694 1779 734 omnes
1819 694 1936 750 pro-

106 779 314 835 vinciae
351 777 736 835 frumentariae
757 821 770 844 ,
817 795 1001 835 omnes
1046 778 1355 851 mancipes,
1395 794 1580 834 omnes
1619 777 1936 833 horreorum

112 877 288 935 claves
323 878 684 935 traderentur.
765 878 882 948 Qua
926 896 990 935 ex
1037 895 1099 935 re
1143 879 1383 952 primum
1421 879 1621 934 caritas
1667 883 1793 934 nata
1830 884 1942 942 est,

113 975 304 1035 deinde
336 980 532 1053 inopia.
612 980 956 1053 Impendebat
996 978 1192 1046 fameS,
1225 978 1499 1045 incendia,
1538 978 1757 1044 caedes,
1802 978 1940 1034 dire·

110 1079 242 1153 ptio.
319 1065 409 1136 80.
450 1079 602 1135 Mitto
621 1085 643 1119 ²
675 1096 793 1136 eam
815 1080 987 1153 legem
1010 1123 1024 1146 ,
1064 1097 1202 1154 quae
1234 1080 1414 1136 omnia
1441 1081 1561 1136 iura
1591 1079 1942 1151 religionum,

109 1176 474 1252 auspiciorum
512 1185 830 1252 potestatem
851 1222 867 1245 ‚
918 1196 1104 1236 omnes
1154 1181 1297 1252 leges
1316 1218 1331 1246 ‚
1377 1196 1515 1253 quae
1553 1186 1682 1235 sunt
1719 1178 1787 1235 de
1824 1180 1944 1235 iure

111 1285 167 1336 et
197 1277 281 1335 de
300 1284 541 1351 tempore
579 1278 761 1349 legum
806 1278 1168 1349 rogandarum
1189 1322 1205 1344 ‚
1245 1295 1354 1334 una
1399 1280 1679 1350 rogatione
1711 1278 1941 1334 delevit:

105 1378 267 1435 mitto
299 1359 513 1433 omnem
565 1376 915 1433 domesticam
953 1376 1162 1433 labem:
1219 1379 1385 1434 etiam
1430 1383 1644 1433 exteras
1696 1379 1942 1433 nationes

109 1476 253 1534 illius
279 1477 408 1533 anni
434 1475 615 1534 furore
647 1483 1032 1551 conquassatas
1064 1476 1395 1533 videbamus.
1476 1477 1615 1550 Lege
1649 1477 1940 1534 tribunicia

107 1577 295 1635 Matris
330 1575 552 1650 Magnae
603 1576 982 1633 Pessinuntius
1020 1577 1110 1633 ille
1146 1577 1396 1635 sacerdos
1435 1578 1692 1652 expulsus
1729 1586 1785 1635 et
1823 1595 1940 1653 spo·

104 1677 269 1738 liatus
307 1675 605 1735 sacerdotio
640 1683 752 1743 est,
806 1675 1099 1751 sanumque
1137 1680 1606 1736 sanctissimarum
1646 1688 1809 1754 atque
1847 1695 1939 1735 an-

104 1779 535 1853 tiquissimarum
559 1777 891 1851 religionum
932 1778 1213 1835 venditum
1258 1779 1488 1852 pecunia
1520 1779 1713 1852 grandi
1758 1780 1939 1852 Brogi-

101 1884 246 1945 tato,
276 1878 499 1953 impuro
529 1877 735 1935 homini
769 1885 930 1953 atque
964 1878 1187 1952 indigno
1225 1878 1316 1935 illa
1355 1878 1643 1952 religione,
1696 1897 1934 1953 praeser-

100 1980 202 2037 tim
227 1990 397 2054 quum
425 1995 488 2036 ea
519 1978 623 2036 sibi
661 1980 751 2036 ille
789 1995 896 2036 non
935 1979 1179 2046 colendi,
1218 1979 1311 2037 sed
1351 1980 1584 2036 violandi
1616 1998 1805 2038 caussa
1844 1999 1934 2055 ap·

103 2081 352 2155 petisset:
411 2081 662 2156 appellati
700 2098 855 2154 reges
885 2098 918 2138 a
957 2081 1151 2155 populo
1172 2125 1187 2146 ,
1238 2083 1332 2154 qui
1374 2081 1429 2137 id
1468 2099 1766 2155 numquam
1805 2100 1872 2138 ne
1906 2100 1936 2137 a

103 2189 305 2240 senatu
343 2181 564 2255 quidem
614 2181 1007 2256 postulassent:
1078 2181 1289 2237 reducti
1342 2180 1555 2236 exsules
1611 2182 1932 2256 Byzantium

103 2282 446 2341 condemnati
476 2288 597 2338 tum
618 2325 634 2348 ,
691 2298 862 2356 quum
901 2280 1198 2336 indemnati
1238 2281 1383 2335 cives
1423 2297 1452 2335 e
1490 2282 1711 2338 civitate
1755 2284 1933 2340 eiicie-

97 2385 312 2442 hantur.
391 2387 481 2440 81.
522 2383 636 2440 Rex
667 2380 1033 2447 PtolemaeuS‚
1067 2382 1198 2454 qui,
1239 2381 1286 2436 si
1313 2380 1552 2436 nondum
1591 2390 1709 2438 erat
1748 2385 1863 2457 ipse
1901 2403 1931 2440 a

97 2491 289 2543 senatu
320 2485 499 2540 socius
517 2482 814 2557 appellatus
836 2525 850 2547 ‚
890 2488 1008 2539 erat
1028 2487 1211 2537 tamen
1244 2478 1413 2536 frater
1442 2482 1562 2536 eius
1588 2482 1734 2555 regis
1755 2525 1769 2547 ,
1807 2486 1932 2557 qui,

95 2599 265 2660 quum
292 2589 448 2642 esset
476 2584 535 2640 in
571 2582 759 2640 eadem
798 2597 1015 2648 caussa,
1062 2582 1172 2637 iam
1211 2587 1331 2637 erat
1371 2596 1404 2636 a
1442 2588 1634 2637 senatu
1675 2582 1931 2640 honorem

96 2687 263 2742 istum
307 2689 663 2746 consecutus;
702 2690 821 2740 erat
858 2682 1046 2741 eodem
1084 2698 1280 2756 genere
1295 2726 1309 2748 ‚
1368 2682 1668 2755 iisdemque
1715 2686 1932 2740 maiori-

32 2809 36 2817 ·
92 2787 224 2852 bus,
258 2785 447 2843 eadem
474 2791 748 2842 vetustate
779 2785 1082 2847 societatis3
1120 2783 1353 2857 denique
1385 2791 1504 2840 erat
1542 2801 1635 2840 rex
1660 2828 1674 2849 ,
1709 2788 1754 2840 si
1802 2804 1929 2842 non·

97 2888 227 2944 dum
271 2888 487 2954 sociuS‚
545 2893 601 2943 at
638 2902 746 2943 non
784 2885 988 2949 hostis;
1027 2892 1288 2959 pacatuS,
1340 2887 1585 2958 quietuS,
1628 2886 1801 2942 fretus
1833 2890 1931 2942 im-

96 2990 249 3063 perio
287 2988 473 3063 populi
525 2986 788 3053 Romani,
832 3003 999 3060 regno
1045 2994 1270 3061 paterno
1329 2994 1493 3061 atque
1544 2987 1688 3043 avito
1702 3027 1717 3053 ,
1764 2987 1934 3060 regali

97 3090 211 3148 otio·
236 3087 631 3163 persi-uebatur.
710 3088 788 3144 De
825 3087 925 3143 hoc
963 3087 1099 3144 nihil
1136 3089 1433 3161 cogitante,
1480 3087 1615 3142 nihil
1655 3089 1929 3162 suspican-

98 3196 152 3244 te
171 3232 188 3255 ‚
224 3188 428 3246 eisdem
465 3188 644 3262 operis
680 3186 997 3259 suffragium
1033 3187 1357 3253 serentibus,
1409 3194 1491 3243 est
1535 3196 1783 3260 rogatum
1798 3231 1814 3255 ‚
1867 3194 1932 3244 ut

99 3289 325 3355 sedenS,
359 3306 484 3346 eum
526 3305 767 3362 purpura
806 3295 860 3343 et
899 3297 1109 3362 seeptro
1149 3297 1202 3343 et
1243 3289 1347 3343 illis
1388 3290 1691 3361 insignibus
1729 3292 1929 3362 regiis,

163 3540 201 3595 ¹)
234 3552 308 3599 pro
333 3539 465 3585 Domo
496 3553 573 3585 sna
599 3554 633 3582 c.
671 3540 740 3583 10.
767 3539 888 3595 §25.
922 3563 978 3575 ...-
1015 3541 1051 3598 ²)
1085 3555 1159 3600 pro
1176 3538 1317 3585 Sextio
1349 3555 1385 3584 c.
1420 3542 1494 3585 26.
1529 3541 1644 3599 §5e.

1609 3616 1666 3662 13
