2210 3970
458 204 512 259 L.
540 204 649 260 Vll.
690 203 958 260 c.xxt11.
1002 201 1133 275 §64
1177 231 1249 240 —-
1288 217 1333 254 c.
1360 201 1517 255 XXV.
1560 202 1599 275 S
1623 205 1712 257 68.
1883 208 2005 259 521.

170 368 278 411 non
311 355 615 413 mehercule
646 355 753 411 dici
786 361 983 428 potest,
1021 368 1127 425 qua
1165 350 1519 408 admiratione
1557 351 1772 408 Ciliciae
1804 354 1987 409 civita-

176 462 293 512 tum
339 458 676 527 maximeque
704 455 1066 511 Tarsensium.
1153 455 1242 509 66.
1283 453 1474 508 Postea
1507 469 1632 508 vero
1656 467 1821 524 quam
1854 453 1989 508 Tau·

176 574 300 612 rum
327 563 694 627 transgressus
721 571 866 621 sum,
892 554 1124 610 mirifica
1147 555 1473 625 exspectatio
1497 550 1656 608 Asiae
1683 560 1990 609 nostrarum

173 656 497 714 dioecesium
519 693 535 720 ‚
586 671 723 728 quae
760 671 855 710 sex
898 654 1172 711 mensibus
1220 654 1435 728 imperii
1482 654 1591 709 mei
1628 652 1803 709 nullas
1845 669 1996 709 meas

171 762 452 830 acceperat
477 755 710 823 litteraS‚
739 772 1034 829 numquam
1066 755 1330 829 hospitem
1357 754 1585 812 viderat.
1642 754 1783 812 Illud
1810 762 1994 812 autem

174 864 385 931 tempus
423 857 710 930 quotannis
741 863 866 912 ante
904 874 992 914 me
1022 856 1198 913 fuerat
1230 857 1288 912 in
1325 855 1426 912 hoc
1457 862 1708 928 quaestu:
1749 856 1998 912 civitates

170 956 488 1031 locupleteS‚
528 973 596 1012 ne
628 957 688 1013 in
724 956 948 1014 hiberna
977 957 1177 1013 milites
1208 959 1535 1031 reciperent,
1574 974 1798 1030 magnas
1834 972 1994 1030 pecu·

53 1108 70 1133 ,
172 1060 290 1116 nias
327 1057 549 1116 dabant:
594 1057 776 1132 Cyprii
810 1059 1010 1115 talenta
1041 1059 1222 1115 Attica
1250 1077 1325 1115 cc.
1403 1059 1521 1128 Qua
1550 1075 1616 1115 ex
1649 1057 1827 1115 insula
1865 1058 1995 1133 (non

168 1162 554 1237 ὑπερβολικῶς,
611 1159 706 1215 sed
760 1161 1039 1216 verissime
1088 1160 1296 1234 loquor)
1357 1177 1614 1217 nummus
1670 1159 1852 1215 nullus
1906 1175 1996 1215 me

164 1259 439 1317 obtinente
489 1259 824 1332 erogabatur.
916 1258 995 1338 Ob
1033 1259 1164 1315 haec
1202 1259 1460 1315 beneficia
1480 1302 1497 1324 ,
1553 1259 1750 1331 quibus
1786 1259 1865 1314 illi
1903 1259 1994 1314 ob·

167 1358 566 1433 stupescebant,
606 1357 780 1413 nullos
818 1357 1043 1414 honores
1082 1357 1242 1423 mihi,
1282 1357 1388 1413 nisi
1426 1356 1737 1423 verborum,
1774 1356 1994 1414 decerni

165 1458 438 1519 sinebamt-
481 1463 690 1518 statuas
710 1498 725 1523 ,
766 1455 888 1514 sana
901 1498 917 1522 ‚
954 1459 1235 1531 τέθριππα
1271 1456 1651 1530 prohibebam:
1704 1473 1804 1513 nec
1841 1474 1992 1515 eram

165 1562 225 1619 in
255 1559 369 1620 ulla
393 1577 454 1636 re
485 1558 590 1617 alia
619 1557 878 1616 molestus
908 1555 1241 1614 civitatibus.
1314 1560 1406 1614 67.
1448 1558 1794 1615 Praeclarum
1813 1566 1832 1599 ¹
1866 1575 1994 1615 vero

159 1668 284 1730 est·,·
328 1677 542 1720 summo
576 1677 704 1717 cum
742 1659 972 1734 imperio
1004 1656 1171 1716 fuisse
1210 1659 1266 1715 in
1306 1659 1584 1733 provhcia
1620 1660 1730 1726 sic,
1770 1668 1834 1717 ut
1872 1658 1992 1717 nul·

157 1763 364 1827 lunate
401 1762 652 1836 signum,
707 1760 857 1818 nulla
894 1761 1144 1835 pictura,
1184 1758 1395 1818 nullum
1433 1778 1563 1827 vas,
1603 1761 1749 1818 nulla
1788 1763 1991 1828 vestis,

160 1862 371 1921 nullum
401 1862 759 1936 mancipium,
799 1859 947 1918 nulla
980 1859 1151 1918 forma
1183 1862 1532 1934 cuiusquam,
1574 1863 1720 1919 nulla
1753 1862 1992 1919 conditio

161 1965 420 2039 pecuniae
469 1963 537 2022 ab
586 1978 802 2021 summa
852 1964 1164 2036 integritate
1201 1964 1639 2037 continentiaque
1689 1963 1994 2022 deduxerit.

165 2064 305 2134 Quid
361 2070 543 2121 autem
594 2063 820 2137 reperiri
859 2069 972 2119 tam
1022 2063 1284 2119 eximium
1334 2071 1431 2120 aut
1470 2070 1584 2120 tam
1633 2065 1992 2138 expetendum

163 2171 368 2239 potest,
418 2180 581 2238 quam
621 2163 781 2219 istam
819 2163 1108 2227 virtutem,
1160 2162 1581 2219 moderationem
1621 2164 1819 2230 animi,
1859 2172 1993 2221 tem·

165 2264 463 2338 perantiam
483 2306 498 2329 ,
556 2280 663 2319 non
706 2262 876 2319 latere
918 2263 975 2318 in
1015 2261 1253 2318 tenebris
1271 2305 1286 2328 ,
1339 2280 1513 2336 neque
1550 2281 1666 2320 esse
1716 2264 1955 2322 abditam
1975 2307 1992 2331 ,

165 2365 361 2422 sedin
397 2364 518 2424 luce
556 2365 712 2420 Asiae
732 2406 747 2430 ,
787 2364 843 2419 in
882 2363 1053 2419 oculis
1091 2363 1423 2419 clarissimae
1460 2366 1791 2437 provinciae,
1829 2374 1994 2440 atque

164 2467 222 2523 in
272 2460 494 2529 auribus
537 2466 780 2521 omnium
831 2465 1076 2536 gentium
1127 2481 1190 2519 ac
1235 2465 1517 2520 nationum
1562 2481 1679 2522 esse
1722 2467 1991 2539 positam?

163 2583 270 2624 non
320 2565 604 2624 itineribus
643 2567 755 2622 tuis
797 2566 1089 2639 perterreri
1134 2564 1414 2622 homines?
1469 2582 1577 2622 non
1627 2575 1850 2640 sumptu
1901 2585 1990 2624 ex·

79 2671 84 2678 ’
161 2666 403 2725 hamiri?
436 2683 552 2725 non
589 2665 827 2723 adventu
862 2666 1229 2722 commoveri?
1270 2683 1416 2731 esse,
1455 2684 1796 2742 quocumque
1834 2685 1988 2726 vene-

160 2769 266 2833 riS,
304 2773 362 2824 et
389 2766 600 2840 publice
626 2773 680 2824 et
711 2767 964 2839 privatim
997 2767 1291 2823 maximam
1323 2766 1614 2823 laetitiam:
1655 2786 1824 2841 quum
1858 2771 1989 2826 urbs

161 2867 464 2933 custodem,
504 2883 611 2923 non
649 2874 942 2941 tyrannum
963 2909 977 2932 ‚
1017 2866 1208 2923 domus
1247 2866 1509 2938 hospitem
1533 2910 1546 2931 ‚
1587 2884 1692 2923 non
1731 2870 1989 2942 expilato-

159 2985 275 3025 rem
296 3010 310 3034 ‚
349 2968 614 3040 recepisse
642 2967 923 3023 videatur?

233 3171 391 3228 XXV.
472 3174 561 3226 68.
603 3172 750 3226 Iter2
804 3172 971 3242 igitur
1018 3173 1093 3227 ita
1126 3189 1232 3244 per
1283 3173 1462 3226 Asiam
1515 3170 1652 3235 feci,
1704 3180 1767 3227 ut
1816 3175 1980 3229 etiam

161 3271 350 3338 sameS‚
389 3290 493 3344 qua
529 3273 661 3326 nihil
702 3274 951 3327 miserius
991 3280 1094 3337 cst,
1135 3291 1271 3345 quae
1312 3281 1428 3326 tum
1468 3282 1584 3326 erat
1624 3275 1678 3326 in
1720 3274 1818 3328 hac
1860 3291 1978 3330 mea

223 3507 260 3562 ¹)
291 3502 344 3549 ad
377 3507 429 3565 Q.
456 3503 636 3551 fratrem
665 3509 701 3552 1.
735 3507 773 3550 1.
808 3520 843 3551 c.
861 3507 903 3550 2.
931 3507 1013 3564 §8.
1048 3532 1106 3540 —
1140 3506 1180 3562 ²)
1212 3502 1264 3549 ad
1292 3505 1381 3548 Att.
1419 3504 1465 3550 V.
1500 3506 1573 3550 21.
1607 3505 1693 3563 §8.

261 3581 266 3585 ’
1646 3580 1704 3627 21
