2210 3970
266 222 372 271 4⁸1⁰,ss
876 230 1084 273 emano
1125 235 1194 272 DE
1236 230 1372 274 vlTA
1411 233 1517 276 SUA

276 368 500 422 Varroni
534 365 683 420 dedi:
725 364 790 420 ad
829 383 889 422 ea
926 371 1035 440 ipse
1075 368 1392 440 respondeo:
1436 371 1650 425 Atticus
1690 377 1771 426 est
1810 374 2003 428 tertius
2043 377 2098 428 in

273 484 516 523 sermone
549 473 747 523 nostro·

350 669 494 723 XIII.
576 674 663 724 30.
707 670 1020 741 Quumque¹
1054 670 1463 724 fundamentum
1479 676 1618 725 esset
1639 669 2103 742 philosophiaepo-

276 771 442 824 situm
484 771 540 824 in
582 771 778 825 finibus
818 771 1079 825 honorum
1114 778 1168 825 et
1208 771 1503 836 malorum,
1543 778 1902 844 perpurgatus
1925 777 2023 827 >est
2057 772 2103 824 is

274 870 421 924 locus
453 887 485 924 a
524 871 677 924 nohis
717 873 954 942 quinque
994 871 1181 935 lib-ris,
1221 878 1313 935 ut,
1353 871 1483 943 quid
1523 889 1554 927 a
1592 889 1839 944 quoque,
1878 879 1932 927 et
1972 871 2103 944 quid

272 977 458 1023 eontra
508 986 777 1041 quemque
830 970 1203 1042 philosophum
1261 971 1564 1037 diceretur,
1624 972 1853 1043 intelligi
1905 979 2102 1044 posset.

272 1069 454 1137 Quid2
501 1077 587 1124 est
634 1072 779 1125 enim
821 1071 875 1125 in
927 1071 1039 1125 vita
1085 1077 1236 1125 tanto
1281 1089 1440 1144 opere
1485 1072 1850 1144 quaerendum
1873 1114 1888 1137 ,
1940 1089 2102 1144 quam

270 1187 439 1242 quum
479 1171 660 1226 omnia
693 1172 749 1225 in
789 1171 1151 1244 philosophia,
1192 1179 1310 1227 tum
1347 1172 1431 1239 id,
1471 1172 1614 1244 quod
1641 1172 1727 1227 his
1758 1171 1912 1227 libris
1945 1189 2102 1245 quae—

271 1272 442 1337 ritur,
482 1271 613 1343 quid
651 1272 724 1326 sit
757 1271 910 1336 finis,
949 1271 1079 1344 quid
1120 1279 1424 1328 extremum
1446 1316 1462 1339 ,
1502 1273 1633 1345 quid
1666 1272 1958 1339 ultimum,
1997 1289 2104 1345 quo

271 1368 382 1426 sint
413 1373 593 1427 omnia
630 1372 765 1427 hene
803 1372 1019 1427 vivendi
1051 1379 1304 1445 recteque
1337 1372 1568 1428 faciendi
1609 1373 1834 1429 consilia
1870 1371 2104 1429 referen-

270 1472 380 1527 da?
422 1472 552 1544 quid
586 1479 845 1544 sequatur
884 1479 1080 1528 natura
1100 1517 1114 1538 ‚
1156 1480 1217 1528 ut
1251 1490 1526 1528 summum
1566 1491 1632 1529 ex
1659 1473 1822 1528 rebus
1854 1479 2102 1546 expeten-

269 1573 389 1627 dis?
431 1572 562 1644 quid
591 1572 791 1643 fugiat,
832 1580 893 1627 ut
913 1580 1216 1628 extremum
1238 1574 1542 1628 malorum?
1608 1574 1724 1642 Qua
1752 1573 1820 1628 de
1841 1590 1901 1629 re
1933 1590 2103 1646 quum

271 1675 343 1727 sit
376 1674 519 1727 inter
556 1673 896 1728 doctissimos
935 1691 1149 1729 summa
1183 1674 1481 1741 dissensi0,
1519 1675 1643 1747 quis
1675 1673 1912 1731 alienum
1952 1681 2107 1747 putet

268 1776 385 1839 eius
425 1791 541 1829 esse
588 1774 906 1846 dignitatiS,
954 1793 1116 1847 quam
1157 1775 1292 1831 mihi
1335 1777 1564 1848 quisque
1605 1775 1850 1841 tribuit,
1874 1775 2005 1848 quid
2047 1777 2102 1830 in

271 1876 418 1929 omni
452 1894 676 1932 munere
708 1878 852 1933 vitae
878 1878 1145 1950 optimum
1176 1884 1231 1932 et
1262 1878 1609 1932 verissimum
1643 1878 1744 1943 sit,
1783 1878 2103 1950 exquirere?

273 1981 361 2030 51.
403 1976 507 2044 Qui
528 1983 550 2015 ⁸
589 1983 772 2032 autem
811 1977 878 2032 de
915 1995 1128 2033 summo
1166 1978 1304 2033 bono
1342 1977 1630 2043 dissentit,
1683 1977 1750 2034 de
1787 1985 1900 2033 tota
1938 1978 2106 2051 philo-

271 2076 487 2148 sophiae
525 2078 732 2132 ratione
756 2076 1026 2132 dissentit.
1104 2078 1216 2132 Hoc
1236 2083 1259 2116 ⁴
1299 2084 1480 2133 autem
1514 2078 1810 2133 constituto
1842 2078 1897 2132 in
1938 2076 2104 2150 philo-

271 2177 488 2250 sophia,
528 2179 826 2233 constituta
857 2185 986 2233 sunt
1023 2179 1221 2234 omnia.
1299 2178 1436 2234 Nam
1475 2179 1671 2233 ceteris
1698 2178 1756 2233 in
1794 2177 1955 2233 rebus
1993 2178 2106 2233 sive

268 2280 736 2351 praetermissum,
751 2281 864 2336 sive
879 2281 1187 2352 ignoratum
1205 2286 1290 2335 est
1311 2280 1615 2352 quippiam,
1636 2297 1743 2335 non
1763 2279 1885 2353 plus
1904 2281 2105 2335 incom—

270 2380 415 2434 modi
449 2387 560 2446 est,
594 2398 757 2452 quam
791 2383 980 2453 quanti
1003 2399 1246 2454 quaeque
1266 2398 1454 2437 earum
1476 2398 1661 2437 rerum
1682 2388 1792 2447 est,
1829 2382 1885 2436 in
1907 2381 2104 2453 quihus

271 2480 575 2551 neglectum
615 2489 699 2535 est
737 2481 957 2553 aliquid.
1035 2483 1323 2537 Summum
1364 2488 1546 2537 autem
1579 2481 1780 2537 honum
1815 2483 1862 2536 si
1897 2483 2106 2553 ignore-

271 2587 392 2646 tur,
431 2581 645 2636 vivendi
672 2584 937 2637 rationem
972 2583 1209 2654 ignorari
1244 2599 1460 2637 neeesse
1491 2588 1594 2637 est.
1664 2582 1748 2638 Ex
1782 2599 1887 2654 quo
1920 2589 2106 2637 tantus

273 2699 425 2736 error
457 2683 834 2755 consequitur,
875 2690 965 2747 ut,
1004 2699 1166 2754 quem
1197 2684 1251 2737 in
1292 2689 1520 2756 portum,
1538 2700 1595 2738 se
1627 2683 1927 2755 recipiant,
1966 2685 2108 2739 scire

272 2801 378 2838 non
411 2784 633 2855 possint.
712 2783 954 2855 Cognitis
992 2791 1175 2839 autem
1208 2800 1394 2839 rerum
1434 2783 1661 2849 finibus,
1701 2801 1871 2856 quum
1911 2784 2108 2839 intelli·

271 2885 449 2956 gitur,
488 2884 619 2956 quid
647 2886 718 2939 sit
751 2891 805 2940 et
836 2885 1097 2941 bonorum
1130 2892 1436 2941 extremum
1465 2891 1520 2940 et
1549 2885 1846 2950 malorum,
1887 2886 2103 2941 inventa

270 2993 326 3041 et
362 2986 505 3041 vitae
545 2986 631 3042 via
670 2992 753 3041 est
784 2985 1241 3059 conformatioque
1273 2988 1518 3044 omnium
1563 2986 1881 3042 officiorum.
1958 2986 2105 3042 Nos⁵
2186 3051 2187 3054 Ἴ

270 3088 446 3157 igitur
471 3087 610 3143 hanc
632 3105 845 3143 omnem
867 3090 1234 3160 quaestionem
1257 3088 1336 3143 de
1374 3088 1660 3144 Finibus
1690 3088 2002 3143 bonorum
2042 3094 2104 3142 et

275 3187 590 3243 malorum
629 3187 740 3244 fere
779 3207 809 3244 a
849 3188 1001 3243 nohis
1040 3188 1361 3261 explicatam
1396 3206 1512 3244 esse
1556 3187 1641 3243 his
1685 3187 1839 3242 libris
1877 3187 2104 3243 arbitra-

275 3305 428 3353 mur,
469 3290 525 3341 in
559 3289 784 3360 quibUS,
824 3296 1088 3361 quantum
1123 3291 1421 3361 potuimus,
1463 3306 1568 3344 non
1602 3287 1758 3343 modo
1789 3287 1919 3359 quid
1954 3288 2105 3341 nobis

339 3457 377 3514 ¹)
409 3454 462 3500 ‹le
488 3454 676 3501 Divinat.
710 3459 819 3502 11.c.
839 3459 879 3501 1.
913 3457 1000 3515 §2
1029 3483 1087 3489 —
1120 3460 1160 3515 Ω)
1191 3455 1246 3502 de
1276 3456 1418 3502 Finib.
1451 3461 1498 3502 B.
1530 3463 1575 3502 et
1608 3459 1662 3502 M.
1694 3459 1728 3501 Ι.
1762 3471 1798 3501 e.
1819 3458 1860 3500 4.
1894 3456 2008 3513 §st
2042 3479 2101 3487 —-

276 3533 315 3591 5)
348 3532 459 3579 lbid.
488 3536 535 3580 v.
560 3551 594 3579 e.
616 3539 656 3581 5,
693 3537 808 3594 ᾖα.
842 3561 898 3568 -
932 3537 974 3596 4)
1007 3533 1118 3581 lbid.
1147 3551 1181 3580 c.
1205 3539 1244 3585 6.
1274 3537 1388 3594 §15
1424 3563 1482 3570 -
1516 3537 1556 3596 ⁵)
1589 3526 1699 3580 lb'id.
1732 3536 1764 3579 1.
1793 3548 1827 3579 c.
1849 3535 1887 3578 4.
1924 3534 2038 3590 §12
