2158 4030
528 238 583 292 L.
607 238 671 293 11.
715 255 758 291 ο.
784 237 873 292 111.
917 236 956 309 ,ς
984 241 1012 291 7
1053 266 1127 277 --
1166 254 1211 290 ο.
1240 236 1298 290 ν.
1340 237 1492 310 §1:2.
1853 243 1924 294 59

96 389 166 443 ah
202 389 584 462 Syracusanis,
625 404 792 461 quum
815 405 930 443 esse
952 389 1167 442 omnino
1196 394 1484 459 negarent,
1525 393 1736 459 septum
1771 389 1924 444 undi-

99 506 204 563 que
238 495 291 544 ct
330 490 583 545 vestitum
619 487 868 562 veprihus
907 494 960 543 et
1000 487 1263 553 dumetiS‚
1305 487 1553 559 indagavi
1588 487 1926 544 Archimedis

97 590 423 664 sepulcrum.
507 590 771 645 Teneham
822 590 966 644 enim
1013 589 1272 660 quosdam
1313 589 1632 654 senarioloS,
1685 606 1818 661 quos
1872 590 1926 643 in

93 692 213 747 eius
258 697 606 745 monumento
659 707 775 746 esse
827 691 1114 762 inscriptos
1165 707 1504 763 acceperam:
1558 691 1651 762 qui
1693 690 1924 745 declara·

93 792 253 857 hant,
307 793 362 847 in
403 809 616 848 summo
655 792 899 865 sepulcro
933 792 1216 864 sphaeram
1252 809 1369 848 esse
1408 793 1637 865 positam
1670 808 1795 846 cum
1836 809 1925 865 cy·

95 893 286 949 lindro.
367 894 480 965 Ego
513 899 724 958 autem,
763 910 930 965 quum
963 895 1144 949 omnia
1177 894 1549 949 collustrarem
1582 893 1781 958 oculiS‚
1823 894 1929 966 (est

84 996 239 1050 enim
272 994 339 1051 ad
372 1002 554 1068 portas
582 995 915 1051 Achradinas
955 1013 1150 1068 magna
1191 996 1491 1069 frequentia
1528 995 1922 1069 sepulcrorum)

87 1095 449 1151 animadverti
491 1095 828 1151 columellam
864 1114 969 1151 non
1016 1096 1249 1151 multum
1291 1114 1320 1151 e
1353 1096 1532 1151 dumis
1568 1097 1923 1151 eminentem:

93 1196 149 1251 in
194 1212 300 1268 qua
340 1198 513 1252 inerat
553 1197 810 1269 sphaerae
845 1197 1017 1267 figura
1050 1203 1104 1251 et
1144 1196 1394 1270 cylindri.
1475 1197 1649 1268 Atque
1681 1213 1780 1267 ego
1811 1203 1924 1252 sta·

86 1297 191 1351 tim
226 1296 580 1371 Syracusanis
628 1297 804 1369 (erant
843 1303 1024 1351 autem
1066 1297 1338 1369 principes
1371 1297 1606 1368 mecum)
1655 1296 1797 1360 dixi,
1837 1313 1924 1351 me

84 1396 221 1453 illud
261 1396 454 1469 ipsum·
479 1395 733 1451 arbitrari
773 1411 920 1460 esse,
960 1395 1102 1468 quod
1136 1413 1470 1468 quaererem.
1558 1400 1642 1451 10.
1687 1396 1921 1451 lmmissi

81 1513 214 1553 cum
259 1496 485 1552 falcibus
530 1495 687 1551 multi
724 1500 1033 1568 purgarunt
1065 1502 1120 1551 et
1157 1500 1488 1569 aperuerunt
1531 1494 1726 1551 locum.
1808 1497 1924 1564 Quo

80 1606 256 1672 quum
306 1595 606 1672 patefactus
638 1603 780 1653 esset
825 1595 1036 1662 aditus,
1090 1596 1156 1652 ad
1197 1596 1478 1651 adversam
1531 1594 1705 1651 hasim
1746 1614 1920 1651 acces·

80 1701 274 1756 simne.
353 1698 654 1772 Apparebat
705 1699 1069 1771 epigramma,
1110 1699 1284 1754 exesis
1324 1697 1710 1771 posterioribus
1756 1699 1918 1770 parti-

79 1801 187 1856 hun
237 1799 656 1866 versiculorum,
715 1799 1013 1856 dimidiatis
1053 1799 1179 1856 sere.
1260 1801 1340 1855 Ita
1389 1799 1721 1855 nobilissima
1761 1802 1918 1855 Grac·

78 1901 205 1958 seiae.
239 1902 458 1969 civitas,
517 1901 787 1975 quondam
839 1918 966 1958 vero
1023 1903 1187 1958 etiam
1247 1902 1588 1966 doctissima,
1646 1902 1731 1956 sui
1784 1902 1921 1955 civis

77 2003 247 2058 -unius
284 2003 587 2059 acutissimi
627 2000 1041 2059 monumentum
1084 2004 1414 2075 ignorasset,
1455 2003 1559 2056 nisi
1602 2001 1668 2057 ab
1700 2002 1918 2057 homine

77 2104 341 2178 Arpinate
367 2102 662 2160 didicisset.
742 2103 845 2158 Sed
880 2103 1093 2168 redeat,
1136 2103 1276 2157 unde
1310 2102 1610 2166 aberravit,
1650 2104 1838 2158 oratio.

77 2338 83 2343 -
161 2302 223 2359 V.
307 2307 391 2359 11.
435 2303 613 2371 Quum
635 2309 653 2343 ¹
681 2311 863 2359 autem
885 2320 1025 2359 anno
1046 2310 1166 2375 post
1193 2321 1221 2359 e
1243 2302 1428 2359 Sicilia
1455 2319 1541 2357 me
1562 2304 1914 2375 recepissem,

75 2405 191 2460 iam
223 2403 507 2459 videbatur
544 2403 677 2458 illud
716 2405 771 2459 in
806 2421 921 2469 me,
961 2403 1223 2476 quidquid
1256 2410 1425 2467 esset,
1466 2420 1583 2459 esse
1614 2403 1911 2475 perfectum

78 2512 133 2561 et
159 2504 353 2560 habere
364 2506 744 2561 maturitatem
771 2505 1060 2578 quamdam
1088 2522 1260 2560 suam.
1341 2506 1519 2573 Quum
1549 2506 1718 2577 igitur
1738 2523 1910 2561 essem

75 2607 134 2662 in
160 2605 410 2679 plurimis
431 2607 638 2663 caussis
671 2613 726 2662 et
759 2608 814 2662 in
844 2607 1183 2680 principibus
1208 2609 1450 2680 patronis
1476 2608 1909 2679 quinquennium

35 2740 45 2745 κ
74 2707 187 2764 fere
206 2714 475 2775 versatuS,
496 2715 614 2764 tum
637 2710 692 2763 in
707 2710 1006 2782 patrocinio
1023 2709 1291 2764 Siciliensi
1307 2710 1542 2764 maxime
1557 2711 1611 2764 in
1634 2718 1908 2765 certamen

78 2809 198 2864 veni
218 2808 531 2882 designatus
551 2807 740 2866 aedilis
760 2827 885 2866 cum
907 2811 1188 2882 designato
1209 2810 1427 2865 consule
1450 2811 1751 2866 Hortensio.
1821 2815 1907 2867 12.

71 2909 227 2977 Quod
243 2910 288 2965 si
303 2916 325 2949 ²
339 2917 434 2966 aut
449 2910 547 2966 hoc
562 2927 593 2966 a
614 2927 700 2967 me
721 2911 889 2967 Siculi
912 2928 1016 2965 non
1034 2912 1319 2983 petissent,
1342 2917 1436 2965 aut
1457 2911 1592 2965 mihi
1607 2929 1734 2966 cum
1755 2912 1907 2968 Sicu·

25 2994 31 2999 ’
75 3010 141 3066 lis
155 3026 346 3067 caussa
359 3018 540 3067 tantae
554 3012 968 3068 necessitudinis
989 3030 1093 3067 non
1110 3013 1530 3076 intercessisset,
1545 3020 1598 3066 et
1618 3012 1717 3067 hoc
1728 3055 1743 3078 ,
1764 3014 1905 3085 quod

72 3112 358 3179 faciebam,
397 3130 484 3169 me
517 3114 843 3186 reipublicae
877 3131 1068 3169 caussa
1097 3113 1271 3169 facere
1302 3113 1612 3185 profiterer,
1653 3121 1715 3168 ut
1747 3114 1908 3170 homo

71 3213 333 3286 singulari
368 3215 686 3288 cupiditate,
720 3216 975 3281 audacia,
1009 3216 1208 3271 scelere
1236 3214 1538 3287 praeditUS,
1573 3217 1729 3271 cuius
1758 3215 1902 3272 furta

72 3319 234 3386 atque
279 3314 482 3387 flagitia
530 3334 632 3372 non
675 3318 730 3371 in
771 3315 954 3372 Sicilia
995 3317 1166 3371 solum
1191 3360 1203 3382 ,
1245 3316 1335 3370 sed
1379 3317 1432 3370 in
1475 3316 1704 3382 Achaia,
1745 3319 1900 3384 Asia,

137 3547 174 3603 ¹)
206 3549 325 3592 Brut.
354 3549 479 3596 c.02.
515 3550 658 3605 §318.
694 3576 750 3584 —
785 3552 824 3607 2)
856 3549 1043 3596 Divinat.
1072 3549 1115 3593 iu
1143 3547 1376 3594 Caecilium
1405 3566 1439 3594 e.
1461 3553 1500 3595 2.
1536 3553 1619 3608 §ss
