2210 3970
302 276 406 329 704
758 283 1083 323 ANNALes
1140 282 1651 328 crcnaomAm.

299 419 379 463 sed
397 435 456 463 ne
479 414 687 478 quomodo
718 414 820 472 fieri
847 413 1023 474 quidem
1045 412 1233 473 posthac
1251 413 1459 472 possint,
1483 427 1670 473 possum
1696 411 1790 456 ullo
1809 422 1945 474 pacto
1971 416 2118 476 suspi-

298 497 406 541 cari.
469 494 533 539 ld.
567 494 622 538 ad
654 493 838 537 Marium
873 492 947 549 (ad
976 495 1096 537 Fam.
1126 503 1212 535 VII.
1241 493 1282 535 1.
1313 492 1378 548 2.)
1408 490 1667 550 Apparatus
1690 492 1904 551 spectatio
1933 493 2115 536 tollebat

296 590 461 617 omnem
506 571 808 614 hilaritatem.-
839 597 897 604 -
931 569 1043 630 quid
1071 569 1185 612 enim
1231 565 1539 610 delectationis
1577 567 1734 612 liabent
1772 569 1969 612 sexcenti
2005 569 2116 612 muli

294 652 344 695 in
381 649 769 712 Clytaemnestra?
819 655 901 692 aut
931 647 981 690 in
1011 647 1142 707 Equo
1180 646 1365 689 Troiano
1393 654 1664 690 craterarum
1693 647 1783 690 tria
1813 647 2002 690 millia?
2036 655 2117 690 aut

295 736 527 771 armatura
558 727 685 770 varia
712 725 944 786 peditatus
977 732 1020 768 et
1057 724 1283 784 equitatus
1316 724 1363 768 in
1391 724 1546 785 aliqua
1569 725 1770 786 pugna?
1804 752 1864 758 —-
1900 724 2021 782 Quid
2039 741 2116 786 ego

295 813 339 850 te
365 804 559 849 athletas
579 811 735 864 putem
770 802 1040 856 desiderare,
1075 801 1154 861 qui
1182 801 1461 861 gladiatores
1492 803 1842 864 contempseris?
1875 803 1922 846 in
1954 803 2117 863 quibus

291 885 390 945 ipse
417 884 653 944 Pompeius
694 882 936 942 confitetur
964 896 1010 922 se
1039 886 1082 922 et
1116 895 1292 939 operam
1320 887 1364 923 et
1402 878 1544 922 oleum
1576 880 1838 939 perdidisse.
1901 881 2116 941 Reliquae

293 969 399 1012 sunt
439 961 688 1004 venationes
721 959 847 1002 binae
870 973 956 1017 per
994 956 1088 998 dies
1132 958 1351 1018 quinque;
1386 957 1677 1018 magnificae,
1720 974 1841 1001 nemo
1873 966 2019 1018 negat.
2054 985 2115 991 —-

293 1041 538 1084 Extremus
566 1037 895 1098 elephantorum
920 1033 1013 1077 dies
1032 1033 1167 1095 suit.-
1195 1034 1244 1077 in
1266 1049 1351 1094 quo
1377 1033 1617 1079 admiratio
1644 1052 1805 1096 magna
1831 1036 1956 1096 vulgi
1982 1043 2116 1096 atque

286 1116 463 1171 turbae.
528 1118 676 1159 Ascon.
710 1113 756 1157 in
781 1112 988 1157 Pisonian.
1023 1129 1062 1172 p.
1084 1114 1125 1156 2.
1158 1113 1367 1172 Pompeio
1398 1119 1441 1156 et
1478 1113 1636 1157 Crasso
1671 1115 1853 1172 (cossa),
1887 1130 1971 1174 quo
2002 1130 2115 1157 anno

292 1194 531 1254 Pompeius
573 1190 942 1253 exquisitissimis
999 1189 1546 1252 magnificentissimisque
1593 1192 1735 1236 omnis
1778 1192 1954 1253 generis
1998 1190 2118 1236 ludis

295 1272 517 1316 theatrum
541 1268 773 1313 dedicavit.
823 1286 863 1331 p.
889 1273 961 1313 15.
999 1270 1071 1314 Cn.
1106 1267 1308 1328 Pompeii
1337 1266 1464 1311 ludos
1501 1268 1755 1331 significat,
1796 1268 1957 1329 quibus
1996 1267 2118 1311 thea-

294 1358 412 1394 trum
438 1365 465 1391 a
492 1363 539 1391 se
553 1347 738 1406 factum
754 1346 1002 1404 dedicavit,
1036 1346 1198 1408 quibus
1227 1345 1348 1390 ludis
1373 1346 1706 1408 elephantorum
1718 1362 1919 1407 pugnam
1937 1345 2118 1406 primus

293 1427 487 1471 omnium
534 1423 656 1468 dedit
686 1425 733 1469 in
770 1426 906 1470 Circo.
981 1425 1147 1470 Plinius
1185 1428 1234 1470 H.
1264 1427 1312 1469 N.
1342 1438 1449 1480 ¹VIII.
1482 1441 1518 1469 c·
1546 1428 1585 1470 7.
1617 1424 1821 1485 Pompeii
1851 1439 2020 1484 quoque
2052 1421 2118 1466 al-

288 1513 385 1549 *tero
413 1501 673 1557 consulatu,
702 1501 975 1547 dedicatione
993 1503 1148 1564 templi
1180 1502 1358 1547 Veneris
1380 1502 1612 1559 Via-tricis,
1635 1518 1890 1565 pugnavere
1915 1502 1963 1546 in
1995 1502 2117 1565 Circo

293 1584 480 1644 viginti,
514 1589 622 1639 aut,
651 1589 704 1625 ut
726 1581 906 1643 quidam
940 1580 1153 1636 tradunt,
1186 1594 1311 1626 XVIII
1341 1581 1621 1642 (elephanti).
1695 1579 1813 1625 Conf.
1842 1596 1877 1625 c.
1898 1583 1968 1625 16.
1997 1580 2117 1638 (20.)

293 1678 330 1706 c.
351 1665 421 1706 17.
451 1663 567 1721 (24.)
594 1663 702 1706 c.19
732 1662 812 1717 (28
846 1667 890 1703 et
917 1661 1013 1717 29.)
1042 1674 1078 1704 c.
1095 1662 1169 1704 22.
1199 1662 1316 1720 (34.)
1349 1660 1488 1706 Valer.
1514 1664 1617 1705 Max.
1649 1673 1699 1705 II.
1727 1677 1762 1705 e.
1783 1663 1824 1705 4.
1860 1663 1901 1704 6.
1935 1657 2044 1702 Vell.
2064 1671 2116 1702 II.

293 1754 328 1782 c.
365 1741 436 1782 48.
472 1730 479 1736 ‘⁷
500 1740 657 1781 Seneca
695 1736 748 1780 de
773 1741 893 1783 Brev.
925 1737 1012 1782 Vit.
1046 1752 1082 1781 e.
1115 1741 1188 1782 13.
1224 1741 1265 1782 6.
1340 1738 1416 1782 Dio
1447 1751 1606 1783 xxxlx.
1639 1754 1673 1784 c.
1694 1741 1765 1783 38.
1797 1742 1838 1783 1.
1871 1737 1978 1783 Κάν
2012 1744 2118 1789 ταῖς

295 1816 469 1868 αὐταῖς
514 1814 710 1878 ἡμέραις
747 1818 803 1875 [c.
833 1821 907 1862 31.
955 1818 984 1862 ὅ
1029 1835 1081 1863 τε
1111 1818 1368 1877 Πομπήιος
1403 1821 1484 1863 καὶ
1522 1817 1551 1863 ὁ
1587 1819 1814 1880 Κράσσος
1847 1817 2029 1864 ὕπατοι
2061 1814 2115 1861 ἐκ

292 1895 667 1958 μεσοβασιλείας
706 1895 1094 1960 οἷπεδείχθησαν]
1131 1897 1157 1942 o‘
1198 1897 1453 1958 Πομπήιος
1482 1898 1536 1944 τὸ
1562 1897 1799 1960 θέατρον,
1845 1887 1880 1963 ᾧ
1917 1902 1998 1944 καὶ
2026 1901 2118 1943 νῦν

291 1977 702 2037 λαμπρυνόμεθα,
749 1976 1052 2038 καθιέρωσε,
1102 1981 1183 2022 καὶ
1219 1975 1269 2022 ἒν
1307 1995 1357 2023 τε
1397 1977 1566 2037 ἐκείνῳ
1603 1977 1730 2023 θέαν
1766 1982 1846 2023 καὶ
1882 1980 2116 2038 μουσικῆς

292 2060 374 2103 καὶ
416 2056 595 2118 ἀγῶνος
631 2059 865 2117 γυμνικοῦ
913 2055 1001 2101 κάν
1038 2057 1102 2119 τῷ
1139 2056 1429 2120 ἱπποδρόμῳ
1469 2061 1550 2103 καὶ
1585 2057 1742 2103 ἵππων
1787 2060 1997 2118 ἅμιλλαν
2034 2061 2115 2102 καὶ

288 2141 482 2198 θηρίων
513 2136 703 2181 πολλῶν
735 2139 816 2181 καὶ
852 2135 1173 2182 παντοδαπῶν
1213 2138 1399 2199 σφαγὰς
1433 2135 1688 2196 ἐποίησεν·
1727 2136 1918 2190 λέοντές
1950 2155 2000 2185 τε
2030 2137 2116 2200 γάρ

290 2220 610 2263 πεντακόσιοι
638 2214 689 2260 ἐν
718 2214 859 2261 πέντε
885 2215 1082 2278 ἡμέραις
1106 2214 1456 2274 ἀναλώθησαν,
1490 2220 1571 2263 καὶ
1601 2215 1858 2274 ἐλέφαντες
1887 2215 2119 2263 ὀκτωκαί-

290 2298 408 2343 δεκα
445 2297 566 2359 πρὸς
592 2294 793 2347 ὁπλίτας
826 2293 1150 2355 ἐμαχέσαντο·
1185 2299 1267 2341 καὶ
1302 2297 1466 2342 αὐτῶν
1499 2294 1659 2357 οἱμὲν
1687 2300 1975 2359 παραχρῆμα
2005 2294 2116 2341 ἀπέ-

288 2381 473 2428 θανον,
526 2377 574 2421 οἱ
618 2373 672 2420 δὲ
719 2375 777 2421 οὐ
812 2375 974 2438 πολλῷ
1018 2374 1241 2437 ὕστερον.
1284 2374 1384 2422 κτέ.
1462 2373 1680 2419 Plutarch.
1720 2379 1864 2437 Pomp.
1902 2392 1936 2420 c.
1966 2379 2039 2419 52.
2075 2379 2117 2419 5.

290 2458 444 2502 ’Λλλά
478 2456 696 2516 Κράσσος
728 2452 815 2515 μὲν
848 2454 1051 2512 ἐξῆλθεν
1082 2457 1154 2506 εἰς
1188 2454 1270 2513 τήν
1298 2452 1535 2516 ἐπαρχίαν
1565 2452 1854 2516 ἀπαλλαγεὶς
1889 2454 1968 2512 τῆς
1999 2452 2115 2499 ὑπα-

290 2540 447 2591 τείας,
496 2533 754 2594 Πομπήιος
788 2532 841 2578 δὲ
880 2534 935 2579 τὸ
978 2533 1193 2595 θέατρον
1227 2533 1478 2594 ἀναδείξας
1512 2531 1696 2596 ἀγῶνας
1729 2527 1810 2595 ἦγε
1854 2534 2118 2596 γυμνικούς

293 2619 374 2662 καὶ
407 2614 673 2675 μουσικούς
705 2611 788 2657 ἐπὶ
819 2617 874 2671 τῇ
911 2612 1207 2674 καθιερώσει
1241 2616 1322 2657 καὶ
1350 2613 1519 2673 θηρῶν
1552 2612 1785 2671 ἁμίλλας,
1823 2610 1874 2655 ἐν
1905 2603 1979 2663 οἷς
2008 2628 2113 2656 πεν-

286 2696 516 2742 τακόσιοι
554 2692 743 2744 λέοντες
776 2691 1107 2755 ἀνῃρέθησαν,
1155 2690 1238 2736 ἐπὶ
1285 2694 1407 2736 πᾶσι
1450 2688 1504 2736 δὲ
1549 2690 1632 2748 τήν
1664 2689 2114 2751 ἐλεφαντομαχίαν,

290 2771 743 2833 ἐκπληκτικώτατον
770 2773 962 2831 θέαμα,
998 2769 1247 2832 παρέσχεν.

370 2921 432 2996 (⁵)
475 2920 657 2974 Cicero
700 2915 936 2971 defendit
975 2932 1221 2970 caussam
1271 2915 1334 2971 L.
1375 2916 1577 2970 Caninii
1623 2917 1789 2983 Galli,
1849 2917 1941 2988 qui
1978 2933 2117 2974 anno

293 3023 565 3095 superiore
598 3019 774 3074 fuerat
816 3017 1066 3071 tribunus
1106 3017 1273 3089 plebis
1310 3009 1378 3092 (V.
1402 3017 1536 3073 ada.
1562 3022 1689 3073 698.
1738 3018 1810 3091 1.)

355 3124 439 3168 Cic.
465 3121 520 3166 ad
552 3119 733 3165 Marium
776 3117 851 3175 (ad
880 3120 999 3162 Fam.
1031 3131 1114 3160 VII.
1145 3121 1185 3161 1.
1225 3119 1287 3176 4.)
1331 3118 1416 3160 His
1460 3134 1536 3178 ego
1575 3125 1720 3162 tamen
1762 3117 1946 3173 diebus,
1996 3117 2118 3162 ludis

292 3202 503 3256 scenicis,
536 3198 726 3257 neforte
749 3195 901 3240 videar
923 3195 1008 3238 tibi
1034 3211 1121 3238 non
1142 3194 1266 3238 modo
1296 3194 1475 3249 beatus,
1504 3194 1584 3238 sed
1610 3194 1718 3238 liber
1741 3196 1913 3239 omnino
1928 3195 2111 3253 fuisse,

285 3279 445 3339 dirupi
474 3294 541 3322 me
563 3292 703 3338 paene
734 3276 780 3318 in
814 3273 981 3317 iudicio
1023 3273 1148 3316 Galli
1180 3273 1385 3336 Caninii,
1410 3272 1669 3330 familiaris
1697 3275 1779 3318 tui.

371 3420 431 3495 (ὃ)
474 3421 540 3474 Μ.
575 3419 827 3483 Crassu5,
870 3417 1106 3473 nondum
1142 3417 1291 3472 finito
1314 3419 1624 3483 consulam,
1666 3419 1718 3471 in
1751 3416 1960 3490 Syriam
1996 3433 2113 3488 pro-

284 3523 463 3592 ‚vfectus
506 3526 585 3574 est
639 3519 757 3591 [cfr.
811 3519 875 3573 ad
917 3536 963 3574 a.
1011 3523 1132 3574 701.
1186 3519 1294 3592 2.];
1353 3519 1443 3575 sed
1491 3526 1775 3590 antequam
1832 3515 2112 3598 paludatus
