2210 3970
965 243 1037 251 ·—
1080 229 1168 265 vul
1210 243 1285 252 --

210 362 336 418 dec,
389 360 540 410 etiam
588 357 699 406 aliis
745 356 925 406 harum
979 372 1149 406 rerum
1202 357 1375 421 peritis
1429 358 1620 423 aliquid
1675 357 1834 407 bonae
1885 360 2045 426 frugis

207 450 464 501 continere
494 447 756 504 videatur,
792 460 942 496 omne
969 446 1098 497 illud
1132 447 1380 512 quidquid
1410 456 1488 498 est
1525 456 1616 498 aut
1650 445 1763 496 Tibi
1796 447 2043 507 debetur,

207 540 354 590 cuius
380 538 645 588 consilium
676 536 800 586 mihi
833 546 1032 602 praesto
1050 536 1176 595 fuit,
1211 546 1300 587 aut
1334 537 1674 593 Fischero,
1708 536 1855 586 cuius
1893 536 2043 587 Talm-

208 630 344 679 Imlae
393 626 755 691 Clzronoloyicae
798 625 1018 675 laborem
1064 627 1191 676 mihi
1238 627 1468 677 fecerunt
1515 625 1820 683 faciliorem;
1874 643 2044 691 quam-

205 735 357 785 quam
403 718 538 767 hunc
586 716 911 765 utilissimum
957 716 1142 765 librum
1199 733 1309 767 sero
1361 718 1566 767 demum
1610 725 1790 766 nactus
1837 732 1948 765 sum
1995 726 2047 767 et

206 824 365 875 quum
416 822 475 857 eo
526 807 625 854 iam
677 804 1013 868 pervenissem
1057 814 1116 856 ut
1165 822 1248 856 res
1297 821 1400 855 non
1429 807 1547 856 -nisi
1595 806 1857 867 ultimam,
1910 806 2046 871 quod

204 901 377 956 aiunt,
412 910 618 946 manum
654 894 910 957 requirere
953 894 1224 945 videretur.

270 985 369 1036 Sed
407 985 538 1034 facta
583 982 839 1032 mentione
887 997 1094 1043 eorum,
1145 985 1233 1049 qui
1286 985 1413 1034 bene
1459 983 1523 1033 de
1557 983 1654 1033 hoc
1699 984 1826 1034 libro
1870 986 2041 1036 meriti
2086 961 2090 964 Δ

203 1086 348 1138 sunt,
391 1074 520 1141 grati
561 1073 714 1122 animi
751 1071 970 1121 officium
1001 1088 1028 1120 a
1068 1087 1149 1122 me
1185 1074 1343 1140 exigit
1378 1082 1437 1124 ut
1477 1083 1531 1123 et
1575 1072 2046 1142 Bergmannum

205 1167 315 1216 Tibi
361 1178 778 1220 commemorem,
824 1162 1042 1211 amicum
1087 1171 1318 1213 nostrum
1352 1176 1702 1221 communem,
1739 1174 1790 1214 et
1834 1164 2048 1215 Kiehl-

204 1258 360 1317 ium,
414 1255 655 1320 collegam
707 1266 879 1302 meum
919 1251 1418 1302 coniunctissimum:
1471 1260 1688 1317 uterque
1723 1254 1889 1313 enim,
1925 1271 2046 1320 quo-

206 1348 302 1397 ties
331 1362 360 1395 a
393 1360 474 1395 me
503 1342 665 1409 rogati
696 1350 815 1392 sunt
857 1350 915 1390 ut
949 1341 1265 1407 piagulamm
1305 1340 1729 1408 inspiciendarum
1763 1345 2048 1395 molestiam

209 1435 468 1491 subirent,
514 1448 613 1482 non
651 1432 815 1481 solum
850 1430 937 1495 qui
960 1431 1038 1480 ,ab
1072 1432 1235 1496 operis
1254 1469 1266 1489 ,
1311 1431 1401 1482 sed
1443 1432 1642 1497 saepius
1674 1435 1861 1493 etiam,
1897 1436 1985 1500 qui
2018 1451 2047 1485 a

205 1541 285 1575 me
331 1521 582 1574 commissi
628 1528 770 1570 erant
788 1558 800 1577 ,
854 1535 1048 1570 errores
1096 1529 1441 1571 correxerunt.
1523 1520 1615 1572 Est
1667 1525 1825 1591 igitur
1868 1526 2014 1590 plane
2033 1561 2046 1583 ,

207 1613 344 1680 quod
378 1613 583 1678 utrique
616 1610 724 1661 viro
757 1609 1046 1660 doctissimo
1081 1611 1269 1676 gratias
1302 1625 1449 1677 agam
1483 1626 1635 1677 quam
1674 1615 1933 1664 maximas.

273 1793 378 1844 Iam
415 1807 533 1842 vero
578 1806 678 1840 non
717 1789 949 1840 morabor
987 1788 1056 1839 Te
1093 1789 1324 1855 pluribus
1342 1827 1355 1851 ‚
1406 1793 1477 1841 mi
1509 1791 1848 1859 Oostordyki;
1876 1794 2048 1844 ‘sentio

209 1884 344 1934 enim
377 1898 459 1933 me
488 1881 688 1946 longius
734 1886 1026 1945 provectum
1058 1893 1169 1928 esse
1207 1879 1466 1946 voluptate
1494 1881 1684 1932 Tecum
1716 1883 2050 1948 colloquendi.

207 1972 350 2024 Brevi
402 1986 522 2038 ergo
565 1970 606 2020 si
656 1970 948 2034 complexus
997 1982 1085 2017 ero
1105 2005 1117 2028 ,
1169 1968 1305 2032 quod
1356 1971 1623 2036 proposui,
1676 1971 1830 2021 finem
1870 1973 2049 2022 faciam

206 2061 476 2113 scribendi„
540 2059 761 2108 Avebam
795 2059 886 2108 diu
927 2057 1140 2108 reddere
1176 2056 1289 2107 Tibi
1336 2060 1528 2124 aliquid
1548 2099 1560 2119 ,
1609 2060 1745 2125 quod
1785 2061 2050 2127 responde·

204 2163 285 2205 ret
329 2151 586 2202 beneficiis
605 2188 617 2211 ,
669 2148 854 2212 quibus
896 2163 976 2198 me
1029 2147 1239 2197 affecisti
1289 2147 1534 2214 plurimis,
1614 2150 1853 2200 Dolebam
1898 2164 2047 2211 vero,

207 2243 335 2293 nihil
368 2257 449 2292 me
483 2241 669 2290 habere
689 2276 701 2298 ,
738 2237 874 2302 quod
906 2237 1016 2286 Tibi
1051 2245 1253 2302 gratum
1278 2252 1387 2289 esse
1416 2248 1599 2305 poeset.
1665 2239 1811 2291 Nunc
1845 2241 2049 2292 tandem

206 2333 368 2384 habeo
387 2371 400 2390 ,
452 2331 587 2397 quod
639 2328 818 2379 offerre
859 2327 1045 2394 possim
1065 2367 1077 2385 ‚
1128 2329 1225 2379 etsi
1271 2327 1341 2379 Te
1386 2326 1653 2396 indignum
1699 2332 1767 2381 sit
1812 2336 1866 2385 ,et
1900 2331 2051 2382 nimis

208 2423 465 2488 exiguum.
535 2420 714 2486 Accipe
752 2430 919 2470 tamen
937 2459 949 2477 ‚
986 2434 1197 2484 quaeso,
1232 2419 1368 2484 quod
1400 2428 1578 2486 gratus
1612 2420 1723 2471 Tibi
1753 2421 1934 2471 offero:
1970 2429 2048 2479 et,

211 2527 312 2576 qua
344 2511 398 2560 in
422 2510 545 2559 alies
574 2525 684 2560 esse
714 2511 844 2559 soles
864 2546 876 2567 ,
912 2509 1089 2558 eadem
1123 2511 1175 2558 in
1205 2523 1288 2559 me
1322 2514 1468 2560 utere
1498 2508 1825 2572 liberalitate,
1862 2519 1921 2561 ut
1947 2527 2049 2561 ma·

210 2602 287 2667 gis
318 2600 554 2665 respicias
586 2600 810 2649 animum
845 2599 956 2648 eius
990 2599 1076 2662 qui
1111 2598 1283 2658 dedit,
1317 2607 1470 2662 quam
1504 2601 1724 2665 pretium
1758 2600 2048 2666 eius‚quod

210 2689 322 2739 Tibi
360 2690 524 2740 datur.
1582 2687 1586 2692 '

283 2780 429 2841 Vale,
464 2778 552 2829 Vir
580 2779 877 2830 amicissime
898 2817 910 2838 ,
945 2787 998 2830 et
1037 2792 1187 2845 perge
1221 2790 1304 2829 me
1338 2790 1519 2828 amare.

377 2959 486 3010 Dat.
500 2974 502 2976 ·
517 2957 747 3008 Kalendis
778 2955 968 3010 Martiis

510 3058 812 3100 mmococmv.

2195 3028 2210 3138 ἑὼ)
2195 2994 2210 3021 :a
