2210 3970
234 252 340 304 748
699 262 1027 299 ANNALES
1081 263 1594 303 οιοΕιιοΝιΑΝι.

246 394 500 451 Novemb.
540 397 609 448 49
652 409 699 446 a.
736 392 814 465 G.J
870 391 1155 446 Brundisio
1204 393 1259 446 in
1299 394 1523 465 Epirum
1557 395 1763 449 traiicit
1805 402 1859 449 et
1893 396 2083 452 deinde

247 495 561 568 Pompeium
613 493 817 547 obsidet
872 493 1230 565 Dyrrhachii;
1295 495 1387 569 qui
1446 495 1570 550 inde
1620 495 1832 567 elapsus
1889 496 2086 556 bellum

248 594 506 651 transfert
541 595 595 647 in
636 592 983 647 Thessaliam.

316 699 466 740 Caesar
492 697 538 738 Β.
557 696 598 738 C.
620 705 690 737 111.
722 709 759 736 c.
778 696 820 737 6.
859 694 1044 748 Caesar,
1076 701 1131 738 ut
1157 693 1452 738 Brundisium
1478 695 1618 752 venit,
1654 697 1939 740 concionatus
1971 695 2096 757 apud

254 774 425 818 milites
456 800 516 806 -—-
541 773 697 833 pridie
730 776 876 817 Nonas
909 773 1150 817 Ianuarias
1182 789 1315 816 naves
1347 773 1512 828 solvit,
1555 774 1783 835 impositis
1815 799 1876 810 -·-
1912 774 2096 836 legioni·

255 853 337 898 bus
380 860 559 913 septem.
642 846 870 896 Postridie
915 859 1082 895 terram
1125 850 1285 909 attigit
1333 852 1661 895 Cerauniorum.
1695 877 1756 886 —-
1785 867 1823 896 c.
1852 854 1925 895 25.
1960 851 2098 896 Multi

255 931 348 975 iam
379 947 548 974 menses
583 930 854 975 transierant
886 937 930 972 et
963 930 1102 972 hiems
1129 929 1220 971 iam
1238 929 1649 988 praecipitaverat,
1680 946 1818 991 neque
1851 930 2096 978 Brundisio

257 1023 392 1052 naves
426 1007 703 1068 legionesque
741 1006 802 1050 ad
836 1009 1062 1050 Caesarem
1092 1004 1335 1048 veniebant.
1363 1007 1439 1038 ⁴-
1471 1021 1506 1049 c.
1527 1008 1599 1050 41.
1638 1007 1829 1064 Caesar,
1854 1016 2098 1070 postquam

257 1086 518 1146 Pompeium
550 1084 611 1128 ad
639 1084 936 1145 Asparagium
980 1098 1075 1126 esse
1120 1083 1346 1143 cognovit,
1397 1082 1543 1126 eodem
1579 1100 1678 1127 cum
1713 1088 1912 1131 exercitu
1940 1086 2100 1147 profe·

257 1173 358 1209 ctus
374 1197 388 1221 ‚
421 1191 481 1201 -ν
514 1164 646 1208 tertio
664 1163 734 1207 die
751 1163 799 1206 in
827 1161 1125 1204 Macedoniam
1142 1159 1203 1203 ad
1227 1159 1486 1219 Pompeium
1497 1163 1712 1220 pervenit.
1732 1190 1791 1198 —-
1809 1165 1994 1208 Postero
2027 1164 2099 1208 die

260 1243 462 1287 omnibus
493 1242 659 1302 copiis,
699 1256 857 1301 magno
900 1240 1119 1297 circuitu,
1163 1237 1348 1298 difficili
1384 1246 1662 1300 angustoque
1703 1240 1863 1295 itinere
1895 1240 2101 1302 Dyrrha·

259 1321 409 1365 chium
419 1320 656 1381 profectus
673 1326 764 1371 est,
799 1332 1008 1377 sperans,
1041 1315 1302 1376 Pompeium
1329 1322 1411 1359 aut
1426 1316 1759 1378 Dyrrhachium
1785 1316 1991 1377 compelli
2017 1324 2100 1361 aut

261 1399 316 1443 ab
350 1415 398 1442 eo
432 1397 675 1442 intercludi
700 1412 862 1457 posse,
903 1394 1023 1455 quod
1051 1410 1219 1437 omnem
1245 1400 1535 1437 commeatum
1566 1395 1792 1456 totiusque
1825 1394 1931 1439 belli
1962 1411 2100 1456 appa-

261 1471 413 1521 ratum
444 1493 492 1520 eo
520 1475 808 1520 contulisset:
841 1481 894 1517 ut
925 1471 1103 1516 accidit.
1136 1499 1196 1504 ·--
1229 1486 1265 1516 c.
1287 1474 1359 1516 81.
1392 1471 1504 1529 Ille,
1538 1474 1702 1534 segetis
1724 1471 1930 1516 idoneum
1959 1472 2102 1517 locum

259 1555 309 1600 in
341 1555 466 1616 agris
487 1561 674 1608 nactus,
708 1569 821 1613 quae
845 1567 988 1613 prope
1015 1550 1106 1593 iam
1131 1557 1311 1593 matura
1338 1557 1465 1606 erat,
1496 1549 1562 1594 ibi
1588 1550 1823 1595 adventum
1845 1558 2102 1611 exspectare

259 1634 465 1693 Pompeii
496 1648 630 1692 eoque
651 1647 819 1674 omnem
845 1629 1062 1673 rationem
1081 1627 1189 1671 belli
1215 1627 1417 1687 conferre
1435 1628 1684 1673 constituit.
1747 1643 1786 1672 c.
1811 1630 1883 1671 82.
1917 1629 2102 1686 Pompe-

260 1712 338 1759 ius
350 1712 515 1773 paucis
538 1717 643 1771 post
660 1708 814 1752 diebus
843 1708 891 1750 in
913 1705 1187 1749 Thessaliam
1195 1707 1414 1766 pervenit.
1445 1706 1591 1751 Livius
1609 1706 1720 1767 Epit.
1740 1709 1843 1750 111.
1882 1706 1953 1750 Cn.
1973 1707 2103 1749 Pom·

253 1790 389 1851 peius
419 1787 481 1832 ad
509 1786 840 1849 Dyrrhachium
866 1785 1072 1828 obsessus
1099 1801 1127 1826 a
1158 1785 1341 1827 Caesare
1358 1792 1402 1828 et
1427 1783 1677 1845 praesidiis
1701 1784 1797 1828 eius
1817 1801 1916 1828 cum
1942 1800 2103 1844 magna
2181 1801 2186 1806 ’
2208 1772 2210 1788 ¹

262 1866 387 1912 clade
409 1866 608 1910 diversae
622 1864 776 1924 partis
799 1863 1090 1923 expugnati-5,
1123 1861 1351 1906 obsidione
1380 1861 1618 1920 liberatus,
1654 1863 1873 1908 translato
1897 1865 1946 1908 in
1972 1864 2103 1907 Thes-

262 1946 426 1990 saliam
454 1944 592 1999 bello‚
621 1951 703 1988 cet.
768 1939 884 1986 Conf.
910 1938 1132 1984 learch.
1165 1942 1280 1984 Caes.
1310 1956 1346 1983 e.
1365 1941 1437 1983 37.
1465 1955 1556 2001 sqq.
1621 1941 1697 1985 Dio
1729 1954 1817 1986 xm.
1850 1957 1886 1986 c.
1920 1944 1979 1985 44
2012 1957 2104 2004 sqq.

263 2026 446 2087 Appian.
476 2028 522 2067 B.
542 2027 584 2067 C.
606 2035 656 2067 11.
689 2037 725 2065 c.
745 2023 804 2064 54
822 2036 914 2080 sqq.
978 2021 1129 2062 Zonar.
1158 2031 1201 2062 x.
1235 2034 1270 2062 c.
1291 2020 1332 2062 8.
1720 2019 1723 2021 ’

342 2128 405 2204 (2)
448 2128 732 2200 Pompeius
767 2128 822 2180 in
861 2123 1060 2197 praelio
1098 2122 1164 2177 ad
1198 2121 1516 2180 Pharsalum
1538 2164 1553 2186 ,
1595 2121 1736 2193 quod
1770 2129 1982 2193 gestum
2023 2129 2104 2178 est

264 2248 310 2287 a.
334 2230 384 2285 d.
407 2249 456 2284 v.
492 2230 568 2284 Id.
597 2229 740 2284 Sext.
777 2228 860 2300 [z
892 2230 924 2280 9
949 2226 1092 2280 Sext.
1130 2222 1310 2299 (Aug.)
1338 2227 1445 2278 706
1485 2239 1560 2283 τε,
1592 2226 1624 2277 6
1648 2222 1790 2277 Iunii
1820 2227 1888 2278 48
1912 2228 1962 2282 a.
1985 2224 2064 2298 C.]
2087 2267 2101 2290 ,

265 2332 478 2386 amissis
506 2328 820 2401 turpissime
853 2327 1072 2389 eastriS‚
1095 2342 1125 2379 a
1145 2325 1368 2378 Caesare
1390 2323 1646 2378 vincitur.
1690 2340 1797 2377 vm.
1828 2322 1990 2380 αδδ.
2015 2329 2105 2380 97.
2144 2387 2148 2391 ,
2205 2310 2207 2314 ’

329 2433 476 2478 Livius
488 2431 601 2492 Epit.
623 2433 725 2474 111.
762 2430 835 2472 Gn.
858 2427 1099 2488 Pompeius
1131 2453 1190 2460 —-
1224 2424 1446 2469 translato
1462 2425 1510 2468 in
1532 2423 1805 2468 Thessaliam
1824 2424 1961 2481 bello,
1985 2424 2110 2486 apud

269 2509 560 2555 Pharsaliam
593 2508 687 2551 acie
713 2508 859 2550 victus
898 2513 977 2550 est.
1011 2531 1072 2540 -
1105 2508 1254 2549 Caesar
1283 2507 1328 2547 B.
1355 2506 1398 2547 C.
1429 2515 1499 2546 111.
1526 2518 1562 2546 c.
1591 2506 1663 2546 85.
1695 2501 1965 2563 Pompeius,
2000 2505 2109 2564 quia

269 2598 420 2635 castra
462 2589 510 2632 in
542 2586 653 2631 colle
693 2585 909 2638 habebat,
956 2583 1017 2626 ad
1041 2582 1226 2642 infimas
1252 2580 1425 2624 radices
1461 2580 1626 2624 montis
1657 2581 1797 2623 aciem
1828 2581 2108 2637 instruebat,

270 2685 464 2729 semper,
507 2673 560 2709 ut
588 2663 850 2718 videbatur,
883 2667 1114 2722 spectans,
1150 2659 1193 2702 si
1227 2658 1401 2716 iniquis
1437 2657 1546 2701 locis
1589 2659 1750 2702 Caesar
1781 2675 1829 2703 se
1856 2660 2108 2706 subiiceret.

273 2749 466 2800 caesar,
513 2742 642 2787 nulla
677 2742 850 2785 ratione
882 2739 943 2783 ad
971 2754 1172 2798 pugnam
1213 2736 1318 2786 elici
1347 2746 1482 2795 posse
1514 2735 1772 2796 Pompeium
1818 2737 2113 2790 emi-stimans,

273 2825 384 2869 hanc
411 2823 502 2867 sibi
528 2819 924 2865 commodissimam
942 2817 1048 2861 belli
1070 2816 1287 2859 rat-ionem
1314 2813 1558 2868 iudicavit,
1591 2815 1665 2858 uti
1689 2821 1839 2857 castra
1864 2830 1920 2858 ecc
1946 2830 1994 2858 eo
2019 2814 2110 2858 loco

272 2908 461 2947 moveret
487 2914 741 2960 semperque
768 2897 959 2946 essetin
989 2893 1229 2939 itineribus
1257 2899 1338 2935 cet.
1403 2906 1439 2934 c.
1459 2893 1532 2935 96.
1564 2892 1804 2952 Pompeius
1825 2893 1943 2949 iam,
1976 2909 2112 2953 quum

273 2982 397 3025 intra
438 2976 607 3022 vallum
648 2977 793 3020 nostri
821 2980 1127 3021 versarentur,
1181 2986 1341 3032 equum
1371 2978 1563 3024 nactus,
1606 2969 1819 3016 detractis
1857 2969 2108 3030 insignibus

238 3040 243 3044 ὁ
271 3056 599 3120 imperatoriis,
633 3053 871 3098 decumana
894 3059 1027 3112 porta
1063 3066 1109 3094 se
1142 3066 1198 3093 ex
1227 3047 1391 3092 castris
1424 3048 1554 3092 eiecit
1579 3048 1876 3108 protinusque
1909 3064 2020 3108 equo
2047 3049 2108 3092 ci-

273 3145 368 3181 tato
407 3134 637 3178 Larissam
668 3130 904 3175 contendit.
983 3131 1130 3188 Neque
1163 3126 1229 3170 ibi
1269 3125 1496 3180 constitit,
1546 3124 1627 3169 sed
1662 3125 1810 3170 eadem
1849 3126 2106 3184 celeritate,

265 3229 438 3277 paucos
465 3227 570 3255 suos
595 3228 650 3254 ea·
672 3210 797 3270 suga
827 3215 1012 3262 nactus,
1044 3212 1256 3248 nocturno
1279 3203 1439 3246 itinere
1465 3219 1552 3246 non
1575 3203 1855 3260 intermisso,
1889 3204 2104 3248 comitatu

275 3293 474 3354 equitum
506 3290 697 3350 triginta
729 3286 789 3330 ad
817 3301 936 3328 mare
955 3283 1159 3345 pervenit
1191 3297 1430 3341 navemque
1450 3281 1806 3340 frumentariam
1839 3281 2102 3327 conscendit.

274 3371 391 3417 Conf.
411 3374 588 3414 Sueton.
617 3372 728 3412 Caes,
754 3381 787 3408 c.
816 3368 888 3408 35.
923 3362 1096 3406 Orosius
1115 3374 1178 3404 Vl.
1196 3376 1231 3404 c.
1249 3364 1319 3404 15.
1352 3359 1505 3403 Florus
1524 3373 1587 3403 lv.
1605 3374 1640 3402 c.
1659 3361 1700 3403 2.
1721 3363 1779 3402 38
1802 3375 1890 3421 sqq.
1926 3363 2102 3420 Eutrop.
2146 3407 2152 3413 ,

274 3463 340 3495 VI.
374 3465 410 3493 c.
429 3452 488 3492 20
505 3464 565 3509 sq.
624 3445 700 3489 Dio
734 3455 820 3487 XLI.
855 3458 890 3486 e.
927 3444 984 3484 55
1012 3456 1100 3501 sqq.
1168 3451 1276 3482 XLH.
1305 3454 1339 3485 e.
1360 3442 1387 3481 3
1420 3454 1509 3500 sqq.
1577 3438 1756 3499 Appian.
1778 3441 1822 3480 B.
1843 3441 1886 3481 C.
1906 3451 2022 3499 1130.
2046 3442 2104 3482 65

270 3545 359 3591 sqq.
440 3523 660 3571 Plutarch.
692 3526 805 3567 Caes.
847 3537 881 3564 c.
904 3522 959 3563 42
983 3534 1072 3579 sqq.
1138 3515 1201 3561 ld.
1236 3520 1379 3577 Pomp.
1409 3532 1443 3561 c.
1479 3519 1537 3561 68
1571 3533 1663 3579 sqq.
1719 3520 1903 3564 Zonaras
1933 3531 1974 3561 x.
2008 3533 2044 3562 c.
2064 3519 2105 3561 9.
