2150 3990
550 223 605 279 ι..
629 224 689 278 ν.
729 220 984 279 axvlu.
1027 221 1161 296 sis
1200 249 1275 261 -
1312 237 1359 273 ο.
1385 219 1492 275 xx.
1537 220 1687 294 551.
1902 224 2006 279 ειν

198 375 296 431 lias
315 372 592 432 seditionis
616 373 895 431 Clodianae
914 414 928 440 ,
961 372 1085 447 qui,
1124 370 1252 428 dum
1285 370 1431 427 cives
1463 370 1531 428 dc
1566 369 1775 427 civibus
1808 371 2008 444 aliquid

200 475 494 539 timebant,
535 488 827 547 numquam
864 472 931 531 de
967 489 1025 529 se
1059 470 1470 546 pertimuerunt.

273 673 409 731 xix.
488 678 578 730 49.
620 673 855 731 Veniunt
877 681 894 715 ¹
936 672 1201 731 Kalendae
1232 671 1504 734 lanuarii;
1560 671 1698 744 qui²
1739 669 1856 727 dies
1895 679 2012 745 post

190 771 400 829 obitum
451 788 809 847 occasumque
864 779 1110 831 nostrum
1162 771 1489 846 reipublicae
1551 771 1760 845 primus
1817 771 2012 829 illuxit.

69 924 73 927 ,
191 870 450 930 Kalendis
467 878 489 913 ⁸
534 873 704 946 igitur
741 873 852 930 Ian.
900 880 1243 947 posteaquam
1274 871 1404 928 orba
1447 870 1748 945 respublica
1778 870 2015 927 consulis

197 970 358 1029 iidem
379 1010 394 1039 ‚
443 977 721 1046 tamquam
753 973 982 1047 legitimi
1019 974 1217 1032 tutoris
1236 1014 1252 1040 ,
1291 972 1631 1047 imploravit,
1670 972 1728 1029 Ρ.
1757 971 2018 1029 Lentulus

190 1071 384 1129 consul
404 1113 420 1139 ,
458 1089 654 1147 parens
667 1115 683 1140 ‚
722 1073 855 1131 deus
875 1073 1067 1132 salutis
1107 1079 1352 1143 nostrae,
1390 1073 1533 1130 vitae
1547 1114 1562 1139 ,
1602 1071 1880 1138 fortunae,
1910 1088 2017 1128 me·

197 1173 428 1240 moriae,
492 1175 756 1243 nominis,
813 1175 1043 1253 simulac
1100 1174 1167 1232 de
1216 1175 1442 1232 solemni
1498 1174 1755 1247 religione
1804 1173 2020 1239 retulit,

197 1271 724 1330 nihil-:humanarum
754 1288 941 1329 rerum
971 1273 1075 1327 sibi
1111 1273 1294 1346 prius,
1332 1290 1496 1346 quam
1528 1274 1596 1330 de
1627 1291 1715 1331 me
1750 1274 2019 1346 agendum

194 1370 473 1429 iudicavit.
549 1371 699 1440 Quae
715 1374 739 1412 ⁴
776 1377 896 1426 tum
934 1369 1237 1444 frequentia
1279 1374 1532 1428 senatus!
1571 1389 1711 1446 quae
1746 1381 2019 1447 exspecta·

191 1471 276 1529 ‚tis
308 1469 522 1547 populi!
562 1471 658 1546 qui
688 1486 987 1529 concursus
1018 1470 1318 1545 legatorum
1335 1487 1403 1529 ex
1435 1470 1590 1530 ltalia
1621 1475 1845 1530 cunctat
1884 1490 2024 1549 quac

190 1573 401 1640 vatus,
437 1571 610 1641 actio,
667 1572 907 1646 gmvitas
963 1572 1021 1629 Ρ.
1061 1571 1275 1630 Lentuli
1325 1573 1565 1632 consulis
1615 1572 1753 1631 fuit!
1805 1581 1874 1631 a·
1916 1592 2024 1649 quo

198 1689 304 1732 nou
340 1679 427 1732 est
455 1674 540 1733 ita
562 1673 772 1741 latum,
811 1681 877 1732 ut
918 1673 1055 1732 mihi
1094 1673 1319 1732 Romam
1357 1677 1543 1733 venire
1579 1675 1796 1743 liceret,
1833 1676 1928 1733 sed
1961 1694 2026 1736 υτ

197 1789 433 1834 masn-
510 1775 628 1834 Nou
664 1776 812 1834 enim
848 1774 1020 1834 voluit
1055 1775 1148 1844 id,
1198 1775 1341 1851 quod
1380 1776 1610 1844 licebat,
1649 1776 1819 1844 ferre,
1858 1784 1922 1835 ut
1965 1778 2024 1834 li·

191 1874 510 1942 ωιτη-ωᾶ-
542 1891 632 1934 me
655 1877 748 1934 -ita
791 1893 911 1935 esse
954 1878 1011 1934 in
1053 1877 1358 1953 republica,
1396 1879 1572 1953 magis
1622 1886 1686 1936 ut
1735 1880 2027 1936 arcessitus

190 1976 425 2053 ‘imperio
453 1977 651 2054 populi·
681 1977 910 2037 Romani
949 1978 1191 2047 viderer,
1229 1995 1394 2054 quam
1436 1979 1505 2037 ad
1541 1979 2026 2038 administrandam

195 2078 474 2137 civitatem
511 2080 818 2137 restitutus.
898 2084 988 2138 250.
1028 2081 1219 2150 Quae·
1242 2082 1409 2137 etiam
1447 2081 1509 2151 Q.
1531 2081 1759 2148 Metelli,
1797 2083 1902 2138 viri
1921 2082 2027 2139 cla·

198 2177 403 2235 rissimi
416 2178 749 2246 ,moderatio
766 2178 834 2236 de
853 2182 971 2236 mel
1011 2181 1106 2254 qui
1119 2222 1136 2247 ,
1155 2196 1325 2254 quum
1346 2181 1662 2238 inimicitias
1680 2181 1783 2238 sibi
1816 2198 2028 2239 mecum

197 2299 264 2341 ex
294 2278 622 2356 reipublicae
659 2278 991 2337 dissensione
1039 2288 1318 2356 susceptas
1368 2298 1486 2339 esse
1528 2282 1789 2350 dixisset,
1835 2300 1926 2340 eas
1971 2301 2031 2340 se

198 2382 443 2465 patribus
477 2381 801 2454 conscriptis
857 2379 996 2436 dixit
1049 2386 1107 2438 et
1149 2382 1484 2455 temporibus
1527 2382 1855 2456 reipublicae
1912 2401 2028 2458 per·

200 2484 530 2541 mimum:
567 2487 624 2538 et
642 2485 684 2547 ⁷,
742 2496 906 2554 quam
949 2480 1123 2555 legem
1168 2498 1287 2539 esse
1343 2481 1589 2539 homines
1645 2483 1960 2540 alienissimi
2000 2502 2029 2541 a

193 2586 269 2643 Ρ.
292 2583 478 2642 Clodio
515 2581 848 2648 indicarent,
887 2582 1011 2638 Piso
1047 2588 1102 2638 et
1144 2582 1407 2639 Gabinius
1427 2624 1442 2649 ‚
1481 2599 1602 2640 eam
1640 2584 1847 2641 nullam
1884 2602 2030 2652 esse,

89 2743 92 2747 .
191 2684 367 2744 frater
385 2685 443 2743 P.
470 2682 671 2750 clodii,
710 2698 880 2757 quum
899 2681 967 2740 de
998 2699 1087 2740 me
1119 2683 1188 2741 ad
1219 2691 1469 2743 senatum
1489 2683 1677 2741 retulit
1697 2726 1712 2751 ‚
1753 2685 2029 2745 iudicavit.

277 2886 390 2944 XX.
469 2891 558 2943 151.
600 2885 740 2942 'rum
760 2891 782 2926 ⁰
821 2850 1070 2960 princeps
1120 2892 1342 2960 rogatus
1387 2887 1711 2943 sententiam
1756 2887 1814 2943 1..
1849 2889 2031 2955 Cotta,

212 2989 350 3046 dixit
388 2987 444 3044 id
464 3030 479 3054 ‚
531 2986 673 3061 quod
722 2986 1104 3059 dignissimum
1143 2987 1416 3062 republica
1461 2988 1593 3053 fuit,
1650 2987 1789 3042 nihil
1842 2990 1907 3044 de
1951 3007 2033 3045 me

205 3099 375 3147 actum
422 3104 532 3147 esse
568 3090 719 3155 iure,
769 3088 908 3143 nihil
945 3106 1088 3145 more
1136 3091 1393 3147 maiorum
1414 3133 1429 3155 ,
1481 3088 1618 3143 nihil
1653 3088 1888 3163 leqibus:
1932 3109 2033 3147 non

266 3301 304 3358 ¹)
334 3298 446 3346 lbid.
473 3315 510 3346 c.
544 3303 617 3345 33.
663 3300 689 3357 ᾗ
723 3300 793 3345 72.
838 3326 896 3333 -
946 3301 982 3359 ²)
1014 3300 1059 3344 in
1085 3300 1219 3345 Pison.
1252 3315 1289 3346 c.
1315 3302 1387 3344 15.
1427 3300 1451 3357 §
1486 3300 1561 3342 34.
1595 3323 1650 3331 ·-
1684 3299 1725 3358 ³)
1760 3297 1813 3344 ad
1841 3299 2034 3359 Quirites

206 3383 300 3438 post
327 3376 454 3424 redit.
487 3392 524 3424 c.
553 3381 595 3423 5.
634 3378 659 3435 §
689 3379 762 3422 11.
812 3400 870 3410 ·-
916 3378 957 3435 4)
989 3392 1065 3438 pro
1096 3377 1240 3423 Sextio
1278 3392 1314 3421 c.
1347 3378 1420 3420 33.
1462 3376 1486 3434 §
1523 3377 1595 3421 72.
1629 3401 1686 3411 —-
1719 3379 1759 3437 ⁵)
1793 3393 1867 3439 pro
1900 3378 2032 3423 Domo

205 3468 283 3500 sua
315 3470 353 3502 c.
374 3457 447 3500 2⁷.
469 3457 496 3515 §
515 3458 587 3501 71.
625 3479 679 3487 -
718 3454 759 3512 ⁶)
792 3469 868 3517 pro
899 3454 1042 3500 Sextio
1078 3472 1114 3502 c.
1147 3459 1218 3502 33.
1245 3457 1358 3512 §72
1394 3479 1452 3488 —
1487 3455 1526 3511 7)
1557 3467 1633 3516 pro
1655 3456 1789 3501 Domo
1806 3469 1883 3501 sua
1903 3457 2037 3499 c.27.

209 3533 234 3590 ᾗ
268 3535 339 3578 7⁰.
365 3545 432 3568 *·-
466 3535 506 3595 8)
535 3549 609 3597 pro
642 3531 784 3579 Sextio
811 3549 847 3578 c·
885 3536 957 3580 34.
991 3536 1113 3592 §73.
1622 3557 1626 3563 ·
