2210 3970
224 209 330 260 552
683 218 1010 256 ANNALES
1067 219 1575 262 CICERONIANI.

223 350 451 415 Servili,
491 367 524 404 a
560 349 617 404 L.
635 349 788 404 Fufio
820 347 1241 421 repetundarum
1277 360 1596 414 accusatum
1627 369 1787 428 quem
1817 353 2054 410 defendit

222 451 287 511 M.
323 452 604 507 Antonius,
639 467 709 507 w.
751 468 798 506 e.
836 454 922 509 15.
959 453 1047 505 56.

283 551 374 597 Liv.
405 552 520 612 Epit.
548 554 622 599 70.
701 550 849 610 Quum
879 551 954 594 Μ’.
981 548 1214 610 Aquillius
1253 548 1306 594 de
1328 552 1539 611 pecuniis
1569 552 1825 613 repetundis
1855 570 2060 600 caussam

225 630 390 678 dicer-et
405 663 419 687 ,
467 630 564 690 ipse
595 627 768 675 iudices
798 644 954 690 rogare
985 628 1144 674 noluit.
1207 631 1267 675 M,
1299 629 1547 686 Antonius,
1582 630 1664 690 qui
1690 647 1774 691 pro
1805 647 1854 676 eo
1879 649 2060 693 perora·

226 709 332 765 bat,
373 708 568 755 tunicam
612 724 642 754 a
669 715 846 768 pectore
876 707 975 751 eius
1007 705 1192 750 discidit
1209 740 1222 762 ‚
1265 713 1318 752 ut
1350 705 1556 753 honestas
1595 708 1826 756 cicatrices
1863 709 2062 757 ostende-

225 794 318 835 ret.-
366 786 531 847 quibus
572 785 819 846 conspectis
835 817 849 841 ‚
889 783 1196 830 indubitanter
1236 784 1471 831 absolutus
1509 793 1589 833 est.
1665 786 1812 832 Cicero
1856 787 1955 831 eius
1996 789 2066 833 rei

226 863 350 911 solus
381 871 550 910 auctor.
616 863 700 907 Cic.
723 862 769 905 in
793 863 914 906 Verr.
942 864 1038 904 Act.
1058 872 1108 908 11.
1135 864 1180 904 L.
1200 873 1243 906 v.
1272 876 1308 910 c.
1328 867 1367 907 1.
1387 866 1429 908 3.
1476 865 1606 910 Venit
1636 864 1750 909 mihi
1774 865 1824 909 in
1848 873 2063 924 mentem,

228 943 277 986 in
307 941 476 986 iudicio
507 942 585 986 Μ’.
610 938 806 1002 Aquillii
836 944 1054 998 quantum
1085 939 1404 997 auctoritatis,
1436 950 1653 1002 quantum
1682 943 1893 987 momenti
1921 945 2068 991 oratio

228 1025 287 1067 M.
303 1021 488 1067 Antonii
519 1019 726 1064 habuisse
757 1016 1019 1060 escistimata
1050 1017 1136 1061 sit.-
1168 1018 1269 1078 qui,
1301 1025 1355 1067 ut
1386 1027 1483 1064 erat
1512 1021 1562 1064 in
1593 1018 1774 1064 dicendo
1804 1036 1892 1065 non
1920 1021 2065 1067 solum

228 1099 439 1159 sapiens,
485 1096 566 1143 sed
595 1096 729 1144 etiam
759 1094 910 1152 fortis
928 1126 941 1149 ‚
988 1109 1150 1139 caussa
1175 1111 1314 1156 prope
1336 1104 1552 1156 perorata
1568 1129 1583 1153 ,
1629 1097 1728 1158 ipse
1760 1097 1958 1159 arripuit
1988 1101 2069 1149 Μ’.

229 1174 481 1236 Aquillium
517 1172 840 1234 constituitque
880 1172 929 1216 in
959 1180 1195 1232 conspectu
1236 1174 1432 1219 amnium
1463 1174 1747 1236 tunicamque
1789 1175 1887 1223 eius
1928 1192 1958 1220 a
1987 1192 2069 1238 pe·

230 1262 349 1301 ctare
371 1252 588 1310 abscidit,
619 1259 673 1297 ut
702 1249 934 1296 cicatrices
955 1247 1159 1311 populus
1190 1252 1416 1297 Romanus
1439 1251 1698 1314 iudicesque
1722 1254 1971 1316 aspicerent
1992 1254 2070 1302 ad·

169 1328 171 1330 ’
230 1349 356 1379 verso
387 1347 564 1393 corpore
596 1334 827 1393 exceptas:
873 1325 1013 1373 simul
1048 1333 1092 1370 et
1123 1326 1176 1371 de
1206 1328 1288 1373 illo
1319 1329 1525 1388 vulnere,
1573 1331 1695 1393 quod
1731 1332 1812 1380 ille
1843 1334 1892 1378 in
1923 1334 2070 1395 capite

231 1410 287 1455 ab
319 1410 514 1455 hostium
547 1407 655 1455 duce
686 1411 941 1466 acceperat,
972 1402 1118 1449 multa
1148 1403 1292 1463 dixit,
1323 1423 1460 1468 eoque
1490 1408 1685 1460 adduxit
1708 1427 1807 1468 eos,
1839 1411 1922 1471 qui
1943 1419 2072 1461 erant

229 1488 499 1543 iudicaturi,
531 1485 803 1534 vehementer
829 1490 881 1527 ut
910 1489 1183 1540 vererentur,
1215 1500 1294 1541 ne,
1342 1502 1471 1546 quem
1501 1488 1647 1534 virum
1667 1488 1866 1548 fortuna
1897 1506 1952 1534 ex
1995 1490 2070 1536 110.

230 1568 371 1613 stium
403 1565 509 1610 telis
540 1563 780 1624 eripuisset
797 1594 811 1618 ,
843 1578 982 1621 quum
1013 1561 1104 1606 sibi
1131 1563 1228 1622 ipse
1258 1578 1345 1608 non
1352 1566 1658 1627 pepercisset,
1691 1565 1762 1611 hic
1790 1582 1877 1611 non
1906 1565 1969 1615 ad
1988 1583 2071 1628 po-

222 1644 331 1712 puli
361 1642 550 1690 Romani
581 1640 778 1696 laudem,
813 1639 894 1683 sed
922 1639 983 1683 ad
1011 1638 1210 1686 iudicum
1250 1640 1559 1687 crudelitatem
1589 1643 1815 1692 videretur
1851 1660 1946 1689 esse
1977 1661 2069 1693 ser·

229 1732 376 1768 vatus.
441 1721 504 1766 ld.
527 1720 580 1764 de
607 1722 726 1765 Orat.
752 1733 803 1765 11.
836 1735 872 1764 c.
890 1722 963 1764 28.
994 1721 1098 1765 124.
1136 1720 1244 1762 Tum
1273 1720 1481 1777 Crassus,
1518 1723 1582 1769 Tu
1605 1737 1705 1766 vero
1722 1756 1737 1780 ,
1768 1724 1946 1785 inquit,
1975 1726 2064 1772 An-

231 1802 357 1857 toni,
375 1815 543 1861 perge,
575 1806 629 1846 ut
659 1798 918 1846 instituisti.
952 1823 1012 1830 —
1048 1795 1178 1854 Quod
1206 1797 1322 1840 enim
1352 1805 1686 1856 ornamentum,
1718 1819 1833 1862 quae
1861 1804 1954 1862 vis,
1985 1806 2068 1866 qui

231 1881 433 1935 animus,
466 1893 581 1938 quae
613 1876 814 1937 dignitas
839 1874 915 1919 illi
944 1874 1114 1918 oratori
1144 1872 1316 1937 defuit,
1348 1875 1431 1934 qui
1452 1875 1500 1920 in
1525 1892 1687 1923 caussa
1702 1881 1955 1941 peroranda
1978 1900 2066 1929 non

231 1957 452 2004 dubitavit
468 1956 665 2002 excitare
689 1971 813 1998 reum
831 1952 1106 1998 consularem
1123 1960 1167 1998 et
1183 1952 1281 1998 eius
1306 1951 1544 2002 diloricare
1558 1957 1755 2002 tunicam
1772 1967 1816 2005 et
1840 1960 2066 2007 indic-ibn,

229 2036 461 2083 cicatrices
476 2033 686 2080 adversas
701 2031 822 2076 senis
832 2031 1117 2092 imperatoris
1127 2028 1391 2074 ostendere?
1421 2030 1586 2078 lbid.c.
1605 2037 1795 2083 42194.
1829 2039 2068 2095 (Antonius

229 2115 450 2177 loquitur)
482 2111 628 2157 Nolite
644 2109 903 2158 existimare
917 2108 1160 2169 meipsum,
1184 2135 1245 2143 —
1267 2126 1406 2170 quum
1419 2112 1534 2163 mihi
1559 2115 1634 2158 Μ’.
1648 2114 1880 2174 Aquillius
1896 2116 1946 2162 in
1960 2117 2068 2162 eivi-

232 2201 326 2241 tate
349 2189 606 2238 retinendus
623 2194 760 2244 esset,
783 2203 898 2249 quae
921 2187 969 2230 in
992 2185 1078 2230 illa
1099 2202 1260 2232 caussa
1274 2189 1530 2250 peroranda
1541 2189 1758 2249 fecerim,
1782 2194 1879 2238 sine
1909 2211 2068 2257 magno

231 2270 379 2319 dolore
399 2269 588 2329 fecisse.
655 2267 794 2326 Quem
819 2265 936 2312 enim
963 2280 1041 2325 ego
1068 2263 1290 2309 consulem
1312 2265 1496 2331 fuisse,
1529 2268 1839 2330 imperatorem
1860 2280 2066 2318 ornatum

231 2366 260 2394 a
290 2355 449 2395 senatu
465 2379 480 2404 ,
511 2353 711 2392 ovantem
743 2346 793 2389 in
827 2343 1099 2406 Capitolium
1135 2342 1389 2389 ascendisse
1420 2347 1741 2404 meminissem,
1784 2347 1898 2393 hunc
1930 2365 2068 2410 quum

232 2428 483 2490 afflictum,
531 2423 812 2472 debilitatum
829 2455 844 2479 ‚
887 2428 1149 2468 maerentem
1163 2453 1177 2478 ,
1220 2415 1286 2466 in'
1304 2421 1524 2490 summum
1558 2422 1794 2470 discrimen
1827 2423 2069 2477 adductum

232 2506 446 2560 viderem,
480 2518 566 2548 non
585 2502 721 2563 prius
751 2515 851 2545 sum
873 2507 1059 2544 conatus
1088 2500 1440 2544 misericordiam
1470 2498 1582 2545 aliis
1610 2518 1874 2554 commovere
1889 2537 1903 2561 ,
1937 2522 2071 2572 quam

234 2578 540 2628 misericordia
569 2594 669 2626 sum
699 2578 798 2639 ipse
827 2585 1001 2640 eaptus.
1075 2578 1208 2621 Sensi
1237 2577 1470 2637 equidem,
1509 2586 1605 2623 tum
1634 2596 1792 2641 magno
1823 2595 1952 2647 opere
1982 2599 2073 2633 mov

234 2661 328 2710 veri
366 2658 564 2713 iudices,
607 2671 746 2716 quum
782 2653 978 2699 excitavi
1012 2661 1231 2699 maestum
1271 2671 1325 2700 ac
1364 2652 1643 2703 sordidatum
1673 2673 1819 2706 senem
1849 2666 1894 2704 et
1933 2676 2073 2721 quum

231 2741 326 2787 ista
341 2737 467 2794 feci,
498 2751 614 2796 quae
646 2741 720 2790 tu,
757 2733 937 2788 Crasse,
969 2731 1152 2788 laudas,
1184 2747 1272 2778 non
1285 2741 1408 2790 arte,
1430 2734 1589 2783 —sed
1606 2744 1730 2781 motu
1754 2751 1912 2799 magno
1929 2722 2071 2788 animi

236 2834 288 2862 ac
320 2815 491 2870 dolore,
530 2820 583 2860 ut
616 2811 907 2861 discinderem
939 2811 1159 2867 tunicam,
1202 2819 1257 2859 ut
1286 2812 1519 2859 cicatrices
1548 2813 1832 2862 ostenderem.
1897 2817 1962 2863 ld.
1994 2834 2073 2879 pro

233 2895 383 2942 Flacco
408 2910 445 2938 e.
465 2895 538 2938 39.
571 2894 646 2937 98.
692 2892 766 2935 M‘.
797 2889 1050 2950 Aquillium
1073 2898 1232 2951 patres
1261 2891 1407 2937 nostri
1435 2891 1595 2942 multis
1624 2895 1844 2941 avaritiae
1872 2896 2071 2942 crimini,

234 2975 316 3020 bus
348 2971 705 3031 testimoniisque
739 2969 1010 3023 convictum,
1051 2969 1161 3029 quia
1190 2985 1291 3019 cum
1313 2968 1539 3030 fugitivis
1560 2968 1757 3027 fortiter
1787 2971 1950 3019 bellum
1971 2989 2070 3035 32⁸·

232 3059 376 3107 serat,
406 3049 575 3098 iudicio
608 3047 915 3095 liberaverunt.
979 3046 1166 3105 Quintil.
1191 3061 1243 3094 11.
1269 3064 1306 3093 c.
1326 3051 1399 3092 15.
1426 3050 1488 3097 7..
1513 3049 1626 3092 Nam
1652 3057 1697 3094 et
1713 3052 1790 3095 Μ’.
1817 3051 2070 3110 Aquillium

232 3127 473 3190 defendens
507 3127 757 3182 Antonius,
802 3140 938 3184 quum
970 3126 1113 3170 scissa
1143 3136 1262 3172 veste
1293 3126 1553 3182 cicatrices,
1592 3141 1706 3188 quas
1735 3129 1779 3172 is
1802 3145 1886 3190 pro
1911 3131 2070 3191 patria

227 3217 405 3271 pectore
443 3206 626 3251 adverso
665 3203 965 3263 suscepisset,
1008 3205 1233 3261 ostendit,
1268 3222 1355 3252 non
1387 3205 1604 3251 orationis
1636 3205 1792 3253 Incubuit
1814 3206 2038 3268 fiduciam
2057 3242 2070 3265 ,

235 3286 315 3332 sed
343 3284 485 3332 oculis
508 3282 674 3345 populi
706 3283 892 3327 Romani
920 3282 1009 3326 vim
1040 3285 1232 3340 attulit,
1266 3301 1395 3342 quem
1425 3283 1508 3328 illo
1535 3285 1634 3345 ipso
1664 3293 1847 3346 aspectu
1876 3287 2070 3336 maxime

235 3372 402 3411 motum
433 3363 482 3405 in
515 3362 592 3405 hoc
611 3394 624 3417 ,
671 3368 723 3405 ut
754 3360 998 3405 absolveret
1029 3378 1149 3407 reum
1167 3395 1180 3419 ‚
1222 3361 1438 3411 creditum
1473 3369 1551 3411 est.
1615 3361 1731 3411 Conf.
1767 3367 1918 3425 Meyer.
1951 3367 2072 3416 Orat,

238 3447 359 3493 Rom.
388 3443 556 3501 Fragm.
586 3451 725 3489 nvn.
761 3443 802 3489 4.
837 3457 876 3506 p.
894 3442 996 3487 285.
