2210 3970
216 234 332 287 616
696 242 1024 301 ΑΝΝΑιΕε
1081 234 1593 283 CICERONIANI.

221 396 285 434 ex
317 378 442 432 Asia
473 374 705 430 redierat
747 375 815 449 (a.
839 373 988 447 688.)
1028 371 1337 443 triumphus
1370 370 1621 425 decretus
1645 372 1745 423 est.
1786 386 1860 422 111.
1897 386 1942 423 e.
1971 366 2056 423 10.

224 483 295 534 50
332 494 443 548 sqq.

284 578 372 622 cic.
401 593 478 638 pro
511 580 686 621 Murena
717 591 753 619 c.
783 578 857 620 18.
889 577 964 620 37.
1007 577 1057 619 L.
1084 573 1266 618 Luculli
1300 572 1543 626 exercitus,
1586 570 1667 630 qui
1695 568 1755 614 ad
1784 568 2056 628 triumphum

221 661 507 709 convenerat,
549 653 665 697 idem
700 652 896 697 comitiis
926 654 977 697 L.
1000 653 1210 696 Murenae
1229 656 1413 711 praesto
1435 649 1554 708 fuit.
1618 647 1810 692 Velleius
1842 660 1892 692 11.
1925 663 1961 691 c.
1981 651 2054 691 34.

219 736 262 779 2.
295 734 362 778 Et
382 731 563 776 Luculli
590 739 635 795 et
666 728 837 774 Metelli
865 733 925 789 [a.
945 732 1075 788 692.]
1107 728 1382 789 triumphum
1413 743 1550 787 quum
1579 727 1783 787 ipsorum
1808 724 2055 785 singularis

219 811 396 866 virtus,
431 818 525 855 tum
563 810 698 853 etiam
725 807 895 852 invidia
926 808 1128 867 Pompeii
1154 806 1278 867 apud
1305 805 1521 865 optimum
1547 821 1760 866 quemque
1777 804 1899 863 fecit
1922 803 2057 862 favo-

221 888 420 933 rabilem.
454 889 542 930 Per
565 887 667 929 haec
686 894 882 945 tempora
898 887 957 929 M.
980 884 1126 927 Cicero
1143 888 1203 918 —‘-
1218 882 1566 926 coniurationem
1580 884 1807 944 singulari
1814 883 1981 926 virtute
1997 906 2058 915 *-

224 966 415 1026 aperuit.
478 962 564 1008 cfr.
597 963 763 1007 Plinius
791 966 841 1007 H.
874 964 923 1006 N.
956 973 1054 1006 xlv.
1087 964 1158 1006 17.
1187 961 1306 1018 (14.)
1343 968 1503 1004 XXXIV.
1537 961 1610 1002 17.
1642 963 1729 1019 (7.)
1761 963 1835 1006 19.
1864 963 1952 1018 (8.)
1986 963 2058 1003 35.

224 1040 486 1088 Plutarchus
512 1040 685 1086 Lucull.
718 1055 757 1084 c.
790 1043 862 1084 37.
897 1042 938 1084 1.
987 1037 1035 1085 Ὀ
1078 1037 1131 1084 δὲ
1178 1037 1491 1100 Λούκουλλος
1533 1035 1714 1097 ἀναβὰς
1760 1041 1830 1090 εἰς
1869 1037 2057 1098 Ῥώμην

221 1123 412 1184 πρῶτον
438 1118 525 1180 μὲν
549 1118 783 1178 κατέλαβε
814 1117 904 1164 τὸν
921 1117 1134 1176 ἀδελφὸν
1156 1118 1355 1179 Μάρκον
1383 1115 1478 1162 ὑπὸ
1498 1115 1662 1163 Γαΐου
1690 1119 1920 1177 Μεμμίου
1943 1133 2061 1162 κατ-

222 1203 540 1266 ηγορούμενον
568 1199 647 1258 ἐφ’
678 1191 751 1251 οἷς
784 1196 955 1260 ἔπραξε
986 1200 1229 1258 ταμιεύων
1262 1200 1433 1243 Σύλλα
1464 1198 1842 1260 προστάξαντος.
1900 1202 2059 1245 Ἐκεί-

224 1299 310 1328 νου
347 1282 391 1327 δ’
414 1281 771 1343 ἀποφυγόντος,
823 1277 907 1324 ἐπὶ
947 1283 1122 1324 τοῦτον
1154 1277 1307 1323 αὐτὸν
1348 1278 1376 1324 o‘
1405 1278 1636 1340 Μέμμιος
1671 1278 2060 1340 μεταβαῇόμενος

226 1360 471 1424 παρώξυνε
498 1359 584 1406 τὸν
609 1359 761 1419 δῆμον
787 1361 870 1403 καὶ
904 1356 968 1410 ὡς
996 1360 1152 1404 πολλὰ
1180 1357 1541 1420 νενοσφισμένῳ
1570 1362 1650 1405 καὶ
1679 1363 1948 1420 μηκύναντι
1977 1358 2061 1404 τὸν

226 1444 438 1503 πόλεμον
470 1438 661 1486 ἔπεισεν
687 1437 820 1499 αὐτῷ
845 1437 910 1497 μή
925 1437 1099 1483 δοῦναι
1127 1436 1395 1499 θρίαμβον.
1443 1440 1723 1492 Ἐλθόντος
1746 1440 1788 1485 δ’
1811 1443 1883 1492 εἰς
1905 1438 2062 1503 ἀγῶνα

229 1525 318 1566 τοῦ
361 1520 674 1565 Λουκούλλου
715 1517 884 1579 μέγαν,
934 1519 982 1563 οἱ
1015 1519 1199 1578 πρῶτοι
1240 1520 1321 1563 καὶ
1348 1517 1682 1565 δυνατώτατοι
1721 1519 2063 1579 καταμίξαντες

231 1599 439 1653 ἑαυτούς
471 1607 577 1651 ταῖς
609 1598 815 1656 φυλαῖς,
851 1599 1004 1657 πολλῇ
1037 1596 1204 1674 δεήσει
1232 1599 1314 1642 καὶ
1353 1597 1539 1672 σπουδῇ
1572 1600 1720 1658 μόλις
1754 1598 1952 1645 ἔπεισαν
1979 1597 2065 1643 τὸν

229 1680 382 1740 δῆμον
407 1677 670 1741 ἐπιτρέψαι
675 1675 1057 1739 θριαμβεῦσαι,
1093 1693 1150 1722 οι
1155 1694 1211 1733 χ
1250 1675 1409 1738 ὥσπερ
1434 1675 1586 1734 ἔνιοι,
1621 1678 1765 1738 μήκει
1795 1693 1846 1724 τε
1873 1679 2064 1738 πομπῆς

232 1762 313 1805 καὶ
357 1757 542 1816 πλήθει
584 1757 678 1802 τῶν
713 1755 1038 1818 κομιζομένων
1074 1756 1399 1814 ἐκπληκτικὸν
1437 1759 1519 1802 καὶ
1554 1755 1749 1816 ὀχλώδη
1784 1755 2064 1819 θρίαμβον,

230 1838 352 1884 ἀλλὰ
382 1846 486 1890 τοῖς
514 1835 600 1898 μὲν
629 1836 804 1888 ὅπλοις
832 1837 928 1881 τῶν
954 1837 1196 1896 πολεμίων
1233 1830 1348 1882 οὖσι
1372 1838 1679 1897 παμπόλλοις
1715 1838 1802 1884 καὶ
1839 1847 1943 1890 τοῖς
1975 1836 2066 1898 βα·

230 1921 445 1969 σιλικοῖς
482 1915 792 1977 μηχανήμασι
826 1912 910 1960 τὸν
949 1917 1243 1976 Φλαμίνειον
1279 1917 1585 1978 ἱππόδρομον
1617 1916 1934 1977 διεκόσμησε·
1981 1916 2062 1963 καὶ

229 1998 329 2045 θέα
355 2014 431 2049 τις
458 1991 515 2055 ἢν
542 1996 669 2053 αὐτῆ
699 1997 814 2041 καθ’
850 1994 1022 2052 ἑαυτήν
1051 1994 1141 2040 οὐκ
1158 1994 1622 2056 εὐκαταφρόνητος,
1657 1994 1709 2040 ἐν
1736 1996 1791 2043 δὲ
1820 2001 1876 2057 τῇ
1897 2001 2060 2057 πομπῇ

231 2078 324 2125 τῶν
362 2094 413 2123 τε
457 2076 805 2136 καταφράκτων
840 2073 1025 2120 ἱππέων
1047 2071 1219 2136 ὀλίγοι
1254 2077 1336 2120 καὶ
1375 2075 1472 2121 τῶν
1501 2074 1876 2138 δρεπανηφόρων
1911 2077 2068 2138 ἁρμά·

232 2178 325 2207 των
361 2158 479 2217 δέκα
514 2157 794 2218 παρῆλθον,
830 2153 1062 2212 ἑξήκοντα
1087 2151 1141 2200 δὲ
1174 2155 1316 2212 φίλοι
1350 2157 1432 2200 καὶ
1460 2158 1720 2219 στρατηγοὶ
1753 2157 1849 2201 τῶν
1873 2155 2065 2216 βασιλιό

232 2241 353 2294 κῶν,
396 2240 576 2300 μακραὶ
617 2235 670 2282 δὲ
708 2234 1035 2295 χαλκέμβολοι
1068 2237 1178 2292 νῆες
1206 2232 1378 2280 ἑκατὸν
1410 2236 1492 2280 καὶ
1521 2231 1639 2279 δέκα
1681 2235 1781 2294 ἅμα
1809 2238 2065 2296 παρεκομί-

233 2323 452 2379 σθησαν,
489 2317 644 2363 αὐτοῦ
676 2331 727 2362 τε
752 2314 1076 2376 Μιθριδάτου
1102 2316 1314 2377 χρύσεος
1344 2313 1546 2367 ἑξάπους
1571 2315 1833 2370 κολοσσὸς,
1866 2317 1947 2359 καὶ
1974 2317 2065 2361 θυ-
2094 2331 2099 2335 ’

234 2403 344 2464 ρεός
373 2416 449 2451 τις
482 2398 720 2448 διάλιθος
752 2399 836 2441 καὶ
868 2394 1126 2458 φορήματα
1152 2386 1312 2441 εἴκοσι
1341 2391 1428 2454 μὲν
1459 2392 1676 2456 ἀργυρῶν
1702 2394 1910 2450 σκευῶν,
1945 2412 2067 2457 χρυ-

233 2497 329 2526 σων
363 2479 406 2524 δ’
438 2477 736 2536 ἐκπωμάτων
770 2479 850 2520 καὶ
897 2475 1056 2520 ὅπλων
1090 2478 1171 2519 καὶ
1205 2476 1502 2534 νομίσματος
1539 2473 1629 2519 δύο
1665 2477 1746 2520 καὶ
1787 2475 2064 2533 τριάκοντα.

235 2562 403 2606 Ταῦτα
432 2555 517 2617 μὲν
548 2549 634 2601 οὖν
667 2553 835 2618 ἄνδρες
866 2555 1207 2616 παρεκόμιζον·
1245 2551 1443 2612 ἡμίονοι
1470 2552 1512 2596 δ’
1533 2551 1660 2598 όκτὼ
1688 2554 1854 2604 κλίνας
1878 2556 2062 2614 χρυσᾶς

235 2639 430 2701 ἔφερον,
464 2636 512 2688 ἓξ
533 2634 586 2682 δὲ
616 2637 697 2679 καὶ
732 2633 1029 2692 πεντήκοντα
1058 2630 1407 2692 κεχωνευμένον
1424 2630 1678 2695 ἀργύριον,
1717 2631 1857 2677 ἄλλοι
1892 2632 1934 2677 δ’
1953 2631 2064 2678 ἑκα·

239 2720 323 2768 τὸν
358 2717 479 2765 ἑπτὰ
511 2719 807 2777 νομίσματος
839 2714 1047 2776 ἀργυροῦ
1077 2711 1235 2774 μικρῷ
1260 2728 1361 2757 τινι
1393 2711 1599 2764 δεούσας
1621 2711 1952 2772 ἑβδομήκοντα
1981 2717 2063 2760 καὶ

236 2800 492 2849 διακοσίας
518 2794 768 2857 μυριάδας.
835 2792 923 2837 Ἐν
949 2791 1004 2839 δὲ
1035 2778 1229 2851 δέλτοις
1258 2791 1529 2854 ἀναγραφαὶ
1558 2790 1651 2836 τῶν
1685 2791 1772 2850 ἤδη
1799 2791 2065 2851 δεδομένων

235 2879 493 2943 χρημάτων
521 2874 601 2921 ὑπ’
626 2873 784 2920 αὐτοῦ
808 2875 1049 2934 Πομπηίῳ
1072 2871 1189 2934 πρὸς
1213 2870 1298 2918 τὸν
1323 2870 1608 2934 πειρατικὸν
1630 2873 1839 2932 πόλεμον
1861 2875 1941 2919 καὶ
1962 2879 2066 2925 τοῖς

239 2961 322 3006 ἐπὶ
355 2962 444 3004 τοῦ
474 2956 711 3017 δημοσίου
739 2956 962 3015 ταμιείου
994 2954 1075 2998 καὶ
1105 2955 1258 3012 χωρὶς
1286 2952 1367 2998 ὅτι
1400 2949 1701 3014 στρατιώτης
1728 2949 1931 3004 ἕκαστος
1960 2951 2066 2997 ε’ναο

240 3041 410 3090 κοσίας
436 3039 518 3081 καὶ
542 3034 839 3091 πεντήκοντα
862 3032 1079 3095 δραχμὰς
1107 3030 1293 3092 ἔλαβεν.
1357 3034 1478 3086 'Eut
1506 3032 1701 3083 τούτοις
1726 3029 1811 3088 τήν
1839 3048 1890 3076 τε
1919 3033 2064 3078 πόλιν

238 3117 459 3165 εἱστίασε
492 3113 715 3176 λαμπρῶς
748 3115 828 3158 καὶ
856 3112 940 3164 τάς
970 3111 1276 3174 περιοικίδας
1305 3109 1487 3172 κώμας,
1524 3112 1582 3164 ἃς
1608 3111 1807 3163 οὐίκους
1839 3094 2063 3158 καλοῦσι.

318 3230 402 3306 (16)
443 3231 500 3285 P.
542 3226 818 3282 Cornelius
861 3225 1119 3307 Lentulus
1170 3224 1424 3296 Spinther
1474 3223 1575 3279 hoe
1626 3241 1764 3278 anno
1816 3225 2066 3296 magnifi-

242 3332 550 3388 centissima
589 3328 807 3383 functus
836 3333 918 3382 est
958 3325 1244 3380 aedilitate.
1286 3343 1341 3379 11.
1382 3342 1429 3379 c.
1453 3328 1540 3380 22.
1583 3327 1671 3379 60.

303 3430 471 3477 Plinius
511 3433 560 3474 ΙΙ.
592 3430 640 3472 Ν.
674 3441 734 3473 1Χ.
769 3443 804 3473 c.
829 3430 900 3472 39.
929 3428 1046 3487 (63.)
1093 3425 1145 3470 Ρ.
1179 3422 1397 3470 Lentulus
1444 3421 1657 3486 Spinther
1697 3424 1858 3470 aedilis
1895 3427 2066 3471 curulis

239 3512 413 3574 primu-5
455 3506 669 3567 (dibapha
700 3505 855 3566 Tyria)
897 3506 945 3550 in
968 3510 1208 3565 praetexta
1246 3519 1358 3547 usus
1401 3503 1703 3564 improbatur:
1748 3519 1837 3563 qua
1864 3520 2064 3565 purpura
