2210 3970
622 240 678 295 L.
701 240 789 295 lx.
831 237 966 294 «211.
1009 234 1048 310 S
1073 241 1105 291 5
1145 266 1221 275 —
1257 234 1394 289 e.11.
1436 234 1550 308 §6.
1893 238 1999 290 395

181 406 362 445 caussa
374 391 550 463 potius
567 432 582 455 ,
622 409 781 463 quam
800 398 916 455 tua,
955 389 1050 445 tibi
1066 386 1310 451 suadere,
1347 393 1405 440 ut
1431 393 1480 442 te
1511 391 1601 440 aut
1638 400 1757 439 cum
1787 382 2003 439 Caesare

177 491 544 563 nobiscumque
561 491 918 563 coniunyeres,
937 497 1028 544 aut
1045 495 1182 544 certe
1197 488 1255 540 in
1273 487 1434 541 otium
1453 489 1682 559 referres
1698 484 2005 555 :praecipue

182 609 347 657 nunc,
365 591 475 646 iam
490 590 742 645 inclinata
761 591 974 645 victoria
994 631 1011 655 ,
1029 606 1094 643 ne
1105 604 1321 661 possum
1341 586 1550 659 quidem
1567 586 1623 638 in
1653 584 1824 638 ullam
1841 583 2006 638 aliam

175 692 404 747 incidere
440 691 759 763 opinionem,
796 692 901 745 nisi
929 692 986 746 in
1017 707 1162 754 eam,
1197 689 1255 742 in
1292 705 1396 760 qua
1432 685 1628 740 scilicet
1655 684 1750 738 tibi
1787 685 2006 739 suadere

174 792 382 858 videar,
415 792 552 865 quod
566 792 655 863 pie
675 800 842 847 tacere
860 810 960 847 non
973 807 1206 864 possum.
1290 788 1367 844 Tu
1384 796 1587 854 autem,
1607 788 1685 841 mi
1706 786 1880 841 Oicero
1893 826 1909 851 ,
1930 785 2006 841 sic

175 891 301 948 baec
319 891 540 963 accipies
558 933 574 958 ,
612 899 695 958 ut,
733 892 841 948 sive
858 892 1219 966 probabuntur
1248 889 1344 945 tibi
1361 890 1471 947 sive
1488 907 1590 945 non
1617 887 2004 960 probabuntur,

171 992 239 1049 ab
265 994 456 1066 optimo
483 1002 618 1050 certe
647 994 821 1050 animo
847 1012 909 1050 ac
935 992 1255 1050 deditissimo
1283 990 1378 1047 tibi
1409 999 1459 1047 et
1485 990 1705 1064 coqitata
1732 997 1780 1047 et
1813 988 2006 1063 scripta

173 1110 284 1150 osse
318 1093 530 1149 iudices.
610 1098 662 1150 ὅ.
701 1094 1088 1151 Animadvertis
1101 1135 1117 1159 ,
1172 1092 1263 1152 Gn.
1296 1091 1607 1165 Pompeium
1642 1108 1736 1147 nec
1777 1088 2004 1145 nominis

174 1194 286 1261 sui,
334 1211 429 1251 nec
458 1211 638 1251 rerum
673 1203 940 1268 qestarum
965 1195 1136 1268 ylario
1154 1236 1171 1260 ,
1207 1212 1374 1267 neque
1411 1194 1570 1250 etiam
1599 1210 1786 1267 requm
1815 1210 1876 1247 ac
1911 1208 2003 1246 na-

171 1296 370 1351 tionum
400 1295 680 1360 clientelis,
720 1313 851 1368 quas
889 1303 1143 1350 ostentare
1172 1295 1353 1350 crebro
1391 1294 1616 1357 solebat,
1655 1310 1766 1348 esse
1804 1300 2002 1355 tutum,

170 1403 221 1451 et
268 1394 365 1450 boc
401 1395 584 1459 etiam,
634 1394 772 1467 quod
813 1394 998 1465 infimo
1046 1394 1232 1465 antique
1281 1393 1494 1464 contiyit
1514 1433 1528 1455 ‚
1559 1392 1669 1459 villi
1710 1409 1812 1446 non
1849 1409 2005 1462 posse

168 1495 463 1568 continyero
477 1534 495 1560 ,
531 1501 591 1548 ut
626 1491 836 1548 honeste
871 1495 1104 1566 effuqere
1131 1492 1330 1565 possit,
1360 1491 1519 1564 pulso
1555 1490 1718 1546 Italia
1738 1532 1753 1555 ,
1791 1491 2003 1546 amissis

167 1594 469 1669 Hispaniis,
504 1601 652 1666 capto
681 1593 914 1650 exercitu
944 1601 1212 1658 veterano,
1251 1590 1644 1647 circumvallato
1682 1607 1820 1644 nunc
1858 1590 1999 1645 deni-

166 1713 268 1771 que
280 1714 301 1759 ,⁸
337 1694 475 1771 quod
508 1695 679 1751 nescio
713 1711 783 1750 an
818 1694 958 1749 nulli
987 1710 1240 1766 umquam
1283 1699 1459 1747 nostro
1495 1690 1741 1747 acciderit
1775 1691 2002 1762 impera·

166 1797 282 1854 tori.
364 1795 738 1863 Quamobrem,
774 1794 900 1871 quid
931 1803 1022 1851 aut
1050 1794 1147 1849 itte
1177 1811 1390 1867 sperare
1420 1793 1585 1865 possit
1617 1800 1708 1847 aut
1753 1801 1839 1859 tu,
1889 1793 2002 1848 ani·

163 1910 312 1955 mum
354 1898 565 1956 adverte
601 1917 702 1971 pro
738 1906 829 1954 tua
866 1896 1186 1971 pmdeneia:
1233 1895 1312 1950 sic
1349 1894 1489 1950 einim
1525 1893 1812 1968 facillime,
1863 1893 2003 1967 quod

163 1998 273 2055 tibi
306 1998 650 2075 utilissimum
686 1999 816 2064 erit,
866 1997 1071 2054 consilii
1101 1996 1287 2069 capies.
1365 1995 1516 2051 Illud
1550 2003 1726 2050 autem
1764 2003 1813 2050 te
1842 2003 1965 2067 peto
1983 2036 2001 2060 ,

163 2107 258 2167 ut,
303 2101 351 2156 si
384 2100 493 2156 iam
534 2100 631 2156 ille
650 2114 659 2118 “
679 2100 942 2156 evitaverit
993 2098 1088 2154 Ιιοσ
1124 2096 1422 2169 periculum
1459 2103 1508 2151 et
1545 2114 1602 2151 se
1649 2095 1907 2151 abdiderit
1941 2097 2001 2150 in

164 2199 387 2256 classem
405 2242 422 2266 ,
473 2207 529 2255 tu
579 2200 682 2256 tuis
731 2199 888 2254 rebus
943 2197 1183 2253 consulas
1233 2205 1283 2251 et
1332 2195 1614 2269 aliquando
1662 2196 1760 2251 tibi
1797 2197 1998 2270 potius,

162 2318 324 2375 quam
359 2300 550 2366 cuivis,
602 2301 676 2356 sis
711 2301 928 2355 amicus.
1007 2299 1349 2372 Satisfactum
1385 2305 1463 2353 est
1498 2298 1606 2352 iam
1636 2314 1671 2351 a
1707 2305 1757 2351 te
1793 2296 1878 2352 vel
1915 2299 1998 2370 os-

161 2401 311 2474 ficio,
356 2401 441 2456 vel
469 2400 860 2475 familiaritati,
911 2400 1243 2473 satisfactum
1273 2398 1430 2453 etiam
1462 2398 1701 2471 partibus
1737 2406 1788 2453 et
1817 2398 1867 2452 ei
1895 2398 1997 2452 rei·

155 2501 424 2575 publicae,
463 2518 622 2574 quam
653 2508 710 2555 tu
733 2499 1009 2574 probabas.
1088 2502 1141 2554 6.
1182 2498 1462 2571 Reliquum
1488 2506 1593 2563 est,
1629 2497 1721 2552 ubi
1750 2515 1887 2552 nunc
1918 2506 1996 2552 est

157 2601 451 2675 respublica
469 2643 486 2669 ,
521 2602 598 2657 ibi
633 2602 797 2657 simus
825 2601 1003 2674 potius
1020 2642 1036 2666 ,
1074 2617 1263 2674 quam,
1300 2599 1428 2654 dum
1464 2596 1619 2653 illam
1658 2606 1885 2654 veterem
1917 2618 1993 2654 se-

158 2719 416 2776 quamur,
454 2702 618 2758 simus
647 2702 707 2757 in
726 2702 893 2757 nulla.
979 2701 1150 2766 Quare
1168 2701 1351 2766 velim,
1389 2701 1466 2755 mi
1501 2699 1871 2755 iucundissime
1912 2700 1992 2755 Gi·

161 2797 309 2868 ccro,
339 2803 386 2858 si
410 2806 546 2877 sorte
570 2802 872 2876 Pompeius,
904 2803 1094 2875 pulsus
1119 2803 1204 2858 his
1229 2819 1429 2876 quoque
1455 2800 1608 2868 locis,
1638 2820 1826 2856 rursus
1856 2803 1994 2858 alias

159 2901 394 2975 reqiones
423 2909 606 2975 petere
637 2911 874 2975 occatur,
910 2911 971 2958 ut
1006 2912 1064 2958 tu
1090 2912 1139 2959 te
1170 2903 1253 2958 vel
1285 2902 1517 2958 Athenas
1554 2902 1638 2957 vel
1667 2903 1725 2956 in
1753 2904 1993 2975 quamvis

157 3002 384 3076 quietam
431 3003 654 3076 recipias
710 3003 982 3059 civitatem.
1081 3005 1226 3070 Quod
1269 3005 1316 3059 si
1360 3005 1463 3059 eris
1507 3007 1747 3077 facturus
1764 3045 1781 3067 ,
1830 3003 1990 3058 velim

155 3102 288 3160 milii
328 3103 554 3170 scribas,
605 3113 664 3160 ut
701 3122 821 3178 eqo,
873 3106 920 3160 si
954 3105 1064 3161 ullo
1103 3107 1252 3162 modo
1283 3114 1493 3178 potero,
1540 3105 1610 3158 ad
1647 3111 1696 3159 te
1732 3104 1985 3158 advolem.

166 3205 610 3287 Quaecumque-de
642 3213 731 3260 tua
758 3206 1007 3278 diqnitate
1032 3207 1097 3261 ab
1121 3207 1431 3280 imperatore
1458 3211 1609 3261 erunt
1633 3204 1982 3276 impetranda,

156 3324 260 3379 qua
302 3315 376 3362 est
419 3306 738 3362 humanitate
780 3307 1001 3373 Caesar,
1054 3308 1374 3382 facillimum
1413 3305 1512 3360 erit
1555 3305 1620 3359 ab
1659 3323 1716 3359 eo
1748 3305 1842 3359 tibi
1882 3306 1984 3378 ipsi

155 3407 462 3481 impetrare;
514 3415 562 3462 et
600 3425 742 3462 meas
786 3416 956 3463 tamen
994 3427 1173 3482 preces
1211 3408 1350 3481 apud
1393 3425 1511 3462 cum
1554 3423 1655 3462 non
1705 3407 1982 3462 minimum

155 3508 469 3565 auctoritatis
508 3509 773 3564 habituras
799 3519 940 3582 puto.
