2210 3970
711 238 942 277 Annus
1003 240 1049 276 u.
1110 241 1155 275 c.
1221 226 1349 277 710.
1839 231 1944 281 789

118 367 240 431 quod
278 369 437 414 tritum
479 369 524 413 in
563 368 790 414 Graeciam
828 377 921 425 est,
965 385 1051 414 non
1088 370 1184 413 sine
1221 384 1382 414 caussa
1423 368 1706 425 vitavissem,
1739 371 1953 416 Kalendis

120 447 370 494 Sextilibus
402 450 487 508 [τε
504 450 527 491 1
551 448 686 508 Augu]
718 447 817 491 veni
843 449 1122 510 Syracusas,
1155 445 1275 507 quod
1305 446 1360 490 ab
1391 446 1496 491 urbe
1523 463 1574 491 ea
1601 449 1883 493 transmissio
1905 451 1953 494 in

124 527 352 571 Graeciam
385 525 677 572 laudabatur:
710 542 824 587 quae
856 532 1002 570 tamen
1027 524 1134 570 urbs
1166 524 1280 568 mihi
1311 525 1700 583 coniunctissima,
1727 526 1837 588 plus
1863 543 1954 571 una

118 620 185 648 me
217 610 342 649 nocte
373 605 555 665 cupiens
586 604 775 648 retinere
794 637 807 660 ,
840 619 926 648 non
950 603 1118 664 potuit.

194 729 282 804 (¹⁹)
323 729 451 784 Inde
472 737 681 803 postero
701 730 786 785 die
809 747 998 785 navem
1019 729 1357 794 conscendit,
1389 729 1481 784 sed
1513 730 1684 784 ventis
1716 731 1951 787 reiectus

115 828 183 886 ad
212 829 593 902 Leucopetram
616 873 631 896 ,
671 831 1094 903 promontorium
1117 831 1232 900 agri
1256 828 1516 901 Rhegini‚
1545 829 1733 903 (quum
1756 830 1949 903 Rhegi·

37 1007 39 1013 Ι
117 931 175 986 ni
209 930 424 1004 quidam
463 932 630 987 Roma
662 933 935 987 venientes
977 949 1038 987 ea
1079 938 1422 996 narrassent,
1461 947 1597 1003 quae
1628 948 1775 1003 spem
1812 931 1948 987 sace·

34 1069 38 1090 ι
115 1037 238 1088 rent
277 1030 388 1087 fore
429 1038 490 1086 ut
527 1032 790 1087 Antonius
824 1032 1037 1087 cederet
1077 1038 1131 1087 et
1165 1031 1406 1086 Caesaris
1448 1030 1818 1087 interfectores
1851 1032 1950 1088 Ro·

34 1117 47 1194 ζ’
114 1148 260 1188 mam
305 1132 577 1196 redirent,
630 1134 936 1189 Ciceronem
987 1150 1112 1189 vero
1147 1132 1442 1187 desiderari
1481 1140 1565 1199 et,
1624 1133 1765 1206 quod
1812 1132 1950 1189 Urbe

114 1232 358 1300 abesset,
399 1235 643 1289 accusari
693 1234 955 1289 dixissent
978 1233 1017 1306 ‚)
1078 1232 1423 1305 profectionis
1467 1234 1688 1288 consilio
1745 1233 1951 1289 abiecto

35 1342 39 1349 ’
115 1333 338 1388 Romam
376 1341 623 1407 properat
657 1342 711 1390 et
745 1334 883 1407 prid.
927 1334 1041 1389 Kal.
1079 1333 1223 1405 Sept.
1267 1334 1321 1387 in
1363 1333 1555 1387 Urbem
1593 1335 1755 1389 venit.
1836 1334 1951 1403 Quo

114 1433 389 1490 accedenti
430 1451 625 1506 magna
665 1433 957 1489 multitudo
997 1434 1194 1488 civium
1245 1432 1452 1488 obviam
1494 1434 1641 1489 venit
1679 1434 1798 1507 ipsi.

173 1552 260 1599 Cic.
293 1550 347 1598 ad
382 1554 474 1597 Att.
503 1565 600 1597 ΧΠ.
632 1555 671 1598 7.
707 1555 748 1597 1.
817 1553 979 1597 Octavo
1011 1550 1080 1595 Id.
1115 1552 1239 1595 Sext.
1272 1552 1358 1609 [=
1386 1554 1414 1595 6
1440 1553 1578 1611 Augu]
1610 1569 1747 1613 quum
1778 1568 1807 1596 a
1836 1553 1949 1596 Leu-

111 1638 289 1693 copetra
325 1630 562 1692 profectus
593 1654 653 1665 -
685 1629 837 1674 stadia
879 1630 1056 1675 circiter
1100 1642 1185 1674 ccc
1229 1631 1545 1690 processissem
1560 1664 1574 1686 ,
1618 1631 1809 1675 reiectus
1849 1646 1950 1675 sum

111 1715 268 1754 austro
309 1707 552 1753 vehementi
594 1706 656 1751 ad
692 1706 883 1751 eamdem
928 1709 1256 1769 Leucopetram.
1322 1708 1393 1752 Ibi
1423 1725 1559 1769 quum
1589 1716 1766 1753 ventum
1797 1725 1952 1771 etspe-

27 1821 30 1826 .
111 1794 306 1843 ctarem,
349 1788 465 1844 (erat
499 1786 614 1830 enim
646 1784 757 1829 villa
795 1784 963 1829 Valerii
1009 1787 1185 1842 nostri,
1219 1794 1270 1830 ut
1305 1786 1611 1845 familiariter
1643 1803 1779 1831 essem
1812 1795 1854 1831 et
1894 1788 1950 1832 li·

27 1855 30 1859 ²
111 1865 281 1926 beuter)
328 1865 519 1927 Rhegini
549 1864 762 1927 quidam,
795 1864 999 1910 illustres
1043 1864 1263 1921 homines,
1313 1881 1361 1909 eo
1398 1872 1639 1921 venerunt,
1673 1867 1810 1909 Roma
1841 1882 1948 1910 sane

107 1951 301 1990 recentes
331 1969 406 1990 —.
440 1945 557 1988 Haec
591 1942 870 2004 afferebant,
918 1942 1110 1988 edietum
1154 1944 1290 1988 Bruti
1328 1951 1371 1987 et
1418 1944 1565 1987 Cassii
1581 1963 1598 1995 ;
1636 1950 1678 1987 et
1722 1943 1823 1999 sore
1846 1944 1947 2003 sre-

22 2014 24 2018 λ
108 2030 312 2085 quentem
343 2030 545 2067 senatum
572 2020 788 2066 Kalendis
822 2020 1089 2082 [Septemb]
1107 2040 1121 2064 .·
1154 2038 1182 2065 a
1217 2023 1357 2066 Bruto
1381 2029 1424 2065 et
1455 2021 1607 2065 Cassio
1638 2020 1815 2065 litteras
1841 2023 1946 2065 mis-

24 3587 26 3590 <
0 3375 28 3552 =‘=·-⁴.L³'p-e
19 3352 22 3357 Δ
8 3272 25 3339 ·>—⁸·.
4 3206 20 3256 ¹³3,
4 3183 17 3194 3-

108 2116 184 2145 sas
211 2099 273 2146 ad
305 2099 558 2145 consulares
597 2105 639 2142 et
666 2099 917 2160 praetorios
935 2131 948 2155 ,
981 2105 1033 2142 ut
1066 2097 1296 2153 adessent,
1331 2115 1496 2159 rogare.
1563 2101 1789 2143 Summam
1821 2116 1944 2160 spem

107 2177 400 2223 nuntiabant:
425 2176 561 2236 fore,
603 2183 654 2220 ut
689 2175 906 2220 Antonius
937 2174 1137 2231 cederet,
1173 2193 1242 2220 res
1276 2176 1554 2233 conveniret,
1587 2177 1732 2220 nostri
1765 2179 1945 2222 Romam

107 2255 316 2301 redirent.
379 2253 606 2299 Addebant
649 2254 783 2299 etiam
799 2287 813 2309 ,
847 2271 914 2298 me
959 2254 1235 2310 desiderari,
1279 2253 1579 2299 subaccusari.
1647 2254 1770 2312 Quae
1808 2272 1944 2316 quum

106 2334 362 2390 audissem,
410 2334 507 2379 sine
543 2332 642 2377 ulla
689 2331 966 2377 dubitatione
1015 2333 1157 2377 abieci
1204 2331 1440 2376 consilium
1481 2330 1815 2392 profectionis,
1856 2347 1944 2393 quo

104 2411 348 2457 mehercule
374 2428 426 2456 ne
457 2420 589 2457 antea
617 2411 793 2474 quidem
825 2411 1089 2456 delectabar.
1125 2410 1187 2456 ld.
1222 2410 1275 2454 ad
1302 2408 1587 2455 Cornificium
1619 2408 1694 2466 (ad
1723 2412 1840 2454 Fam.
1860 2422 1947 2455 ΧΠ.

104 2493 178 2534 25.
212 2492 278 2550 3.)
341 2491 440 2552 Ego
484 2498 662 2536 tuorum
705 2489 994 2534 consiliorum
1025 2497 1181 2534 auctor
1216 2488 1540 2550 dignitatisque
1565 2486 1759 2545 fautor,
1797 2487 1944 2531 iratus

103 2569 401 2631 temporibus,
447 2570 496 2614 in
533 2568 760 2614 Graeciam
796 2567 1031 2629 desperata
1074 2567 1279 2611 libertate
1322 2565 1555 2627 rapiebar:
1588 2583 1725 2626 quum
1757 2583 1823 2610 me
1854 2574 1944 2611 ete·

102 2647 228 2703 siae,
261 2647 394 2707 quasi
427 2645 527 2691 boni
558 2647 700 2702 cives,
733 2645 1053 2706 relinquentem
1084 2645 1398 2707 rempublicam
1424 2646 1640 2706 prosequi
1672 2644 1939 2701 noluerunt,

102 2732 340 2786 austerque
369 2721 579 2769 adversus
611 2725 805 2769 maximo
820 2724 951 2783 flatu
984 2741 1052 2767 me
1079 2723 1140 2767 ad
1159 2722 1347 2767 tribules
1375 2731 1476 2767 tuos
1512 2722 1729 2784 Rhegium
1756 2722 1939 2779 retulit,

103 2810 243 2862 atque
268 2801 369 2847 inde
400 2803 573 2858 ventis,
607 2804 740 2847 remis
767 2804 815 2847 in
844 2803 1047 2864 patriam
1074 2802 1193 2844 omni
1223 2800 1526 2858 festinatione
1559 2804 1808 2862 properavi.
1874 2803 1938 2848 ld.

103 2881 286 2943 Philipp.
318 2895 346 2926 1.
380 2897 416 2925 c.
446 2885 487 2926 3.
519 2884 558 2924 7.
627 2879 770 2937 Quum
798 2887 947 2924 autem
978 2895 1045 2923 me
1078 2894 1133 2922 ex
1164 2878 1328 2922 Sicilia
1358 2878 1420 2923 ad
1442 2881 1787 2939 Leucopetram,
1820 2881 1941 2941 quod

105 2966 171 3003 est
204 2959 552 3020 promontorium
595 2958 698 3018 agri
738 2957 954 3019 Rhegini,
997 2957 1119 3001 venti
1167 2956 1467 3012 detulissent,-
1509 2957 1563 3000 ab
1612 2973 1660 3000 eo
1706 2957 1798 3001 loco
1838 2975 1939 3003 con·

101 3037 282 3090 scendi,
329 3045 381 3082 ut
413 3036 789 3081 transmitterem:
831 3051 908 3080 nec
939 3037 1008 3080 ita
1040 3035 1230 3080 multum
1259 3044 1522 3096 provectus,
1556 3037 1749 3080 reiectus
1781 3044 1936 3082 austro

100 3131 199 3160 sum
241 3117 290 3160 in
321 3131 419 3160 eum
450 3115 597 3176 ipsum
633 3113 774 3158 locum
791 3139 805 3163 2
837 3113 952 3158 unde
994 3114 1338 3158 conscenderam.
1407 3115 1637 3175 Quumque
1671 3115 1936 3175 intempesta

100 3210 190 3239 nox
217 3200 334 3237 esset
359 3194 703 3254 mansissemque
735 3193 783 3237 in
814 3191 926 3236 villa
956 3193 1009 3237 P.
1039 3191 1236 3249 Valerii,
1269 3193 1445 3236 comitis
1475 3200 1518 3236 et
1535 3192 1795 3251 familiaris
1821 3196 1934 3251 mei,

92 3271 400 3334 postridieque
447 3271 571 3332 apud
617 3270 811 3316 eumdem
858 3277 1033 3314 ventum
1087 3277 1348 3330 exspectans
1394 3287 1641 3327 manerem,
1689 3272 1935 3333 municipes

100 3349 291 3411 Rhegini
330 3349 575 3411 complures
607 3348 669 3393 ad
694 3365 762 3393 me
792 3356 1034 3404 venerunt,
1069 3364 1125 3392 ex
1154 3348 1224 3392 his
1266 3347 1448 3409 quidam
1478 3351 1617 3393 Roma
1648 3359 1871 3395 recentes:
1905 3369 1933 3395 a

102 3427 262 3488 quibus
280 3428 481 3489 primum
528 3427 697 3488 accipio
729 3430 788 3472 Μ.
816 3428 1000 3472 Antonii
1031 3427 1307 3471 concionem:
1341 3443 1454 3487 quae
1479 3427 1548 3471 ita
1577 3427 1691 3471 milti
1723 3428 1931 3489 placuit,

102 3514 154 3556 ut
184 3523 235 3552 ea
269 3507 381 3553 lecta
430 3508 481 3553 ‹Ie
521 3507 760 3551 reversione
791 3507 986 3567 primum
1023 3506 1237 3566 coeperim
1286 3506 1494 3566 cogitare.
1559 3508 1643 3550 Nec
1692 3507 1757 3551 ita
1790 3507 1930 3551 multo
