2158 4030
277 199 346 248 66
647 239 654 248 ,
861 205 1069 245 menno
1117 205 1184 245 DE
1234 205 1369 247 vrrs
1417 205 1529 246 sua·

274 356 563 403 accusare,
603 346 782 397 tamen
805 380 819 402 ,
871 354 1039 410 quum
1085 339 1131 395 is
1182 339 1283 410 ipsi
1329 339 1567 411 parentis
1606 349 1830 394 numero
1863 337 2098 404 fuisset,

276 443 330 504 id
362 443 449 514 pie
489 440 663 501 facere
702 455 807 501 non
848 439 1124 511 potuisset.
1207 442 1293 499 25.
1335 440 1521 510 Itaque
1543 444 1559 475 ¹
1596 453 1768 509 neque
1806 437 1863 492 La
1886 436 2096 493 Philoni

276 544 331 601 in
359 543 412 598 C.
446 540 733 602 Servilium
773 540 1006 595 nominis
1039 539 1309 595 deserendi
1343 544 1578 611 potestas
1612 545 1694 599 est
1726 538 1850 593 data
1871 580 1885 603 ,
1925 555 2099 610 neque

275 644 342 697 M.
379 642 594 702 Aurelio
623 641 824 697 Scauro
851 642 907 695 in
939 642 996 698 L.
1020 641 1298 704 Flaccum,
1338 656 1511 711 neque
1549 639 1641 694 Cn.
1666 640 1914 712 Pompeio
1944 640 2001 695 in
2035 641 2101 698 Τ.

277 743 591 808 Albucium,
643 759 873 815 quorum
915 759 1071 800 nemo
1108 747 1326 813 propter
1364 739 1742 811 indignitatem
1786 741 2104 813 repudiatus

276 850 384 906 est;
425 841 517 902 sed
555 860 623 898 ne
653 843 818 899 libido
855 841 1132 899 violandae
1163 839 1578 899 necessitudinis
1610 841 1932 898 auctoritate
1964 840 2104 899 iudi-

277 962 403 1004 cum
449 943 913 1015 comprobaretur,
983 943 1160 1013 Atque
1195 941 1286 1000 ille
1323 941 1416 999 Cn.
1444 940 1745 1014 Pompeius·
1767 942 1845 999 ita
1882 956 2008 999 cum
2046 940 2105 1001 Ga

277 1044 411 1099 Iulio
443 1041 748 1106 contendit,
789 1047 850 1099 ut
874 1040 1138 1100 Caecilius
1163 1057 1394 1100 mecum.
1458 1040 1736 1109 ,Quaestor
1765 1043 1911 1116 enim
1942 1040 2128 1099 Alba..

277 1144 366 1198 cii.
387 1141 596 1207 fuerat;
647 1149 706 1201 ut
744 1141 833 1197 hic
884 1141 1086 1199 Verris,
1174 1141 1344 1198 Iulius
1381 1140 1498 1202 ‚hoc
1536 1158 1721 1201 seeum
1765 1140 2107 1201 auctoritatis

278 1243 345 1301 ad
390 1242 755 1301 accusandum
788 1241 1076 1307 afferebat,
1111 1240 1284 1314 quod„
1323 1246 1514 1318 uti-nos
1545 1240 1612 1302 ab
1645 1241 1871 1306 Siculis,
1910 1241 2106 1301 sicilie
2157 1223 2158 1226 ¹

278 1343 344 1401 ab
372 1343 563 1416 Sardis
589 1350 810 1414 rogatus
840 1342 908 1401 ad
935 1359 1184 1402 caussam
1209 1349 1526 1401 accesserat.
1606 1345 1695 1402 26.
1736 1342 1850 1413 Ego
1869 1348 1890 1378 ²
1923 1359 2106 1400 meum

279 1445 522 1501 studium
563 1445 619 1502 in
659 1443 1047 1516 rempublicam
1086 1449 1206 1502 tum
1243 1443 1334 1502 illo
1372 1450 1611 1515 tempore
1654 1442 1900 1507 ostendi,
1939 1458 2108 1514 quum

279 1546 438 1616 longo
489 1544 771 1605 intervallo
815 1550 1052 1602 veterem
1102 1542 1548 1619 consuetudinem
1598 1540 1762 1600 retuli
1811 1547 1872 1596 et
1916 1547 2110 1613 rogatu

282 1647 550 1701 sociorum
584 1651 751 1716 atque
791 1644 1090 1704 amicorum
1128 1642 1309 1715 populi
1349 1641 1604 1706 Romani,
1642 1657 1887 1701 meorum
1927 1648 2111 1706 autem

282 1746 740 1810 necessariorum,
791 1760 985 1801 nomen
1031 1742 1266 1803 hominis
1304 1741 1650 1803 audacissimi
1684 1741 1872 1803 detuli.
1959 1741 2112 1810 Quod

283 1862 465 1901 meum
512 1843 716 1901 sactum
754 1843 1046 1901 ,lectissimi
1085 1843 1190 1901 viri
1235 1849 1398 1914 atque
1433 1841 1765 1902 ornatissimi
1810 1843 1887 1898 ita
1924 1842 2112 1915 proba-2

282 1951 441 2009 runt,
481 1951 549 2002 ut‘
570 1945 651 2009 ei,
689 1944 782 2016 qui
804 1944 963 2001 istius
983 1950 1235 2015 quaestor
1266 1941 1485 2008 fuisset,
1518 1960 1624 1999 non
1656 1942 1813 1998 modo
1839 1941 2112 2003 deserendi

286 2047 549 2111 nominiS,
588 2045 681 2102 sed
715 2062 783 2101 ne
813 2044 1185 2104 subscribendi
1220 2043 1486 2116 quidem,'
1507 2056 1676 2117 quum
1704 2044 1762 2105 id⁴
1792 2044 2113 2117 postularet,

286 2146 528 2204 facerent
552 2152 891 2219 potestatem.

361 2350 424 2405 X.
508 2353 595 2403 27.
640 2345 979 2406 sollicitabar
993 2353 1021 2384 ‘³
1069 2352 1249 2407 tamen
1296 2345 1458 2402 rebus
1504 2345 1758 2403 maximis
1805 2362 1912 2400 uno
1956 2351 2119 2417 atque

287 2469 349 2506 eo
392 2450 683 2523 perexiguo
727 2454 982 2519 tempore.
1062 2445 1334 2518 urgebant
1378 2446 1630 2508 comitia:
1671 2453 1726 2502 et
1766 2447 1822 2501 in
1865 2446 1951 2502 his
1990 2446 2121 2518 ipsis

287 2550 634 2623 oppugnabar
680 2547 870 2620 grandi
924 2547 1168 2619 pecunia.
1259 2545 1441 2618 Neque
1488 2551 1669 2608 tamen
1690 2551 1741 2611 ⁴,
1793 2546 1923 2617 quid
1970 2552 2120 2605 tanto

287 2668 446 2724 opere
491 2651 547 2706 in
594 2649 695 2707 hac
746 2654 890 2705 sorte
934 2645 1283 2705 metuendum
1311 2646 1475 2708 mihi.
1516 2653 1686 2711 esset,
1738 2646 2118 2717 intelligebam.

288 2753 467 2809 Unum
503 2750 635 2806 illud
663 2767 728 2809 ex
761 2748 1071 2808 hominibus
1101 2747 1295 2811 certis,
1335 2745 1622 2818 exquibus
1654 2746 1834 2801 omnia
1861 2747 2122 2820 comperi,

291 2851 655 2925 reperiebam:
699 2850 854 2904 fiscos
881 2848 1183 2920 complures
1216 2864 1342 2905 cum
1367 2847 1597 2919 pecunia
1626 2845 1893 2909 Siciliensi
1933 2863 1964 2902 a
1997 2863 2122 2919 qu07

296 2953 423 3010 dam
471 2958 721 3010 senatore
752 2950 819 3009 ad
865 2950 1103 3028 equitem
1141 2949 1452 3014 Romanum,
1487 2966 1603 3004 esse
1634 2948 1882 3008 tralatos:
1936 2965 2001 3003 ex
2040 2946 2149 3011 his

293 3055 509 3127 quasix
548 3054 703 3109 fiscos
737 3052 806 3112 ad
831 3058 1133 3109 senatorem
1166 3049 1319 3110 illum
1359 3050 1575 3106 relictos
1600 3067 1743 3114 esse,
1783 3050 2126 3117 comitiorum

295 3172 538 3211 meorum
570 3155 807 3212 nomine:
849 3153 1108 3212 divisores
1138 3152 1381 3208 omnium
1408 3150 1651 3207 tribuum
1678 3155 1840 3214 noctu
1868 3149 1932 3203 ad
1962 3150 2126 3207 istum

318 3436 321 3439 «
359 3413 398 3470 ι)
430 3409 542 3454 lhid.
573 3412 597 3467 ς
624 3411 695 3452 63.
730 3435 790 3442 -
822 3410 859 3467 2)
892 3407 938 3452 in
967 3410 1144 3453 verrem
1172 3408 1267 3451 Act.
1297 3408 1480 3451 11.1‚.1.
1523 3419 1558 3449 c.
1579 3408 1616 3450 e.
1652 3406 1766 3463 §¹5·
1802 3431 1858 3442 --
1893 3408 1933 3465 5)
1966 3406 2009 3452 in
2029 3386 2129 3452 vei·

298 3504 391 3532 rem
426 3492 518 3532 Act.
547 3491 578 3531 Ι.
613 3501 651 3530 ο.
670 3487 711 3528 9.
743 3486 858 3541 §a
894 3512 951 3520 —
980 3485 1022 3543 ⁴)
1056 3482 1165 3529 lbid.
1197 3499 1232 3529 c.
1252 3486 1291 3529 8.
1325 3485 1440 3542 §22
