2150 3990
194 240 301 290 240
791 251 1000 291 niceno
1047 254 1114 290 DE
1164 251 1298 291 vm
1348 253 1452 292 suA

185 385 298 456 egi,
338 385 429 457 qui
452 391 468 423 ¹
512 390 691 442 custos
724 388 828 441 mei
862 388 1052 459 capitis
1086 386 1272 442 suisset
1294 430 1306 451 ‚
1346 388 1467 458 qui,
1507 384 1753 440 omnibus
1790 388 1998 458 provin-

185 483 408 540 cialibus
452 487 781 541 ornamentis
827 486 1226 559 commodisque
1284 484 1572 558 depositiS‚
1632 490 1799 540 totam
1851 499 2002 540 suam

184 593 526 657 quaesturam
568 588 621 642 in
663 604 748 642 me
782 588 1129 642 sustentando
1167 594 1221 642 et
1260 584 1621 642 conservando
1661 570 2000 646 collocasset:

182 691 276 740 et²
322 684 387 740 de
425 686 649 757 privatis
695 687 817 749 uni,
870 687 1147 757 Pompei0‚
1188 688 1280 757 qui
1320 703 1415 758 pro
1454 685 1624 740 salute
1670 702 1789 740 mea
1827 687 1999 741 muni-

181 785 319 856 cipia
370 785 706 856 coloniasque
745 785 978 849 adisset,
1018 784 1273 856 populum
1314 785 1614 840 Romanum
1654 784 1874 856 supplex
1914 784 2000 837 ob-

179 892 467 948 secrasset,
508 885 829 939 sententiam
869 883 1091 939 dixisset
1119 901 1262 949 eam,
1302 901 1465 956 quam
1497 892 1715 940 senatus
1752 890 1999 946 secutuS,

177 985 311 1039 mihi
362 983 679 1053 dignitatem
725 999 901 1037 meam
952 983 1203 1039 reddidit.
1295 988 1347 1038 8.
1389 984 1667 1055 Popu10³
1725 991 1906 1038 autem
1946 986 2001 1038 in

176 1082 432 1138 referen
447 1081 522 1136 da
553 1083 768 1152 gratia
802 1081 900 1137 hoc
940 1084 1258 1154 repromisi,
1299 1083 1433 1138 mihi
1467 1100 1639 1155 neque
1671 1061 1742 1137 in*
1767 1083 2004 1137 consiliis

175 1182 239 1237 de
272 1183 544 1256 republica
577 1182 850 1255 capiendis
882 1182 1247 1254 diligentiam,
1288 1200 1461 1256 neque
1493 1185 1551 1238 in
1577 1184 1831 1256 periculis
1863 1200 1895 1238 a
1921 1200 2000 1238 re-

174 1283 386 1356 publica
423 1283 797 1356 propulsandis
843 1284 1085 1339 animum
1106 1327 1121 1349 ,
1175 1302 1348 1357 neque
1386 1286 1444 1340 in
1483 1286 1750 1340 sententia
1801 1283 2001 1357 simpli-

173 1385 310 1440 citer
340 1383 619 1440 referenda
659 1383 847 1448 fidem,
888 1400 1060 1456 neque
1100 1386 1154 1439 in
1189 1385 1469 1441 hominum
1508 1385 1874 1440 voluntatibus
1906 1401 2002 1456 pro

174 1484 448 1557 republica
498 1484 769 1540 laedendis
819 1483 1154 1549 libertatem,
1207 1502 1306 1540 nec
1353 1487 1410 1539 in
1459 1485 1776 1558 perferendo
1821 1485 2000 1539 labore

175 1584 497 1640 industriam
519 1627 533 1649 ,
604 1601 703 1639 nec
761 1585 817 1638 in
876 1585 1078 1638 civium
1130 1572 1431 1638 commodis
1476 1582 1736 1656 augendis
1785 1590 1995 1654 gratam

171 1686 339 1740 animi
368 1685 792 1740 benevolentiam
818 1682 1144 1739 defuturam.
1204 1684 1266 1740 In
1286 1690 1308 1722 ⁴
1347 1700 1453 1756 qua
1484 1690 1727 1740 extrema
1758 1685 1998 1740 oratione

173 1785 271 1840 hoc
317 1786 581 1856 scriptum
621 1790 822 1839 exstat:
876 1784 1085 1856 Atque⁵
1125 1783 1251 1839 haee
1282 1802 1406 1839 eura
1427 1827 1442 1850 ‚
1489 1785 1714 1849 Quirites
1734 1827 1748 1849 ‚
1788 1787 1885 1840 erit
1917 1786 1993 1839 in-

170 1887 284 1957 fioea
324 1886 497 1939 animo
535 1902 647 1939 meo
693 1885 1033 1955 sempiterna,
1081 1893 1138 1938 ut
1183 1902 1345 1956 quum
1381 1885 1525 1939 vobis
1545 1927 1559 1949 ,
1611 1886 1702 1957 qui
1738 1886 1878 1956 apud
1914 1903 1998 1941 me

170 1986 384 2040 deorum
414 1985 793 2040 immortalium
823 1985 931 2038 vim
971 1993 1019 2038 et
1050 2002 1241 2039 numen
1274 1986 1482 2050 tenetiS,
1522 1992 1633 2038 tum
1664 1986 1887 2055 posteris
1913 2004 2006 2040 ve·-

171 2087 294 2140 scris
327 2087 622 2157 cunctisque
651 2085 890 2157 qentibus
921 2085 1260 2156 diynissimus
1292 2103 1352 2138 ea
1385 2085 1588 2139 civitate
1617 2085 1824 2150 videar,
1864 2103 1999 2157 quae

170 2203 319 2240 suam
356 2185 662 2258 diynitatem
705 2203 807 2240 non
830 2203 984 2257 posse
1017 2193 1189 2240 tenere
1220 2202 1274 2239 se
1293 2226 1308 2249 ,
1347 2185 1452 2239 nisi
1483 2201 1566 2239 me
1609 2193 1994 2256 recuperasset,

170 2286 365 2349 cunctis
392 2286 666 2359 suffraqiis
698 2285 962 2340 iudicavit.

243 2385 415 2441 Habes
434 2392 456 2424 ⁶
503 2386 739 2442 reditum
779 2401 977 2449 meum.
1056 2384 1208 2440 Nunc
1228 2389 1251 2422 ⁷
1290 2400 1549 2456 cognosce
1569 2425 1584 2449 ‚
1637 2391 1818 2458 postea
1855 2402 1994 2457 quae

169 2487 276 2541 sint
308 2493 444 2541 acta.
1864 2494 1870 2506 '

245 2690 306 2744 V.
388 2694 438 2745 9.
480 2690 597 2744 Εο8
638 2688 800 2743 biduo
837 2705 1007 2760 quum
1045 2693 1186 2742 esset
1224 2701 1466 2741 annonae
1505 2702 1717 2741 summa
1755 2686 1954 2742 caritas
1976 2727 1988 2751 ‚

169 2790 410 2845 homines
442 2790 510 2845 ad
542 2789 815 2845 theatrum
847 2790 1051 2862 primo,
1091 2786 1282 2843 deinde
1321 2787 1387 2842 ad
1427 2793 1674 2842 senatum
1709 2804 1989 2844 concurre·

170 2890 298 2947 bant
343 2890 580 2963 impulsu
618 2889 814 2954 Clodii,
854 2897 908 2944 et
947 2906 1065 2944 mea
1103 2905 1263 2961 opera
1304 2887 1562 2943 frumenti
1602 2889 1834 2960 inopiam
1873 2906 1990 2944 esse

169 2991 484 3047 clamabant.
564 2991 686 3046 Me⁹
725 2989 1057 3045 frumentum
1100 2988 1428 3061 flagitabant.
1528 2987 1691 3055 Quasi
1729 3005 1865 3043 vero·
1894 3006 1994 3060 ego

229 3229 265 3285 ¹)
298 3235 391 3288 post
424 3226 550 3271 redit.
574 3227 621 3271 in
651 3230 816 3271 Senatu
848 3240 883 3269 c.
903 3227 974 3269 14.
1008 3226 1122 3281 §35.
1157 3250 1215 3258 —-
1249 3226 1286 3282 ²)
1316 3222 1428 3267 Ibid.
1457 3225 1587 3268 c.12.
1622 3224 1737 3280 §31.
1771 3249 1829 3255 —-
1861 3221 1901 3282 5)
1933 3223 1988 3269 ad

167 3305 332 3363 Quirit.
364 3313 459 3367 post
489 3304 619 3350 redit.
656 3320 693 3349 c.
717 3307 790 3349 10.
825 3305 940 3361 §24.
982 3328 1041 3337 -—
1082 3304 1126 3362 4)
1158 3303 1212 3348 ad
1250 3306 1342 3347 Att.
1375 3305 1494 3347 xm.
1528 3304 1601 3345 45.
1640 3303 1665 3359 §
1694 3304 1734 3346 1.
1767 3328 1826 3334 —-
1859 3303 1900 3360 ⁵)
1932 3301 1988 3346 ad

166 3384 328 3443 Quin-it.
360 3391 455 3446 post
483 3384 612 3429 redit.
643 3399 681 3430 c.
703 3386 772 3428 10.
800 3384 915 3441 §25.
948 3408 1008 3417 -
1039 3383 1080 3440 ὅ)
1113 3381 1159 3426 in
1184 3379 1321 3426 Pison.
1349 3395 1386 3424 c.
1410 3381 1485 3425 22.
1518 3380 1557 3437 §.
1578 3382 1649 3424 53.
1684 3405 1741 3412 --
1774 3382 1814 3439 7)
1844 3378 1900 3424 ad
1932 3382 1986 3438 Q.

165 3461 344 3506 fratrem
378 3464 433 3506 11.
466 3465 506 3506 3.
543 3463 629 3518 §1.
662 3487 720 3496 --
753 3462 795 3521 ⁸)
828 3460 881 3506 ad
913 3464 1002 3506 Att.
1028 3461 1098 3504 IV.
1132 3463 1172 3505 1.
1209 3462 1233 3517 §
1269 3463 1309 3505 6.
1342 3485 1401 3494 --
1431 3460 1472 3518 9)
1506 3473 1580 3520 pro
1610 3460 1744 3502 Domo
1775 3472 1851 3502 sua
1879 3472 1915 3502 c.
1941 3459 1983 3502 6.

167 3541 281 3595 §14-
