2210 3970
262 243 368 295 472
835 259 1044 296 emeno
1092 257 1162 294 nn
1211 254 1350 293 νιΤΑ
1403 256 1510 295 sm

258 392 621 464 propositum,
661 398 723 446 ut
761 394 1050 465 separatim
1085 392 1150 446 de
1189 390 1528 462 aegritudine
1562 394 1614 443 et
1649 387 1713 443 de
1746 390 1940 444 ceteris
1970 408 2089 462 per-

259 491 655 548 turbationibus
689 493 1108 566 disputaremus:
1140 495 1195 546 in
1230 508 1292 546 ea
1319 497 1400 546 est
1425 491 1570 545 enim
1599 489 1715 544 sons
1746 491 2086 547 miseriarum

259 597 316 650 et
354 598 533 664 caput.
623 593 726 648 Sed
778 600 833 648 et
871 593 1227 665 aegritudinis
1268 598 1323 646 et
1361 591 1693 663 reliquorum
1739 592 1908 646 animi
1946 607 2088 646 mor-

258 691 453 746 borum
492 708 600 747 una
646 693 854 747 sanatio
887 700 1014 758 est,
1057 709 1241 747 omnes
1280 691 1573 764 opinabiles
1605 707 1722 747 esse
1761 699 1814 745 et
1846 690 2088 746 volunta-

262 793 397 858 rioS,
423 809 487 848 ea
512 809 677 866 reque
705 793 933 865 suscipi,
961 794 1102 865 quod
1131 795 1206 848 ita
1234 800 1446 848 rectum
1475 809 1591 847 esse
1618 791 1879 847 videatur.
1936 792 2093 846 Hunc

262 909 532 955 errorem,
588 893 744 964 quasi
783 892 1021 947 radicem
1060 892 1326 947 malorum
1364 894 1638 957 omnium,
1690 893 1939 964 stirpitus
1978 893 2091 965 phi-

260 992 501 1064 losophia
539 1009 596 1047 se
628 998 994 1047 extracturam
1029 992 1327 1064 pollicetur.
1403 994 1606 1047 Demus
1638 994 1808 1063 igitur
1839 1009 1935 1048 nos
1967 992 2094 1049 huic

261 1090 601 1156 excolendoS‚
643 1092 1022 1164 patiamurque
1054 1109 1150 1146 nos
1189 1093 1388 1148 sanari.
1467 1092 1562 1147 His
1600 1092 1747 1147 enim
1775 1091 1934 1149 malis
1965 1093 2093 1147 insi-

262 1192 543 1258 dentibuS,
584 1209 692 1248 non
723 1192 880 1248 modo
917 1192 1090 1258 beati,
1129 1192 1224 1248 sed
1255 1209 1324 1248 ne
1356 1194 1473 1248 sani
1507 1192 1725 1266 quidem
1758 1210 1886 1255 esse„
1909 1209 2092 1266 possu-

261 1309 401 1350 mus,
483 1296 571 1348 37.
615 1293 885 1361 Quintus¹
942 1292 1174 1365 denique
1211 1291 1347 1348 liber
1385 1310 1510 1349 eum
1551 1293 1731 1349 locum
1784 1293 2093 1366 complexus

260 1400 371 1459 est,
411 1395 506 1467 qui
545 1401 713 1450 totam
753 1394 1144 1467 philosophiam
1184 1394 1420 1451 maxime
1458 1394 1721 1450 illustrat:
1760 1393 1918 1450 docet
1949 1394 2094 1448 enim

262 1491 329 1549 ad
361 1493 515 1554 beate
547 1495 836 1553 vivendum
855 1497 1115 1551 virtutem
1137 1511 1195 1551 se
1215 1495 1331 1568 ipsa
1350 1512 1468 1551 esse
1499 1501 1824 1552 contentam.
1903 1496 2055 1564 Quod
2075 1502 2102 1554 2.

263 1597 366 1651 etsi
404 1595 621 1652 difficile
658 1604 741 1652 est
779 1597 1036 1670 probatu,
1084 1603 1302 1670 propter
1339 1596 1644 1652 tamvaria
1681 1603 1737 1651 et
1774 1602 1887 1652 tam
1926 1596 2102 1652 multa

263 1702 532 1752 tormenta
560 1696 829 1760 fortunae;
868 1696 975 1752 tale
995 1703 1177 1752 tamen
1206 1703 1312 1761 est,
1354 1702 1416 1751 ut
1447 1694 1830 1755 elaborandum
1852 1697 1960 1761 sit,
1992 1712 2100 1769 quo

264 1796 481 1854 facilius
517 1797 806 1871 probetur.·
872 1797 1016 1857 Nihil
1054 1804 1138 1855 est
1169 1799 1316 1853 enim
1353 1797 1629 1876 omnium,
1668 1813 1806 1869 quae
1839 1797 1897 1855 in
1931 1796 2098 1870 philo-

265 1898 455 1972 sophia
485 1903 821 1964 tractantur,
861 1897 1003 1970 quod
1042 1898 1263 1969 gravius
1295 1896 1848 1970 magnificentiusque
1867 1896 2101 1954 dicatur.

264 1997 430 2064 Nam,
469 2015 640 2070 quum
675 2016 738 2054 ea
776 2014 965 2054 caussa
997 1998 1276 2071 impulerit
1307 2015 1422 2063 eoS,
1461 1999 1556 2070 qui
1595 1999 1758 2071 primi
1795 2014 1854 2054 se
1885 1998 1954 2054 ad
1987 1998 2102 2070 phi-

265 2098 537 2172 losophiae
566 2098 811 2154 studium
850 2098 1227 2164 contulerunt,
1268 2105 1331 2154 ut
1349 2141 1364 2163 ,
1405 2098 1656 2154 omnibus
1692 2097 1859 2154 rebus
1889 2097 2102 2170 postha-

267 2198 429 2262 bitis,
470 2204 610 2255 totos
637 2215 696 2257 se
728 2198 784 2253 in
818 2199 1020 2271 optimo
1048 2200 1192 2255 vitae
1222 2204 1370 2254 statu
1397 2198 1729 2271 exquirendo
1758 2197 2108 2260 collocarent;

269 2299 507 2372 profecto
537 2316 633 2373 spe
669 2300 825 2358 beate
856 2300 1070 2360 vivendi
1103 2306 1313 2359 tantam
1346 2301 1403 2359 in
1437 2316 1500 2358 eo
1519 2299 1711 2361 studio
1748 2313 1938 2365 curam
1986 2316 2106 2372 ope-

271 2415 496 2473 ramque
536 2407 848 2471 posuerunt,
1468 2418 1469 2422 ¹

343 2601 488 2658 XVI.
570 2606 659 2658 58.
701 2602 937 2670 Quibus³
978 2602 1137 2656 editis
1164 2619 1195 2655 v
1234 2603 1411 2668 libris,
1446 2610 1557 2659 tres
1577 2603 1702 2658 libri
1723 2601 1946 2674 perfecti
1981 2609 2112 2658 sunt

270 2701 349 2756 de
386 2701 632 2759 Natura
659 2702 968 2767 Deorum,
1009 2704 1064 2757 in
1106 2703 1302 2774 quibus
1341 2704 1674 2759 omnis-eius
1713 2704 1815 2758 loci
1866 2705 2110 2776 quaestio

270 2802 596 2872 continetur.
674 2803 935 2858 Dictum‘²
986 2804 1157 2874 igitur
1190 2811 1272 2858 est
1296 2847 1311 2868 ,
1366 2804 1496 2876 quid
1536 2805 1603 2860 de
1643 2804 1938 2876 religione,
1998 2805 2109 2876 pie·-

271 2910 420 2969 tate,
460 2905 780 2966 sanctitate,
824 2905 1190 2969 caerimoniiS‚
1252 2905 1383 2970 fide,
1425 2905 1775 2962 iureiurando
1797 2948 1812 2970 ,
1865 2905 1996 2977 quid
2042 2904 2111 2959 de

274 3004 524 3077 templiS,
563 3005 803 3062 delubris
852 3005 1239 3079 sacrificiisque
1282 3007 1646 3073 solemnibus,
1704 3007 1835 3081 quid
1875 3007 1941 3062 de
1981 3007 2111 3078 ipsis

273 3106 528 3177 auspiciis
549 3148 563 3171 ,
604 3106 801 3178 quibus
835 3122 930 3161 nos
950 3123 1269 3178 praesumus
1289 3150 1303 3172 ‚
1345 3109 1766 3166 existimandum
1798 3109 1886 3162 sit.
1966 3107 2110 3162 Haec

274 3207 417 3260 enim
458 3206 638 3260 omnia
670 3205 737 3260 ad
771 3206 910 3261 hanc
939 3206 1003 3261 de
1043 3206 1145 3261 diis
1187 3208 1582 3263 immortalibus
1621 3209 1987 3280 quaestionem
2027 3224 2107 3262 re-

272 3306 490 3365 serenda
519 3313 661 3364 sunt.
745 3307 942 3364 Cuius-‘’-
977 3310 1305 3379 quaestionis
1333 3309 1727 3380 quadripartita
1754 3308 1856 3363 suit
1885 3308 2102 3365 divisio:

333 3479 371 3536 ι)
403 3476 456 3519 de
483 3475 671 3521 Divinat.
700 3479 753 3519 11.
784 3491 819 3519 o.
839 3479 878 3519 1.
916 3478 998 3533 §2
1033 3502 1091 3509 ——
1121 3479 1164 3533 2)
1184 3479 1307 3521 Tusc.
1337 3482 1387 3522 V.
1417 3497 1453 3526 c.
1474 3483 1514 3524 1.
1549 3481 1632 3536 §L
1666 3505 1724 3512 —
1758 3479 1796 3535 5)
1830 3475 1882 3519 de
1907 3473 2095 3520 Divinat.

273 3556 327 3598 ll.
348 3569 383 3599 c.
402 3556 443 3598 1.
479 3555 502 3610 ᾗ
522 3557 562 3599 3.
599 3580 654 3587 -
690 3554 728 3612 4)
747 3552 799 3598 de
817 3556 910 3598 Nat.
932 3557 1050 3599 Dcor.
1070 3557 1101 3597 Ι.
1126 3570 1160 3598 c.
1182 3558 1222 3600 6.
1259 3557 1282 3612 ᾗ
1303 3559 1372 3600 14.
1408 3584 1464 3592 --
1500 3559 1539 3615 ⁵)
1574 3556 1682 3601 lbisl.
1709 3559 1783 3601 Ill.
1804 3570 1838 3600 c.
1859 3558 1898 3598 3.
1934 3552 2025 3611 §62
