2210 3970
253 231 363 282 556
731 240 1058 280 ANNALES
1105 236 1619 276 chssRoNIANI.

315 372 400 419 Cic.
429 371 483 418 de
507 375 629 417 Orat.
653 384 683 416 1.
712 387 750 416 c.
767 375 842 417 25.
876 372 981 416 117.
1033 370 1146 428 Quis
1178 369 1294 413 enim
1324 383 1409 412 non
1438 366 1558 411 videt
1594 368 1638 414 G.
1659 366 1808 411 Caelio
1839 393 1898 402 —-·
1929 378 2091 430 magno

255 449 410 493 leonori
428 449 609 508 juisse,
644 448 811 492 homini
841 464 950 492 novo
967 481 981 504 ,
1013 446 1143 492 illam
1173 448 1318 508 ipsam
1333 478 1348 502 ,
1388 460 1694 506 quamcunque
1725 446 1906 506 assequi
1926 455 2084 507 potue-

249 527 341 583 rit,
391 527 439 571 in
485 526 665 571 dicendo
707 525 1099 571 mediocritatem?
1178 525 1243 569 Id.
1283 528 1410 568 Brut.
1442 539 1479 569 c.
1505 526 1579 566 45.
1611 524 1714 589 165.
1786 521 1911 566 Idem
1952 523 2005 567 de
2041 525 2084 567 G.

253 605 400 649 Caelio
428 605 646 662 dia-erim,
677 603 949 649 industriam
983 604 1032 648 in
1062 618 1111 648 eo
1143 618 1359 648 summam
1380 600 1540 660 fuisse
1570 615 1851 660 summasque
1873 601 2084 656 virtutes,

248 681 527 744 eloquentiae
570 692 745 730 tantum
761 718 774 740 ,
819 681 941 743 quod
967 689 1083 726 esset
1113 682 1164 725 in
1192 680 1323 725 rebus
1353 679 1550 740 privatis
1577 678 1736 722 amicis
1766 679 1864 723 eius
1879 711 1894 732 ,
1940 679 1990 724 in
2020 696 2087 724 re-

242 761 430 822 publica
460 763 608 823 ipsius
639 762 855 823 dignitati
885 760 1014 804 satis.
1077 763 1128 817 Q.
1150 759 1232 804 Cic.
1267 757 1321 803 de
1350 757 1607 820 petit.cons.
1641 773 1678 801 c.
1697 761 1738 802 3.
1772 760 1846 802 11.
1912 757 2088 815 Quanto

247 838 405 882 melior
445 839 531 883 tibi
565 838 763 897 fortuna
786 837 1026 899 petitionis
1069 835 1178 879 data
1218 841 1316 890 est,
1357 851 1492 894 quam
1521 850 1661 894 nuper
1694 834 1861 881 homini
1897 851 2006 879 novo
2042 837 2085 880 C.

252 915 429 959 Caelio!
493 915 582 960 Ille
627 933 726 960 cum
766 915 936 959 duobus
979 913 1228 956 hominibus
1270 913 1340 956 ita
1368 911 1663 955 nobilissimis
1694 912 1901 973 petebat,
1940 920 1994 957 ut
2019 919 2085 956 ta-

248 1008 346 1036 men
373 993 423 1036 in
449 993 512 1037 iis
540 995 690 1038 omnia
718 992 870 1054 pluris
898 997 1074 1045 essent,
1103 1005 1237 1050 quam
1269 989 1373 1050 ipsa
1398 988 1642 1044 nobilitas;
1673 1005 1846 1033 summa
1875 991 2084 1051 ingenia,

247 1086 447 1115 summus
469 1070 642 1131 pudor,
676 1070 882 1132 plurima
912 1067 1153 1129 beneficia,
1186 1082 1360 1111 summa
1391 1066 1509 1110 ratio
1541 1081 1593 1110 ac
1625 1065 1864 1128 diligentia
1890 1067 2084 1127 petendi.

255 1151 413 1193 Tamen
460 1164 609 1193 eorum
663 1149 856 1194 alterum
909 1147 1110 1202 Caelius,
1158 1144 1294 1190 etiam
1348 1159 1482 1204 quum
1530 1142 1671 1188 multo
1726 1151 1843 1189 esset
1895 1143 2088 1203 inferior

245 1243 404 1288 genere
419 1260 433 1283 ‚
481 1220 684 1289 superior
727 1226 857 1272 nvilla
902 1243 951 1271 re
993 1239 1133 1286 paene
1148 1257 1162 1281 ‚
1203 1221 1446 1283 superavit.
1478 1220 1532 1267 ad
1571 1238 1612 1284 q.
1647 1220 1679 1266 l.
1716 1222 1938 1267 Palermus
1983 1223 2087 1268 haec

250 1303 496 1349 annotavit:
541 1305 667 1363 »Qui
697 1305 865 1351 fuerint
895 1302 965 1350 illi
996 1303 1114 1359 duo,
1146 1299 1413 1363 quibuscum
1443 1298 1612 1344 caelius
1643 1299 1923 1345 consulatum
1954 1300 2086 1362 petie·

248 1383 338 1439 rit,
371 1382 523 1444 quaeri
554 1383 691 1428 video.
754 1386 874 1445 Ego,
915 1390 970 1427 ut
1007 1381 1061 1426 de
1092 1387 1280 1442 utroque
1314 1376 1569 1438 respondere
1598 1392 1684 1422 non
1717 1390 1907 1440 possum,·
1939 1379 2002 1424 sic
2033 1379 2086 1423 de

247 1463 383 1508 altero
420 1461 532 1506 nihil
564 1459 720 1505 dubito
738 1494 750 1518 ,
784 1461 891 1524 quin
920 1459 1055 1504 fuerit
1088 1461 1133 1502 L.
1159 1455 1406 1512 Domitius,
1440 1456 1517 1519 qui
1543 1471 1647 1501 cum
1673 1455 1821 1501 eodem
1847 1457 1999 1502 consul
2025 1456 2086 1502 fa—

249 1549 348 1586 ctus
390 1547 482 1586 est:
523 1556 656 1603 quem
691 1539 786 1584 ideo
818 1544 1075 1601 superatum
1108 1552 1135 1581 a
1165 1535 1308 1581 Caelio
1335 1533 1476 1591 dixit,
1506 1535 1724 1601 ‘quoniam
1755 1534 1873 1595 prior
1911 1533 2087 1580 fortasse

247 1617 398 1663 consul
428 1617 707 1663 renuntiatus
733 1617 818 1675 sit3
849 1616 927 1679 qui
958 1616 1077 1661 locus
1110 1613 1287 1658 omnino
1319 1618 1412 1657 erat
1443 1611 1658 1674 dignior.'’
1689 1619 1770 1656 cet.

328 1769 390 1845 (2)
432 1771 490 1825 P.
515 1760 785 1842 Sulpicius
806 1768 979 1823 Rufus
1006 1768 1060 1823 C'.
1090 1768 1308 1823 Iunium
1340 1766 1648 1821 Norbanum
1679 1766 2086 1821 obseditiosum

247 1869 587 1925 tribunatum
620 1875 858 1924 accusat.
941 1867 1044 1923 Sed
1073 1868 1403 1923 accusatoris
1430 1866 1790 1939 eloquentiam
1817 1874 1870 1923 et
1898 1866 2087 1922 Scauri

214 1987 219 1992 ·
251 1971 407 2027 testis
446 1970 825 2025 auctoritatem
873 1969 1042 2023 vincit
1079 1969 1298 2024 Antonii
1339 1969 1543 2031 orati03
1575 1985 1701 2039 ,qua
1734 1967 1940 2023 factum
1980 1975 2089 2032 est,

251 2077 311 2127 ut
340 2087 466 2125 reus
505 2069 920 2126 nocentissimus
959 2068 1342 2123 absolveretur.
1385 2085 1453 2122 vi.
1491 2086 1540 2125 c.
1567 2073 1655 2123 15.
1692 2073 1781 2123 55.

310 2171 393 2216 Cic.
410 2170 464 2215 de
480 2172 599 2216 O'rat.
618 2182 670 2214 11.
688 2185 724 2214 c.
743 2171 817 2213 21.
853 2171 923 2213 88.
972 2169 1212 2227 (Antonius
1239 2167 1460 2232 loquitur)
1494 2169 1595 2231 Ego
1618 2168 1867 2231 Sulpicium
1888 2170 2086 2230 primum

249 2249 300 2293 in
321 2264 482 2292 caussa
497 2247 688 2309 parvula
706 2249 767 2306 [a.
788 2248 915 2305 659.]
939 2245 1312 2292 adolescentulum
1328 2246 1504 2304 audivi,
1535 2264 1636 2293 voce
1662 2255 1707 2292 et
1720 2245 1880 2306 forma
1903 2255 1947 2292 et
1967 2255 2089 2295 motu

250 2327 447 2389 corporis
479 2334 523 2371 et
549 2325 736 2387 reliquis
762 2324 891 2369 rebus
914 2325 1037 2384 aptis
1067 2323 1129 2368 ad
1159 2323 1237 2369 hoc
1268 2341 1451 2383 munus,
1484 2325 1537 2370 de
1567 2342 1652 2388 quo
1681 2326 1958 2386 quaerimus,
1990 2342 2088 2371 ora·

250 2406 370 2449 tione
411 2411 557 2449 autem
596 2403 729 2448 celeri
770 2411 814 2447 et
848 2403 1100 2458 concitata,
1141 2403 1261 2464 quod
1289 2412 1386 2448 erat
1417 2403 1614 2465 ingenii,
1658 2410 1703 2449 et
1730 2403 1875 2448 verbis
1907 2403 2085 2466 efferve-

247 2481 471 2527 scentibus
504 2489 548 2525 et
573 2480 729 2542 paullo
763 2480 949 2523 nimium
980 2479 1357 2537 redundantibus,
1404 2479 1524 2542 quod
1551 2488 1648 2526 erat
1678 2482 1856 2528 aetatis.
1889 2508 1949 2521 —
1984 2482 2086 2527 Vidi

247 2560 407 2605 statim
429 2557 637 2603 ‘indolem
667 2573 803 2618 neque
833 2557 992 2601 demisi
1024 2564 1197 2616 tempus
1228 2566 1272 2602 et
1302 2574 1399 2602 eum
1437 2575 1535 2602 sum
1565 2559 1821 2603 coln-ortatus
1851 2568 1902 2604 ut
1923 2560 2083 2619 forum

248 2638 338 2682 sibi
370 2636 519 2681 ludum
549 2642 731 2697 putaret
761 2651 856 2679 esse
887 2634 949 2679 ad
972 2634 1223 2690 dicendum,
1254 2635 1518 2695 magistrum
1552 2627 1700 2680 autem
1716 2670 1731 2695 ,
1763 2654 1890 2698 quem
1919 2637 2080 2696 vellet,

250 2716 446 2777 eligeret.
493 2740 554 2749 —
605 2713 692 2757 Vix
748 2727 891 2756 annus
933 2712 1246 2757 intercesserat
1289 2712 1344 2756 ab
1395 2712 1472 2757 Ιιοι·
1519 2729 1716 2758 sermone
1761 2715 2082 2761 cohortationis

249 2810 390 2849 meae,
421 2808 551 2853 quum
581 2792 669 2835 iste
700 2790 927 2834 accusavit
959 2791 1002 2834 C.
1021 2790 1299 2847 Norbanum,
1342 2789 1606 2848 defendente
1635 2808 1715 2836 me.
1779 2795 1872 2838 Non
1899 2801 1967 2838 est
1994 2811 2085 2838 cre-

250 2871 411 2928 dibile,
443 2868 552 2931 quid
579 2869 791 2913 interesse
822 2867 936 2912 milti
964 2869 1028 2912 sit
1057 2868 1201 2913 visum
1237 2869 1354 2912 inter
1385 2885 1506 2925 eum,
1538 2870 1615 2930 qui
1645 2877 1739 2914 tum
1770 2879 1890 2929 erat,
1934 2878 1979 2916 et
2009 2873 2085 2933 qui

249 2964 363 2993 anno
406 2954 510 2991 ante
532 2945 707 3005 suerat.
770 2961 805 2990 c.
838 2947 913 2990 25.
948 2948 1049 2990 107.
1099 2947 1196 2989 Iam
1233 2945 1343 3006 quid
1375 2954 1579 3003 vocetur,
1621 2949 1869 3008 quaeritur,
1917 2966 2076 3010 quum,

247 3043 331 3089 quo
374 3025 501 3070 verbo
533 3023 643 3085 quid
679 3023 992 3085 appellandum
1023 3024 1112 3078 sit,
1157 3025 1438 3071 contenditur
1451 3045 1466 3069 .·
1514 3034 1566 3070 ut
1598 3026 1711 3070 mihi
1741 3026 1835 3086 ipsi
1864 3043 1960 3071 cum
2003 3028 2079 3071 laoc

248 3104 449 3166 Sulpicio
479 3102 585 3161 suit
624 3103 673 3146 in
709 3102 902 3147 Norbani
931 3118 1090 3146 caussa
1121 3119 1292 3148 summa
1322 3105 1556 3150 contentio.
1636 3104 1852 3165 Pleraque
1879 3106 1995 3149 enim
2027 3105 2080 3149 de

245 3183 338 3238 iis,
371 3197 480 3242 quae
520 3180 575 3224 ab
611 3180 700 3224 isto
730 3179 1075 3236 obiiciebantur,
1108 3198 1239 3241 quum
1270 3183 1528 3243 confiterer,
1573 3190 1719 3226 tamen
1749 3182 1805 3225 ab
1833 3181 1914 3225 illo
1946 3183 2080 3226 maie-

249 3268 413 3306 statem
444 3260 660 3305 minutam
691 3258 900 3320 negabam
911 3279 929 3311 ,·
961 3274 1015 3302 ea·
1047 3274 1128 3319 quo
1159 3260 1284 3304 verbo
1312 3260 1405 3322 lege
1436 3259 1653 3322 Appuleia
1678 3266 1774 3303 tota
1804 3258 1888 3303 illa
1921 3275 2081 3303 caussa

245 3337 475 3400 pendebat.
508 3340 635 3382 c.28.
670 3338 773 3380 124.
822 3338 948 3379 c.40.
982 3338 1084 3381 167.
1116 3353 1152 3381 c.
1178 3340 1251 3383 47.
1286 3341 1389 3383 197.
1454 3338 1595 3382 Valer.
1622 3340 1726 3381 Max.
1759 3349 1863 3381 vln-
1895 3353 1929 3382 c.
1957 3342 2001 3381 5.
2037 3340 2078 3381 2.

250 3419 308 3462 M.
325 3414 540 3460 Aemilius
557 3416 772 3468 Scaurus,
800 3413 1011 3474 princeps
1036 3422 1217 3459 senatus
1248 3441 1307 3448 -—
1345 3417 1388 3459 G.
1413 3415 1655 3460 Norbanum
1673 3448 1686 3471 ,
1718 3415 1970 3459 maiestatis
1994 3415 2078 3457 cri-

249 3495 365 3540 mine
387 3492 594 3554 publicae
620 3490 869 3560 quaestioni
893 3491 1133 3538 subiectum
1149 3526 1163 3550 ‚
1198 3509 1253 3536 esc
1268 3493 1478 3557 professo
1504 3494 1750 3556 opprimere
1774 3501 1956 3538 conatus
1988 3499 2078 3535 est.-
