2158 4030
527 234 581 287 L.
607 234 644 287 1.
688 248 732 285 c.
760 233 818 286 x.
864 231 902 304 g
929 235 995 284 27
1030 261 1104 269 —
1137 248 1182 282 υ.
1208 230 1318 286 xu.
1365 230 1401 301 §
1430 236 1514 283 50.
1859 236 1921 284 15

109 388 331 443 fortasse
369 386 531 441 etiam
576 383 641 439 de
681 382 831 437 nobis
874 379 1107 453 aliquid,
1147 379 1349 452 aliquid
1394 386 1539 434 certe
1571 379 1635 432 de
1673 379 1726 432 C.
1764 380 1927 435 Mario

0 506 2 516 ·
105 486 450 543 audiendum.
527 485 687 540 Recte
709 490 727 523 ²
781 483 949 553 igitur
998 480 1222 552 Magnus
1279 479 1367 534 ille
1425 486 1634 543 noster,
1686 479 1929 551 pluribus

108 587 477 652 audientibuS,
518 586 695 658 posuit
734 584 788 638 in
823 582 1055 646 iudicio,
1096 598 1264 653 quum
1299 597 1393 653 pro
1424 578 1584 634 Balbo
1614 595 1831 634 mecum
1860 586 1927 635 si-

107 688 218 744 mul
247 687 478 752 diceret,
516 685 890 758 rempublicam
914 691 1144 738 nostram
1167 683 1482 737 iustissimas
1506 681 1628 736 huic
1650 681 1931 752 municipio

106 789 309 861 ‘qratia-9⁴
335 805 489 860 aqere
521 806 701 859 posse,
741 786 876 859 quod
907 803 973 840 ex
997 783 1069 839 'eo
1099 784 1200 838 duo
1238 783 1320 837 sui
1352 791 1730 838 conservatores
1772 784 1927 837 exsti-

106 889 301 945 assent.
382 890 471 942 29.
515 887 659 943 Sed²
698 888 836 942 scire
863 884 1147 958 pervelim,
1186 883 1561 955 quamobrem,
1601 884 1694 955 qui
1722 899 1785 938 ex
1813 900 1927 939 mu·

106 989 320 1062 nicipiis
345 990 591 1054 veniant,
631 988 899 1061 peregrini
926 1003 1043 1042 esse
1067 985 1387 1040 videantur?
1427 984 1591 1040 Nemo
1611 985 1768 1039 enim
1790 986 1930 1040 istuc

0 1151 1 1167 χ
105 1091 172 1146 Μ.
207 1090 284 1145 illi
317 1090 502 1146 Catoni
530 1090 673 1154 seni,
715 1102 883 1161 quum
922 1086 1182 1159 plurimos
1207 1084 1428 1140 haberet
1458 1085 1734 1150 inimicos,
1775 1101 1929 1140 nemo

0 1209 1 1252 ς
105 1189 186 1246 Τί.
227 1189 588 1254 Coruncanio,
647 1202 805 1243 nemo
847 1187 933 1240 Μ’.
972 1186 1134 1240 Curio
1155 1227 1169 1249 ,
1228 1201 1398 1239 nemo⁴
1429 1184 1555 1239 huic
1600 1183 1701 1257 ipsi
1749 1190 1953 1239 nostro.

0 1270 1 1319 }
102 1292 156 1347 G.
200 1290 406 1354 Mario,
464 1304 631 1360 quum
683 1288 731 1342 ei
790 1285 948 1340 multi
1013 1285 1349 1348 inviderent,
1407 1284 1602 1339 obiecit
1654 1299 1927 1355 umquam.

0 1397 1 1401 ’
101 1365 257 1464 Ε’ςοῑ
295 1387 601 1446 mehercule
633 1393 687 1443 et
720 1386 826 1441 illis
858 1392 913 1440 et
952 1384 1201 1439 omnibus
1232 1382 1598 1455 municipibus
1642 1383 1776 1438 (luas
1816 1400 1931 1438 csso

0 1481 27 1548 J·
102 1505 304 1547 censeo
331 1489 560 1562 patrias:
614 1503 778 1543 unam
825 1492 1079 1548 naturae,
1132 1484 1355 1539 alteram
1401 1484 1656 1537 civitatis,
1736 1484 1803 1539 Ut
1843 1484 1930 1538 ille

102 1591 259 1656 G'a'to,
299 1580 467 1662 quum
499 1593 639 1643 esset
679 1568 900 1642 Tusc'uli
945 1592 1133 1649 natuS‚
1176 1586 1230 1638 in
1265 1583 1445 1656 populi
1480 1583 1704 1638 Romani
1744 1582 1928 1638 civita·

101 1698 213 1748 tem
251 1694 535 1762 susceptus
570 1694 670 1744 est.
749 1688 860 1752 lta,
899 1702 1068 1759 quum
1114 1692 1238 1740 ortu
1278 1684 1616 1741 Tusculanus
1647 1691 1819 1748 esset,
1857 1685 1929 1738 ci·

46 1805 47 1810 ’
99 1791 270 1849 vitate
313 1789 613 1855 RomanuS,
654 1787 842 1844 habuit
879 1787 1104 1843 alteram
1144 1786 1245 1841 loci
1286 1786 1546 1858 patriam,
1585 1784 1808 1840 alteram
1851 1785 1930 1838 iu·

35 1879 48 1908 ³
99 1894 204 1957 νίας
243 1898 298 1949 et
323 1897 390 1948 ut*
411 1890 606 1956 Attici,
645 1890 959 1962 priusquam
989 1888 1225 1943 Theseus
1250 1904 1340 1943 eos
1365 1887 1668 1958 demigrare
1694 1902 1759 1941 ex
1786 1885 1934 1955 agris

103 1994 246 2051 etin
290 1998 442 2058 astu,
481 1990 637 2064 quod<
669 1990 996 2063 appellatur,
1037 2005 1222 2044 omnes
1260 2005 1316 2043 se
1356 1987 1599 2042 conferre
1644 1987 1839 2050 iussit,
1877 1991 1933 2040 et

10 2078 13 2082 v
103 2094 191 2151 sui
221 2098 376 2149 erant
409 2090 574 2146 iidem
605 2097 660 2145 et
686 2091 878 2145 Attici:
921 2091 998 2145 sic
1031 2106 1128 2144 nos
1166 2095 1220 2143 et
1251 2105 1370 2143 eam
1404 2075 1635 2159 patriam
1669 2086 1931 2152 dicimus,

102 2192 201 2250 ubi
228 2193 372 2258 nati,
404 2197 466 2247 *et
498 2190 674 2255 illam,
706 2207 738 2245 a
770 2207 877 2262 qua
909 2191 1117 2262 excepti
1151 2205 1357 2244 sumus,
1437 2185 1539 2242 Sed
1566 2203 1784 2242 necesse
1813 2194 1931 2252 est,

52 2331 56 2336 ›
102 2293 330 2350 caritate
375 2308 493 2347 eam
543 2297 845 2364 praestare,
899 2291 955 2344 in
1006 2307 1111 2361 qua
1163 2289 1489 2361 reipublicae
1534 2290 1750 2342 nomine
1795 2288 1932 2342 iuris

101 2392 460 2450 communitas
491 2398 600 2454 est;
638 2408 735 2464 pro
759 2407 865 2462 qua
898 2391 1065 2454 mori,
1106 2397 1159 2442 et
1191 2389 1280 2442 cui
1317 2404 1412 2442 nos
1445 2394 1584 2442 totos
1615 2386 1837 2451 dedere,
1876 2394 1930 2441 et

101 2497 156 2550 in
188 2484 515 2567 qua'nostra
553 2492 732 2546 omnia
766 2507 960 2563 ponere
999 2497 1054 2545 et
1087 2490 1241 2561 quasi
1287 2504 1601 2543 consecrare
1645 2487 1927 2543 debemus:

100 2593 274 2651 dulcis
304 2599 488 2652 autem
534 2607 639 2648 non
687 2592 857 2648 multo
895 2609 1052 2648 secus
1090 2598 1173 2647 est
1206 2607 1296 2656 ea,
1336 2607 1474 2662 quae
1507 2590 1725 2662 genuit,
1764 2606 1926 2662 quam

97 2695 218 2761 illa,
266 2709 406 2767 quae
449 2694 674 2766 excepit.
755 2694 941 2765 ltaque
985 2710 1084 2764 ego
1124 2692 1260 2747 lianc
1307 2709 1481 2747 meam
1535 2708 1651 2747 esse
1697 2692 1926 2764 patriam

0 2840 14 2864 ,ν
32 2789 42 2825 ²
97 2810 316 2870 prorsus
355 2809 650 2868 numquam
691 2795 907 2866 negabo.

172 2995 291 3052 ΧΠ.
368 3000 456 3052 50.
486 2995 608 3053 vEt⁴
648 3012 790 3051 avus*
825 2995 1042 3068 quidem
1090 3002 1270 3051 noster
1314 2995 1575 3066 singulari
1621 2996 1824 3049 virtute
1868 2995 1924 3048 in

0 3146 3 3149 ,
98 3096 197 3152 hoc
233 3097 565 3170 municipio,
604 3095 778 3168 quoad
822 3098 987 3161 vixit,
1027 3098 1229 3151 restitit
1268 3096 1333 3150 Μ.
1363 3094 1631 3158 Gratidio,
1671 3093 1829 3148 cuius
1869 3096 1922 3147 in

0 3205 4 3253 '.
36 3256 37 3260 ,
98 3198 441 3253 matrimonio
479 3214 744 3262 sororem,
786 3198 959 3252 aviam
1006 3205 1272 3261 nostram,
1314 3196 1539 3251 habebat
1559 3239 1574 3261 ,
1615 3195 1805 3251 serenti
1853 3196 1921 3250 le·

36 3288 46 3349 Ϊ
99 3313 218 3370 gem
249 3298 607 3354 tabellarium:
649 3298 917 3354 excitabat
956 3300 1098 3353 enim
1135 3299 1331 3352 fluctus
1367 3299 1420 3350 in
1455 3297 1718 3369 simpulo,
1761 3305 1815 3351 ut
1846 3296 1925 3350 di—

161 3455 202 3512 ¹)
229 3453 284 3501 de
297 3452 442 3516 Legib.
459 3457 516 3500 11.
543 3469 578 3498 c.
592 3458 635 3499 3.
666 3457 747 3512 §st
780 3481 838 3490 ·—·
873 3458 912 3515 ⁹)
932 3472 1007 3516 pro
1038 3454 1160 3501 Sulla
1183 3471 1219 3500 e.
1238 3457 1277 3500 7.
1311 3455 1425 3512 §23.
1460 3480 1518 3490 ·—
1551 3456 1591 3513 5)
1625 3452 1678 3498 de
1696 3452 1838 3515 hegil).
1860 3458 1919 3498 ll.

99 3531 193 3574 c.2.
217 3532 299 3587 §5.
331 3558 388 3567 -
421 3535 463 3591 4)
489 3532 543 3577 de
560 3533 797 3594 Legib.111.
831 3539 956 3581 c.16.
994 3538 1107 3591 §aa
