2150 3990
385 203 437 256 L.
464 203 550 257 111.
595 200 846 255 ‹:.xx1x.
890 200 1023 271 §89
1064 231 1138 240 -
1174 218 1220 253 c.
1247 202 1403 255 xxx.
1448 202 1597 273 §92
1812 206 1905 257 141

103 355 174 417 ti,
233 354 434 425 gratias
471 359 678 426 ageret:
737 352 830 424 qui
888 368 991 406 non
1042 351 1176 406 mihi
1235 352 1402 420 vitam
1454 367 1633 416 suam,
1691 352 1913 417 liberos,

106 453 379 518 fortunas,
432 452 815 528 rempublicam
864 451 1093 507 referret
1139 459 1429 524 acceptam.
1521 453 1632 506 Me¹
1665 452 1725 520 Q.
1758 454 1918 509 Catu·

102 553 220 618 lus,
291 553 539 624 princeps
597 553 758 607 huius
807 551 1009 606 ordinis
1059 558 1114 605 et
1176 558 1363 606 auctor
1420 551 1618 624 publici
1669 553 1913 617 consilii,

106 653 535 725 frequentissimo
574 659 763 708 senatu
782 693 798 717 ,
851 659 1118 724 parentem
1150 652 1354 722 patriae
1398 653 1708 710 nominavit.
1787 650 1916 707 Mihi

105 753 188 806 vir
224 751 592 818 clarissimu8‚
650 753 706 807 L.
749 752 982 818 Gellius,
1021 752 1272 807 audiente
1309 759 1528 816 senatu,
1568 754 1794 807 civicam
1833 771 1917 808 co-

0 830 2 852 ι
103 866 288 908 ronam
322 851 501 907 deberi
523 869 554 907 a
580 852 1036 925 republicadixit.
1115 851 1243 906 Mihi
1277 858 1456 923 togato
1494 859 1712 907 senatus
1734 895 1748 917 ‚
1782 870 1916 916 non,

106 957 165 1006 ut
204 951 420 1018 multis,
457 952 592 1007 bene
614 960 845 1024 gestae,
883 953 1002 1018 sed,
1060 959 1121 1007 ut
1166 953 1402 1018 nemini,
1442 961 1787 1009 conservatae
1818 955 1921 1010 rei-

104 1051 348 1124 publicae
386 1053 647 1125 singulari
687 1071 880 1126 genere
919 1053 1320 1126 supplicationis
1353 1053 1572 1110 deorum
1607 1054 1921 1110 immortali-

58 1162 65 1171 ·
103 1169 199 1210 um
235 1153 434 1228 templa
459 1152 723 1227 patefecit.

114 1373 118 1381 ·
150 1354 336 1411 XXX.
415 1357 505 1410 91.
546 1354 882 1426 Quamquam
904 1360 926 1403 2
969 1355 1100 1409 haec
1134 1356 1314 1410 omnia
1346 1357 1422 1409 ita
1459 1364 1588 1410 sunt
1625 1372 1658 1411 a
1698 1371 1783 1411 me
1829 1358 1920 1411 ad-

104 1455 442 1521 ministrata,
489 1459 553 1510 ut
607 1454 829 1510 deorum
882 1454 1268 1511 immortalium
1310 1461 1448 1510 nutu
1490 1463 1652 1528 atque
1701 1455 1926 1512 consilio

9 1579 11 1629 j
102 1561 156 1610 et
187 1561 424 1629 gesta-et
459 1556 671 1628 provisa
702 1571 819 1610 esse
843 1555 1144 1611 videantur.
1203 1555 1390 1627 idque
1418 1571 1585 1627 quum
1608 1558 1920 1611 coniectura

10 1687 11 1690 =
105 1655 356 1729 consequi
390 1668 702 1729 possumus,
742 1655 882 1728 quod
921 1657 1010 1712 vix
1050 1655 1265 1711 videtur
1299 1655 1520 1711 humani
1560 1656 1768 1712 consilii
1809 1665 1922 1712 tan·

11 1769 13 1777 ⁴
106 1762 283 1811 tarum
312 1771 501 1812 rerum
537 1754 854 1828 gubernatio
890 1772 1007 1811 esse
1039 1756 1304 1828 potuisse;
1344 1763 1461 1811 tum
1494 1774 1620 1812 vero
1660 1758 1750 1812 ita.
1774 1774 1930 1831 prae-

104 1861 281 1915 sentes
308 1863 461 1929 opem
494 1862 549 1911 et
580 1856 841 1912 auxilium
876 1857 1027 1912 nobis
1052 1847 1326 1923 tulerunt,
1365 1864 1427 1914 ut
1445 1874 1535 1914 eos
1562 1874 1727 1931 paene
1756 1858 1928 1913 oculis

14 2027 15 2037 ἵ
104 1955 282 2013 videre
321 1972 613 2031 possemus.
693 1958 862 2023 Nam,
902 1965 964 2013 ut
1004 1957 1093 2013 illa
1132 1959 1409 2023 omittam,
1467 1961 1610 2014 visas
1661 1967 1930 2016 nocturno

106 2057 440 2130 tempore-ab
471 2057 746 2113 occidente
772 2057 916 2112 faces
949 2058 1301 2130 ardoremque
1332 2059 1503 2123 caeli,
1542 2067 1603 2113 ut
1636 2059 1921 2115 fulminum

106 2158 278 2212 iaotus
296 2198 312 2224 ,
351 2165 413 2213 ut
436 2165 615 2213 terrae
653 2165 842 2212 motus
865 2165 1176 2230 ceteraque,
1217 2176 1353 2231 quae
1392 2166 1502 2214 tam
1531 2159 1711 2214 multa
1733 2202 1747 2223 ,
1775 2160 1928 2214 nobis

105 2257 466 2323 consulibus,‚.
500 2257 640 2312 facta
672 2264 833 2323 sunt,
868 2265 948 2312 ¹ut
987 2275 1048 2314 ea
1069 2300 1083 2322 ,
1135 2275 1272 2330 quae
1324 2259 1519 2314 fiebant
1540 2303 1554 2324 ,
1605 2276 1798 2315 canere
1849 2260 1924 2314 dii

107 2358 435 2414 immortales
471 2357 808 2420 viderentur;
848 2358 946 2412 hoc
986 2365 1160 2422 certe,
1200 2358 1340 2430 quod
1374 2376 1494 2414 sum
1526 2359 1803 2425 dicturuS‚
1836 2377 1931 2415 ne-

105 2475 209 2530 que
227 2458 793 2532 praetermittendum,
833 2474 1006 2531 neque
1038 2458 1448 2531 relinquendum
1482 2466 1582 2514 est.
1662 2465 1749 2515 92.
1793 2461 1925 2516 Nam

106 2559 339 2632 profecto
385 2561 643 2616 memoria
674 2566 920 2615 tenemus
959 2577 1145 2615 omnes
1166 2603 1179 2624 ‚
1218 2559 1368 2615 Cotta
1406 2567 1461 2615 et
1501 2561 1770 2633 Torquato
1801 2579 1927 2616 con-

105 2660 312 2718 sulibus
348 2661 650 2734 complures
689 2662 745 2715 in
778 2660 1035 2733 Capitolio
1068 2678 1155 2716 res
1187 2661 1252 2716 de
1290 2662 1436 2716 caelo
1467 2679 1583 2717 esse
1615 2680 1925 2735 percussas:

105 2777 285 2832 quum
314 2768 370 2817 et
401 2761 689 2817 simulacra
734 2761 955 2816 deorum
995 2763 1383 2817 immortalium
1416 2763 1636 2835 depulsa
1669 2772 1796 2818 sunt
1818 2808 1831 2828 ,
1871 2772 1923 2818 et

106 2868 314 2918 statuae
343 2869 588 2918 veterum
621 2862 899 2918 hominum
933 2863 1170 2919 deiectae
1191 2907 1204 2928 ‚
1238 2871 1292 2919 et
1331 2864 1509 2936 legum
1548 2881 1672 2919 aera
1705 2865 1926 2937 liquefa-

106 2968 214 3018 cta:
254 2968 432 3016 tactus
465 2969 548 3027 est
587 2963 748 3016 etiam
787 2962 910 3027 ille,
968 2965 1060 3035 qui
1095 2963 1234 3018 hanc
1275 2965 1461 3019 urbem
1501 2965 1773 3029 condidit,
1828 2966 1929 3020 Ro-

105 3061 284 3116 mulus
297 3078 530 3134 ⁸{quem
556 3063 864 3117 inauratum
897 3064 953 3117 in
987 3064 1244 3136 Capitolio
1275 3081 1499 3136 parvum
1539 3071 1698 3136 atque
1731 3065 1928 3119 lacten·

106 3167 214 3216 tem
232 3178 257 3227 ‚'
289 3161 543 3218 uberibus
581 3163 781 3235 lupinis
815 3163 1139 3229 inhiantem,
1170 3164 1333 3219 fuisse
1373 3166 1734 3219 meminimus
1814 3167 1929 3234 Quo

107 3261 322 3332 quidem
362 3269 634 3336 tempore,
672 3280 837 3336 quum
878 3263 1188 3342 haruspices
1227 3282 1290 3318 ex
1332 3271 1441 3318 tota
1483 3265 1700 3321 Etruria
1740 3284 1926 3322 conve-

168 3506 205 3561 ¹)
237 3503 281 3547 in
308 3502 440 3548 Pison.
471 3520 506 3548 c..
541 3510 578 3549 3.
614 3508 694 3563 §6.
734 3531 787 3537 ——
825 3508 863 3562 ²)
898 3505 941 3547 in
974 3504 1097 3549 Cutil.
1133 3506 1206 3548 ΙΠ.
1241 3522 1275 3548 r.
1304 3509 1344 3550 8.
1371 3507 1484 3560 §¹3-
