2210 3970
715 232 944 293 Annus
995 231 1042 269 11.
1095 234 1139 271 c.
1198 220 1321 271 708.
1760 284 1766 297 1
1834 221 1934 274 761

12 352 41 404 ’⁴²
124 416 134 431 ,
184 365 248 442 (²)
289 365 482 422 Caesar
538 364 692 419 initio
735 364 935 420 mensis
982 362 1181 437 Aprilis
1233 364 1288 418 in
1344 361 1523 419 Africa
1593 363 1931 438 Scipionem,

104 464 386 522 Afranium
427 472 479 520 et
528 463 714 519 Iubam
746 463 914 518 vincit
953 463 1020 519 ad
1061 464 1361 536 Thapsum;
1411 464 1665 537 brevique
1699 472 1816 538 post
1856 465 1928 523 M.

9 538 44 638 (ᾗ
101 564 232 623 Gato
262 566 442 622 Uticae
477 564 578 620 sibi
606 573 832 619 mortem
869 565 1169 620 consciscit.
1213 581 1282 619 1x.
1324 581 1370 619 c.
1395 567 1483 619 24.
1517 569 1603 619 72.
1645 583 1690 620 c.
1715 569 1806 623 28.
1835 570 1929 623 82.

4 722 8 733 ι
39 695 41 699 <
166 670 330 712 Auctor
367 665 421 712 de
447 669 492 710 B.
517 663 606 710 Afr.
634 681 669 710 c.
691 668 760 708 75.
811 666 971 709 Caesar
1000 665 1180 709 interim
1197 696 1212 720 ,
1261 663 1454 710 lustrato
1485 667 1683 710 exercitu
1714 683 1754 712 a.
1775 667 1816 713 d.
1845 680 1930 714 ΧΠ.

4 774 20 810 1-
101 741 204 789 Kal.
225 741 402 804 Apriles
429 744 514 801 [Ξ
539 746 597 789 21
627 747 748 789 Mart.
782 748 871 789 708
901 759 965 788 Ξ
994 746 1050 788 21
1072 746 1243 788 Ianuar.
1272 745 1332 787 46
1355 758 1394 787 a.
1412 745 1504 801 C.],
1528 750 1709 803 postero
1736 744 1808 789 die
1822 760 1927 807 pro·

4 845 15 876 ;,
35 855 41 881 ·,
98 819 249 867 ductis
285 819 506 866 universis
531 821 673 882 copiis
691 853 704 877 ,
738 838 1006 884 progressus
1036 837 1065 864 a
1095 820 1194 865 suis
1220 819 1385 863 castris
1412 819 1542 864 milia
1558 837 1778 882 passuum
1803 836 1834 867 v
1852 857 1866 881 ,
1897 842 1928 870 a

99 898 326 960 Scipionis
357 898 535 943 circiter
565 899 700 943 duum
731 901 906 945 milium
944 900 1174 945 interiecto
1204 898 1353 959 spatio
1369 931 1383 955 ,
1423 899 1473 942 in
1498 898 1593 942 acie
1621 900 1837 945 constitit.
1864 927 1924 937 —-

11 967 19 1002 ζ’
97 979 223 1024 avo.
254 975 410 1023 Pridie
433 978 540 1022 Non.
571 979 676 1039 Apr.
706 980 790 1037 [Ξ
818 982 844 1023 4
862 986 963 1041 Apr.
990 994 1054 1022 .·:·.
1076 981 1103 1023 4
1131 976 1280 1037 Febr.]
1313 979 1449 1023 tertia
1465 975 1624 1039 vigilia
1640 993 1844 1039 egressus
1864 1006 1926 1016 —

97 1053 161 1102 ad
193 1054 415 1118 Thapsum
445 1081 504 1090 -
536 1063 686 1100 castra
704 1058 865 1117 ponit,
909 1056 1205 1118 oppidumque
1236 1072 1285 1101 eo
1316 1056 1389 1101 die
1425 1056 1737 1101 circumvenire
1767 1058 1924 1118 coepit.

5 1118 14 1195 ’,
95 1141 178 1181 oet.
206 1148 244 1180 ο.
263 1136 336 1180 aa.
372 1135 503 1190 caeo,
546 1132 747 1177 omnibus
777 1133 906 1179 iebus
938 1134 1280 1195 diligentissime
1316 1134 1602 1189 constitutis,
1647 1133 1799 1179 liberis
1825 1135 1926 1180 mie

6 1254 9 1263 ,
38 1222 40 1228 ’
94 1213 146 1258 L.
169 1211 377 1269 Caesari,
409 1211 490 1273 qui
520 1218 615 1255 tum
649 1211 692 1256 ei
710 1227 796 1272 pro
813 1220 1044 1273 quaestore
1067 1212 1255 1272 fuerat,
1289 1212 1629 1270 commendatis,
1661 1221 1705 1257 et
1727 1214 1824 1259 sine
1849 1229 1926 1258 su·

5 1277 38 1322 5>
93 1290 288 1352 spicioue
303 1322 318 1347 ,
349 1288 478 1335 vultu
494 1296 628 1351 atque
644 1305 863 1345 sermone,
882 1306 967 1351 quo
984 1292 1209 1351 superiore
1236 1299 1428 1351 tempore
1447 1306 1559 1336 usus
1565 1291 1755 1351 suerat,
1788 1308 1927 1353 quum

21 1395 36 1434 3
95 1366 334 1414 dormitum
369 1368 507 1422 isset,
540 1368 723 1428 ferrum
753 1369 872 1413 iutro
904 1368 1017 1412 clam
1055 1369 1102 1412 in
1134 1368 1384 1413 cubiculum
1415 1368 1556 1424 tulit,
1604 1377 1738 1430 atque
1778 1369 1846 1414 ita
1876 1385 1926 1414 se

94 1443 341 1491 transiecit.
408 1444 498 1504 Qui
529 1461 664 1506 quum
690 1446 840 1491 anima
870 1444 1061 1491 nondum
1091 1447 1324 1506 exspirata
1354 1444 1644 1502 concidisset,
1686 1454 1727 1491 et
1756 1447 1926 1508 impetu

6 1530 41 1570 ί
92 1521 220 1578 facto
235 1522 284 1568 in
314 1521 564 1568 cubiculum
587 1541 644 1570 rx
669 1525 942 1586 suspicione,
964 1522 1160 1568 medicus
1177 1522 1528 1584 familiaresque
1543 1525 1764 1569 continere
1789 1532 1924 1586 atque

8 1603 39 1657 '133
91 1600 254 1647 vulnus
285 1600 480 1663 obligare
511 1603 779 1663 coepissent,
811 1604 908 1664 ipse
929 1603 1027 1646 suis
1050 1600 1253 1645 manibus
1278 1600 1441 1646 vulnus
1462 1601 1765 1647 crudelissime
1786 1601 1924 1648 divel—

12 1677 22 1730 ’ἢ
93 1678 179 1735 lit,
213 1685 349 1741 atque
379 1679 525 1733 animo
542 1681 776 1740 praesenti
805 1696 852 1725 se
878 1681 1115 1725 interemit.
1179 1679 1324 1725 Livius
1352 1680 1466 1741 Epit.
1496 1684 1600 1728 114.
1634 1682 1795 1726 Caesar
1826 1681 1922 1726 Sci·

12 1755 33 1821 J
84 1756 266 1820 pionem
295 1764 568 1818 praetoremn,
612 1757 878 1818 Afranium,
927 1758 1169 1818 Iubamque
1204 1757 1313 1801 eicit
1354 1757 1416 1802 ad
1466 1759 1715 1819 Thapsum,
1758 1760 1924 1804 castris

10 1830 37 1851 ⁴
62 1860 64 1862 ·
90 1850 240 1881 eorum
265 1834 544 1897 expugnatis.
612 1837 744 1893 Cato,
777 1835 935 1881 audita
967 1852 1039 1890 re,
1071 1851 1207 1896 quum
1239 1850 1285 1878 se
1309 1837 1610 1896 percussisset
1644 1837 1819 1893 Uticae,
1853 1846 1922 1895 et,

10 1935 34 1980 3
91 1912 405 1960 interveniente
427 1913 563 1979 filio,
612 1921 869 1970 curaretur,
900 1915 1018 1958 inter
1049 1914 1194 1973 ipsam
1220 1914 1492 1958 curationem
1523 1916 1712 1960 rescisso
1742 1916 1921 1962 vulnere

91 1991 368 2063 exspiravit,
417 2007 531 2037 anuo
563 1993 726 2037 aetatis
759 1993 1096 2053 quadragesimo
1129 1999 1293 2036 octavo.
1357 1994 1563 2038 Petreius
1596 1995 1750 2040 Iubam
1787 2009 1922 2057 seque

13 2057 40 2131 J]
89 2069 333 2130 interfecit.
393 2071 448 2115 P.
463 2071 614 2131 Scipio
635 2071 684 2115 in
710 2062 817 2113 nabe
844 2071 1165 2114 circumventus
1193 2069 1399 2114 honestae
1427 2073 1561 2116 morti
1583 2090 1725 2117 vocem
1750 2090 1922 2136 quoque

15 2204 41 2218 Γ
90 2146 286 2193 adiecit.-
334 2147 646 2208 quaerentibus
685 2148 799 2191 enim
841 2147 1148 2207 imperatorem
1191 2147 1392 2192 hostibus
1429 2148 1578 2194 ‹li-rit:
1620 2153 1921 2213 Imperator

12 2223 40 2274 J:
89 2217 214 2272 bene
245 2241 300 2270 se
333 2225 503 2271 habet.
567 2226 765 2269 Faustus
797 2231 841 2268 et
862 2223 1085 2282 Afranius
1113 2226 1277 2269 occisi.-
1315 2228 1494 2271 Catonis
1513 2227 1623 2288 filio
1645 2231 1772 2273 venia
1797 2229 1919 2275 data.

15 2308 53 2343 ν
88 2303 205 2350 eonf.
237 2304 312 2349 nio
339 2316 469 2349 mn.
497 2319 532 2348 c.
552 2306 716 2348 8—12.
783 2302 961 2363 Appiam.
991 2307 1035 2347 B.
1055 2307 1097 2348 c,
1131 2317 1178 2348 n.
1208 2320 1242 2348 c.
1262 2307 1490 2350 96---1oo.
1557 2306 1773 2352 mutaret..
1801 2312 1919 2355 eaes.

15 2366 25 2428 ἴ
88 2384 202 2427 aaa
233 2396 298 2443 sq.
367 2379 430 2426 ω.
459 2384 548 2425 eat.
584 2380 682 2426 uin.
714 2395 751 2424 c.
776 2382 975 2424 58-70.
1041 2383 1189 2426 zonar.
1214 2394 1257 2427 1.
1285 2386 1412 2427 c.1o.
1487 2385 1661 2428 orosius
1695 2398 1759 2430 vt.
1786 2403 1821 2430 c.
1844 2390 1915 2432 16.

86 2463 264 2521 Eutrop.
296 2472 358 2504 vt.
385 2474 421 2503 e.
440 2460 512 2504 23.
577 2457 769 2504 Velleius
799 2471 849 2503 11.
878 2474 915 2502 c.
935 2462 1008 2502 55.
1072 2462 1248 2503 Sueten.
1275 2463 1388 2504 CaeS.
1411 2476 1447 2505 c.
1466 2466 1537 2507 35.
1604 2463 1768 2508 Plinius
1792 2468 1842 2508 u.
1867 2467 1915 2511 N.

46 2582 47 2586 ,
89 2551 171 2585 vn.
200 2539 330 2583 c.26.
395 2534 562 2581 Gellius
593 2546 697 2580 1111.
729 2551 764 2580 c.
784 2538 856 2579 19.
921 2535 1073 2580 Florus
1106 2549 1168 2581 iv.
1201 2554 1236 2581 c.
1266 2540 1307 2582 2.
1333 2541 1529 2584 68-72.
1592 2544 1749 2586 Seneca
1783 2544 1915 2604 Epist.

82 2620 155 2663 2⁴.
190 2620 218 2662 6
250 2631 340 2678 sqq.

0 2798 2 2817 Ι
46 2799 47 2802 ,
161 2742 224 2819 (⁸)
265 2742 574 2798 Ciceronem
624 2741 878 2806 interim,
934 2757 1261 2813 quamquam
1301 2742 1646 2801 vehementer
1696 2750 1914 2822 cupien-

0 2875 1 2878 =
85 2851 196 2899 tem
223 2841 402 2914 aliquo
421 2841 596 2905 exire,
637 2846 699 2895 ut
734 2857 827 2905 ea,
861 2858 996 2912 quae
1031 2842 1085 2894 in
1121 2841 1259 2895 Urbe
1290 2842 1614 2914 agebantur,
1655 2865 1752 2903 nec
1774 2851 1914 2907 vide-

85 2951 169 3001 ret
203 2960 302 2999 nec
341 2941 582 3008 audiret,
621 2941 821 2997 Romae
863 2949 917 2996 et
955 2941 1128 3014 pudor
1161 2950 1409 2999 tenuerat
1442 2953 1495 3000 et
1534 2947 1912 3007 Africanarum

0 3060 268 3102 rerum
300 3041 640 3115 exspectatio.
682 3059 750 3095 1x.
794 3059 839 3096 c.
864 3046 950 3096 11.
994 3045 1063 3098 52
1105 3060 1183 3115 sq.

31 3143 60 3180 :i

34 3182 70 3226 ii:

48 3230 57 3249 ,ἵ
162 3170 226 3247 (⁴)
266 3170 494 3234 Caesar,
552 3166 792 3223 confecto
846 3168 901 3222 in
948 3167 1126 3223 Africa
1174 3169 1339 3234 bello,
1401 3173 1624 3230 Romam
1664 3194 1912 3236 reversus

31 3259 66 3362 ξ
87 3280 340 3347 quattuor
383 3269 686 3342 triumphos
719 3268 902 3334 ducit,
955 3277 1008 3325 et
1044 3273 1284 3327 omnium
1327 3290 1511 3330 rerum
1543 3285 1806 3349 potestate
1844 3281 1913 3336 ad

38 3372 73 3453 ssle'
88 3388 211 3429 eum
262 3372 438 3428 delata
492 3369 878 3441 rempublicam
935 3372 1250 3437 constituit,
1310 3372 1541 3430 dictator
1597 3387 1812 3436 creatus
1855 3383 1913 3438 in

32 3456 271 3556 {aecem
289 3489 455 3531 annos
475 3478 528 3527 et
548 3487 759 3527 morum
781 3470 1083 3544 praefectus
1105 3474 1158 3527 in
1180 3475 1492 3533 triennium.
1534 3496 1604 3534 1x.
1628 3499 1675 3536 c.
1702 3486 1788 3539 12.
1820 3489 1908 3541 55.

1564 3579 1627 3627 64
