2210 3970
205 243 314 294 590
679 254 1007 292 ANNALES
1066 242 1620 294 clennoN1AN1.'

200 385 528 447 «lutiomarm
567 385 908 438 Trevirorum
939 385 1195 455 principe.
1273 384 1568 437 'Accusator
1601 382 1702 437 suit
1735 384 1803 438 M.
1825 384 2024 439 Plaeto-

199 485 350 549 rius,
391 483 721 554 subscriptor
755 485 821 538 M.
856 483 1069 538 Fabius,
1104 502 1158 537 11.
1199 499 1244 536 e.
1269 486 1356 537 23.
1396 485 1486 536 61.
1718 467 1724 473 “

261 585 508 629 Orationem
537 583 731 628 habitam
758 600 873 641 esse,
906 601 991 646 quo
1023 592 1215 644 tempore
1247 583 1334 628 iam
1362 583 1526 646 equites
1552 599 1656 627 cum
1683 582 1951 628 senatoribus
1974 600 2023 627 ex

198 663 293 724 lege
314 661 491 707 Aurelia
519 663 581 721 [V.
599 661 652 706 ad
669 678 706 706 a.
726 663 907 720 684.1.]
934 662 1203 718 iudicarent,
1238 661 1478 706 ostendunt
1510 659 1640 705 verba
1670 677 1782 722 quae
1812 658 2023 721 leguntur

195 757 231 786 c.
257 743 332 786 12.
358 743 433 785 36.
463 742 628 800 Magna
664 739 906 784 mehercule
932 756 1091 784 caussa
1109 773 1122 796 ,
1165 739 1365 796 iudt'ces.,
1409 736 1704 783 absolutionis
1735 756 1834 783 cum
1865 738 2023 782 ceteris

196 821 371 864 caussis
399 819 502 864 haec
531 827 623 872 est,
656 834 709 862 ne
734 834 823 878 qua
849 817 1041 877 insignis
1070 819 1172 862 kuic
1198 819 1383 878 imperio
1409 815 1585 862 macula
1612 824 1746 878 atque
1778 815 2023 877 ignomin-ia

195 899 500 959 suscipiatur,
533 897 576 939 si
609 896 686 939 Ιιοι·
718 895 786 937 ita
804 893 1033 954 perlatum
1065 896 1152 938 erit
1177 896 1227 938 in
1268 894 1488 951 Galliam,
1535 903 1736 940 senatum
1767 895 2022 956 equitesque

188 975 352 1037 populi
384 974 595 1029 Romani,
626 987 711 1015 non
740 971 1006 1034 testimoniis
1043 972 1297 1029 Gallorum,
1345 972 1426 1017 secl
1453 973 1588 1016 minis'
1630 981 1890 1028 commotos,
1933 988 2024 1015 rem

196 1052 258 1096 ad
286 1051 468 1096 illorum
502 1049 728 1095 libidinem
765 1047 1002 1094 iudicasse.
1066 1051 1142 1093 Ita
1173 1066 1271 1094 vero
1291 1083 1304 1106 ,
1346 1052 1388 1095 si
1426 1049 1501 1094 illi
1528 1049 1689 1094 bellum
1713 1047 1871 1107 facere
1897 1065 2024 1092 cona-

196 1129 385 1186 buntur,
419 1116 682 1173 excitandas
712 1125 838 1168 nobis
875 1126 960 1170 erit
998 1125 1053 1170 ab
1090 1126 1257 1186 inferis
1288 1129 1330 1172 G.
1358 1120 1577 1186 Marius,'
1604 1127 1685 1188 qui
1720 1125 2025 1170 Indutiomaro

195 1209 280 1252 isti
319 1206 484 1251 minaci
526 1214 659 1266 atque
691 1204 921 1264 arroganti
943 1220 1036 1264 par
1071 1203 1119 1248 in
1159 1204 1455 1266 belligerando
1493 1222 1588 1250 esse
1610 1204 1795 1266 possit:
1829 1229 1888 1237 —-
1920 1211 2026 1258 auc,

196 1285 404 1347 quoniam
446 1283 498 1328 id
525 1280 700 1344 quidem
731 1297 818 1324 non
840 1288 1018 1341 potest,
1062 1281 1255 1326 orandus
1293 1282 1381 1327 erit
1410 1282 1536 1327 nobis
1567 1283 1739 1327 amicus
1769 1297 1921 1337 meus,
1966 1282 2023 1325 M.

196 1362 478 1417 Plaetorius,
509 1368 563 1404 ut
593 1375 698 1404 suos
729 1374 862 1402 novos
894 1358 1077 1404 clientes
1115 1377 1144 1403 a
1177 1359 1288 1405 bello
1308 1359 1523 1418 faciendo
1551 1361 1772 1406 deterreat
1804 1379 1888 1403 —.·
1923 1369 2026 1415 aut,

196 1441 239 1484 si
270 1456 356 1485 non
373 1440 570 1501 poterit,
618 1440 677 1484 M.
712 1439 897 1484 Fabium
929 1440 1272 1501 subscriptorem
1299 1439 1396 1484 eius
1427 1437 1705 1500 rogabimu3‚
1749 1445 1802 1481 ut
1828 1437 2026 1483 Allobro-

193 1536 301 1581 gum
332 1518 503 1563 animos
533 1517 721 1577 mitiget.
787 1515 903 1562 Conf.
932 1517 1120 1575 Quintil.
1146 1531 1211 1562 Ἡ.
1239 1533 1275 1563 c.
1290 1521 1332 1562 3.
1356 1519 1427 1561 51.

277 1621 338 1696 (³)
381 1620 462 1675 Ad
513 1618 760 1674 eumdem
803 1636 1004 1674 annum
1042 1619 1320 1676 reserenda
1358 1619 1571 1675 videtur
1615 1620 1785 1673 oratio
1830 1636 1928 1689 pro
1962 1619 2024 1673 A.

199 1724 449 1786 Caecina,
490 1721 645 1775 euius
685 1720 886 1775 mentio
920 1720 980 1774 fit
1022 1739 1091 1775 lx.
1132 1739 1176 1776 c.
1203 1726 1294 1778 25.
1336 1726 1423 1776 74.

261 1826 319 1868 De
344 1831 562 1884 tempore,
596 1837 681 1883 quo
715 1820 819 1864 haee
846 1819 982 1864 oratio
1006 1819 1158 1866 habita
1186 1822 1268 1877 sit,
1302 1803 1496 1882 exposuit
1519 1820 1746 1866 Ferratius
1763 1853 1777 1875 ‚
1810 1820 1942 1882 Epist.
1964 1834 2026 1864 lv,

198 1905 240 1947 2.
273 1919 314 1963 p.
333 1904 423 1946 236
441 1916 500 1962 sq.
531 1907 575 1944 et
597 1898 804 1943 Iordanus
836 1899 882 1942 in
916 1902 1156 1944 Commeat.
1185 1899 1239 1947 ad
1267 1898 1377 1944 hanc
1407 1899 1536 1944 Orat:
1557 1916 1597 1960 p.
1617 1902 1705 1943 135
1723 1913 1784 1959 sq.

463 2117 716 2184 ANNUS
762 2125 1002 2182 VITAE
1052 2125 1470 2182 CICERONIS
1523 2125 1762 2183 XXXIX.

194 2278 361 2321 a.1J.C.
711 2273 823 2316 eoss'.
860 2277 904 2316 L.
938 2275 1200 2315 CAECILIUS
1232 2275 1503 2316 METELLUS.
1863 2289 1900 2316 a.
1917 2275 1966 2319 A.
1985 2277 2028 2317 c,

233 2370 338 2411 686.
858 2368 905 2420 Q.
941 2366 1160 2407 MARCIUS
1192 2368 1310 2407 REX.
1362 2330 1367 2351 ⁴
1913 2368 1986 2408 68.

276 2497 338 2572 (¹)
382 2497 460 2551 Ab
498 2497 598 2551 hoe
650 2496 866 2551 demum
915 2513 1054 2550 anno
1105 2495 1373 2567 incipiunt
1421 2495 1689 2568 Epistolae
1732 2495 2027 2557 Ciceronis:

198 2614 322 2653 nam
352 2613 488 2669 quae
520 2597 671 2668 prius
701 2596 932 2666 scriptae
965 2595 1206 2660 fuerint,
1247 2595 1524 2667 perierunt
1564 2613 1764 2650 omnes,
1845 2598 1908 2651 In
1942 2596 2026 2651 his

183 2703 409 2763 tantem,
447 2713 583 2768 quae
617 2702 906 2767 supersunt
942 2713 1060 2749 nece
1093 2694 1203 2750 fere
1237 2711 1492 2760 numero,
1533 2695 1791 2750 hahemus
1823 2702 1877 2751 et
1911 2713 2027 2768 per-

199 2798 398 2854 feetum
439 2795 845 2851 scribendarum
880 2795 1225 2867 epistolarum
1257 2795 1590 2867 exemplum,
1630 2803 1684 2851 et
1715 2796 2027 2868 praeclaris-

200 2900 392 2955 simam
434 2896 708 2952 Tullianae
759 2898 951 2951 aetatis
989 2913 1308 2969 morumque
1345 2897 1665 2968 imaginem,
1719 2904 1771 2952 et
1818 2906 2025 2970 partem

199 3000 456 3055 historiae
497 2997 897 3053 memorabilem
937 2997 1310 3069 magnitudine
1353 3014 1537 3053 rerum
1577 3004 1630 3053 et
1682 3001 2025 3056 conversione

201 3099 526 3172 reipublicae
559 3099 615 3151 in
646 3097 771 3152 orbe
808 3104 1075 3154 terrarum
1110 3099 1399 3153 maximae.

262 3204 420 3245 Fronto
457 3199 590 3261 Epist.
630 3198 683 3243 ad
725 3198 998 3244 Antoninum
1036 3203 1147 3261 Imp.
1178 3213 1228 3244 11.
1262 3203 1312 3247 5.
1355 3200 1514 3244 Omnes
1554 3199 1774 3244 Ciceronis
1811 3201 2025 3261 epistolas

205 3278 407 3340 legendas
433 3293 610 3333 censeo,
640 3294 736 3322 mea
767 3278 986 3321 sententia
1017 3278 1088 3321 vel
1111 3280 1281 3340 magi-e,
1314 3294 1448 3339 quam
1479 3293 1626 3322 omnes
1657 3279 1755 3322 eius
1787 3280 2023 3325 orationes.

203 3356 429 3417 Epistolis
459 3357 679 3401 Ciceronis
704 3355 824 3399 nihil
853 3362 921 3399 est
944 3354 1208 3416 perfectius.
1272 3353 1442 3399 Plinius
1473 3354 1606 3416 Epist.
1637 3355 1692 3401 ad
1719 3357 1931 3402 Sabinum
1961 3372 2022 3403 lx.

202 3438 247 3480 2.
277 3436 318 3478 2.
337 3435 482 3494 Neque
508 3433 656 3478 eadem
686 3442 840 3477 nostra
866 3431 1057 3477 conditio
1074 3465 1088 3488 ‚
1121 3450 1233 3492 quae
1259 3436 1318 3478 M.
1341 3431 1504 3490 Tullii,
1537 3433 1598 3478 ad
1617 3434 1746 3478 cuius
1777 3435 2024 3496 exemplum

204 3528 282 3560 nos
313 3529 453 3558 vocas.
517 3512 599 3558 Illi
626 3512 738 3557 enim
770 3519 811 3558 et
837 3510 1188 3572 copiosissimum
1216 3511 1465 3571 ingenium,
1498 3519 1541 3558 et
1566 3513 1740 3573 ingenio
1769 3530 1856 3575 qua
1883 3514 2025 3558 vari&
