2150 3990
180 259 284 308 246
760 274 967 309 menno
1015 274 1082 309 nn
1134 274 1269 311 vira
1319 271 1421 308 SUA

175 413 278 460 ‘mn
311 421 471 459 Annae
519 404 584 459 M.
611 405 667 459 T.
705 421 955 467 assurum
996 405 1130 460 mihi
1164 404 1302 459 sacta
1343 405 1526 459 statim
1566 409 1647 456 est
1676 403 1990 473 gratulatio:

175 516 331 559 nemo
368 506 511 563 enim
553 505 857 570 dubitabat,
906 506 1035 577 quin
1077 505 1265 559 domus
1305 503 1455 558 nobis
1493 509 1633 556 esset
1671 501 1992 558 adiudicata.

174 603 313 659 Tum
361 605 536 659 subito
582 605 670 660 ille
715 607 769 659 in
815 606 1124 659 concionem
1177 604 1447 667 ascendit,
1500 619 1663 674 quam
1702 602 1905 674 Appius
1945 604 1993 656 ei

174 703 352 767 dedit;
405 706 618 759 nuntiat
650 706 798 759 inani
836 704 1056 776 popu10,
1110 704 1387 775 Pontifices
1427 703 1704 758 secundum
1739 720 1792 756 se
1825 703 1994 757 decre·

173 805 335 869 visse,
375 822 456 858 me
494 812 666 858 autem
704 805 756 857 vi
788 805 964 858 conari
993 805 1050 857 in
1075 805 1450 873 possessionem
1481 804 1680 865 venire5
1723 802 1995 867 hortatur,

172 911 231 959 ut
262 924 316 959 se
354 914 402 959 et
429 905 657 975 Appium
689 913 971 975 sequantur
997 913 1045 958 et
1083 921 1232 957 suam
1259 903 1574 958 Libertatem
1606 912 1664 957 ut
1701 904 1996 977 defendant.

176 1004 274 1058 Hic
319 1021 489 1076 quum
534 1004 696 1058 etiam
737 1004 815 1058 illi
861 1004 1033 1058 infimi
1072 1005 1270 1077 partim
1323 1003 1748 1068 admirarentur,
1799 1005 1998 1076 partim

173 1103 462 1158 irriderent
501 1102 735 1157 hominis
774 1104 1065 1158 amentiam
1086 1147 1101 1169 ,
1141 1121 1239 1176 ego
1273 1110 1568 1159 statueram
1607 1103 1735 1158 illuc
1774 1119 1880 1157 non
1914 1119 1998 1156 ac-

175 1202 390 1269 cedere,
444 1204 549 1258 nisi
600 1220 770 1276 quum
820 1203 1066 1259 consules
1105 1221 1171 1258 ex
1223 1203 1687 1259 senatusconsulto
1731 1203 1999 1275 porticum

172 1304 345 1359 Catuli
365 1304 754 1359 restituendam
780 1304 1062 1359 locassent.
1124 1307 1212 1358 21.
1249 1304 1364 1358 Kal.
1389 1303 1570 1359 Octob.
1593 1302 1823 1358 habetur
1849 1319 1998 1358 sena-

172 1411 263 1460 tus
296 1404 564 1477 frequens.
643 1405 981 1460 Adhibentur
1008 1422 1193 1460 omnes
1219 1405 1524 1478 pontifices,
1549 1406 1644 1477 qui
1671 1411 1825 1460 erant
1852 1422 2001 1460 sena-

173 1502 332 1560 toreS.
412 1506 457 1560 A
496 1506 690 1577 quibus
727 1505 1097 1571 Marcellinus,
1151 1507 1244 1577 qui
1284 1512 1401 1560 erat
1439 1505 1824 1578 cupidissimus
1863 1506 1999 1569 mei,

173 1607 497 1661 sententiam
534 1607 743 1678 primus
782 1613 1003 1677 rogatus
1024 1648 1038 1671 ,
1079 1606 1380 1678 quaesivit,
1432 1605 1562 1678 quid
1599 1611 1780 1660 essent
1818 1606 1875 1660 in
1914 1605 1999 1660 de-

172 1705 437 1760 cernendo
469 1706 658 1761 secuti.
739 1707 878 1761 Tum
917 1707 984 1760 M.
1012 1705 1269 1760 Lucullus
1297 1705 1363 1760 de
1394 1705 1636 1760 omnium
1675 1705 2000 1777 collegarum

171 1808 437 1862 sententia
470 1807 774 1880 respondit,
809 1807 1078 1880 reliqionis
1109 1807 1306 1862 iudices
1329 1807 1604 1879 pontifices
1634 1807 1830 1880 fuisse,
1871 1808 2002 1881 leqis

172 1916 440 1962 senatum:
481 1925 536 1961 se
567 1916 615 1961 et
642 1907 866 1980 colleqas
898 1925 1016 1962 suos
1048 1907 1112 1962 de
1142 1908 1394 1980 reliyione
1425 1908 1694 1972 statuisse,
1731 1908 1788 1961 in
1820 1918 2001 1963 senatu

172 2009 235 2062 de
262 2009 374 2082 leqe
394 2017 690 2064 statuturos.
750 2008 988 2081 Quisque
1009 2008 1202 2063 horum
1218 2051 1233 2073 ,
1265 2008 1381 2064 loco
1400 2009 1725 2064 sententiam
1750 2015 2001 2080 rogatu8‚

172 2109 343 2164 multa
394 2110 692 2167 secundum
744 2123 991 2164 caussam
1042 2116 1283 2164 nostram
1323 2108 1638 2181 disputavit.
1717 2109 1895 2177 Quum
1934 2110 2001 2165 ad

169 2210 412 2266 Clodium
438 2218 660 2266 ventum
693 2216 803 2276 est,
845 2211 1015 2283 cupiit
1042 2210 1185 2266 diem
1218 2226 1562 2276 consumere,
1595 2226 1769 2283 neque
1795 2212 1844 2266 ei
1878 2211 2001 2267 finis

168 2319 250 2368 est
289 2311 497 2368 factus:
539 2311 631 2367 sed
663 2319 874 2377 tamen,
914 2327 1083 2384 quum
1116 2311 1275 2366 horas
1307 2310 1409 2366 tris
1447 2309 1559 2366 fere
1590 2310 1843 2377 dixisset,
1881 2312 2003 2368 odio

171 2419 225 2468 et
275 2415 506 2485 strepitu
550 2419 770 2469 senatus
822 2419 1040 2469 coactus
1091 2419 1174 2467 est
1223 2411 1509 2485 aliquando
1559 2429 1829 2485 perorare.
1908 2418 1997 2469 22.

171 2513 351 2581 Quum
405 2513 556 2568 fieret
607 2512 1134 2567 senatusconsultum
1187 2514 1244 2566 in
1296 2513 1620 2568 sententiam
1670 2514 2001 2580 Marcellini,

171 2613 418 2669 omnibus
450 2618 663 2684 praeter
694 2629 865 2666 unum
898 2611 1343 2676 assentientibUS,
1385 2611 1648 2668 Serranus
1674 2613 1998 2670 intercessit.

170 2715 246 2771 De
291 2714 672 2768 intercessione
717 2713 902 2767 statim
949 2711 1104 2767 ambo
1151 2711 1398 2766 consules
1442 2711 1644 2767 referre
1689 2722 1998 2785 coeperunt.

172 2815 350 2883 Quum
372 2813 670 2867 sententiae
696 2812 1043 2883 gravissimae
1063 2811 1399 2866 dicerentur:
1429 2813 1687 2867 senatui
1713 2813 1998 2885 placere,

170 2915 330 2971 mihi
377 2914 629 2968 domum
668 2914 970 2979 restitui,
1010 2913 1337 2986 porticum
1375 2913 1588 2968 Catuli
1625 2913 1857 2980 locari,
1899 2932 1996 2971 au-

170 3016 546 3072 ctoritatem
598 3013 846 3068 ordinis
897 3014 970 3068 ab
1022 3013 1311 3069 omnibus
1361 3015 1858 3086 magistratibus
1903 3016 1994 3071 de-

170 3116 375 3178 fendi;
427 3117 479 3169 si
519 3131 680 3186 quae
726 3116 820 3169 vis
866 3121 1032 3170 esset
1080 3114 1276 3180 sacta,
1331 3122 1625 3171 senatum
1672 3116 1994 3171 existima-

170 3227 414 3284 turum,
463 3218 599 3272 eius
640 3233 830 3289 opera
872 3216 1105 3271 factum
1139 3234 1300 3282 esse,
1338 3218 1445 3288 qui
1479 3218 1993 3272 senatusconsul-

168 3327 230 3373 to
270 3318 784 3372 intercessisset:
846 3316 1108 3372 Serranus
1147 3318 1429 3389 pertimuit
1467 3325 1521 3372 et
1560 3317 1875 3373 Cornicinus
1928 3318 1994 3373 ad

170 3435 322 3474 suam
363 3424 595 3472 veterem
638 3417 870 3472 fabulam
909 3417 1101 3472 rediit:
1163 3417 1369 3473 abiecta
1407 3423 1553 3489 toga,
1607 3435 1663 3472 se
1705 3419 1769 3473 ad
1809 3422 1991 3490 generi

168 3519 326 3593 pedes
367 3518 574 3573 abiecit.
658 3517 748 3571 Ille
802 3526 1010 3574 noctem
1053 3518 1153 3573 sibi
1207 3519 1526 3590 postulavit:
1584 3537 1688 3574 non
1743 3519 1989 3575 concede-
