2210 3970
215 236 321 289 406
827 248 1037 285 clcsno
1078 249 1148 285 DE
1189 247 1327 285 viu
1367 249 1471 286 sua

212 384 356 438 enim
397 381 580 437 fateor.
661 381 995 453 Quamquam
1030 397 1186 435 nemo
1225 387 1341 435 erat
1379 397 1564 436 eorum
1585 422 1601 445 ,
1641 382 1734 452 qui
1774 397 1898 435 cum
1932 384 2034 437 An-

212 483 357 537 tonio
391 481 633 551 suerunt,
673 481 767 552 qui
799 481 934 537 mihi
967 497 1072 535 non
1101 487 1344 536 censeret
1371 482 1520 553 parci
1548 487 1810 554 oportere.
1870 482 2040 538 Tanta

210 582 355 637 enim
394 588 476 636 est
509 581 706 636 caritas
737 582 966 653 patriae,
1007 588 1066 636 ut
1087 581 1276 636 alienis
1297 583 1460 637 etiam
1490 581 1788 653 legionibus
1819 589 2039 638 sanctus

209 698 412 748 essem,
450 681 592 754 quod
635 698 755 738 eam
795 698 827 736 a
871 698 958 736 me
1007 688 1276 736 servatam
1321 698 1439 737 esse
1477 682 1866 737 meminissent.
1949 687 2040 737 27.

210 779 370 836 Venit
392 787 409 820 ¹
463 782 632 854 igitur
669 781 1045 843 Brundisium,
1099 782 1155 835 in
1201 783 1382 837 sinum
1426 781 1645 854 quidem
1690 789 1745 838 et
1789 784 1846 837 in
1898 799 2043 837 com·

207 882 424 955 plexum
462 881 791 955 Cytheridis,
830 881 1086 936 mimulae
1114 898 1259 936 suae.
1339 882 1561 938 Italiae2
1600 884 1785 939 statim
1824 900 2040 956 percur-

207 984 344 1037 satio
388 981 572 1036 eadem
611 981 808 1035 comite
846 981 1047 1036 mima:
1102 982 1158 1034 in
1197 980 1389 1053 oppida
1428 982 1665 1037 militum
1702 982 1936 1045 crudelis
1987 990 2042 1039 et

206 1072 406 1157 miser-a
442 1079 724 1135 deductio:
779 1080 836 1133 in
876 1079 1016 1135 Urbe
1061 1082 1218 1145 auri,
1259 1082 1507 1152 argenti,
1553 1083 1894 1154 maximeque
1930 1083 2043 1138 vini

204 1175 356 1237 foeda
387 1180 635 1253 direptio.
713 1181 990 1246 Accessit,
1044 1187 1134 1246 ut,
1185 1181 1409 1237 Caesare
1453 1183 1644 1253 ignaro
1664 1223 1681 1247 ,
1732 1198 1902 1254 quum
1954 1183 2043 1241 ille

203 1289 346 1338 esset
377 1281 754 1346 Alexandriae,
793 1280 1051 1337 beneficio
1089 1283 1390 1338 amicorum
1419 1284 1561 1348 eiuS,
1601 1283 1863 1354 magister
1894 1284 2042 1355 equi-

202 1390 322 1438 tum
374 1382 827 1437 constitueretur.
912 1382 1052 1437 Tum
1096 1383 1436 1438 >existimavit
1487 1399 1546 1438 se
1595 1399 1693 1443 suo
1745 1383 1865 1438 iure
1913 1399 2041 1438 cum

203 1482 397 1556 Hippia
422 1483 602 1540 vivere
621 1489 677 1538 et
694 1496 860 1555 equos
889 1481 1178 1554 vectigales
1209 1482 1411 1554 Sergio·
1429 1484 1596 1538 mimo
1615 1481 1847 1538 tradere.
1900 1483 2040 1539 Tum

200 1583 304 1638 sihi
325 1599 432 1639 non
451 1583 592 1639 hanc
605 1626 620 1648 ,
636 1599 798 1655 quam
821 1597 966 1637 nunc
986 1581 1126 1638 male
1141 1589 1328 1638 tuetur
1341 1624 1357 1647 ,
1372 1581 1466 1636 sed
1484 1581 1553 1636 Μ.
1569 1582 1779 1636 Pisonis
1791 1580 2037 1648 domum,

201 1683 294 1739 uhi
315 1683 612 1749 habitaret,
640 1683 860 1754 legerat.
903 1682 1043 1750 Quid
1064 1699 1163 1753 ego
1182 1682 1342 1738 istius
1361 1681 1607 1747 decreta,
1642 1680 1774 1753 quid
1793 1682 2010 1754 rapinas
2024 1724 2039 1748 ,

198 1783 329 1857 quid
354 1782 717 1839 hereditatum
743 1783 1103 1855 possessiones
1130 1781 1308 1847 datas,
1335 1780 1466 1853 quid
1493 1787 1706 1853 ereptas
1731 1780 2035 1854 proferam?

199 1883 430 1957 Cogebat
467 1890 703 1956 egestas:
757 1899 863 1955 quo
915 1899 974 1938 se
1022 1889 1288 1947 verteret,
1340 1898 1448 1937 non
1486 1881 1747 1937 habehat:
1800 1882 2041 1949 nondum

198 1986 249 2040 ei
286 1990 438 2040 tanta
478 2000 510 2039 a
547 1982 603 2038 L.
627 1982 859 2048 Rubrio,
899 1999 1005 2037 non
1045 1998 1078 2038 a
1113 1982 1172 2038 L.
1197 1981 1441 2038 Turselio
1479 1981 1750 2038 hereditas
1787 1990 2035 2038 venerat:

200 2084 438 2142 nondum
476 2085 534 2138 vin
572 2084 667 2138 Cn.
689 2082 930 2155 Pompeii
967 2082 1148 2138 locum
1186 2081 1592 2154 multorumque
1629 2081 1858 2137 aliorum
1877 2124 1895 2146 ,
1943 2084 2038 2155 qui

199 2187 451 2251 aberant,
502 2184 818 2258 repentinus
858 2183 1014 2238 heres
1051 2189 1404 2241 successerat.
1491 2182 1624 2239 Erat
1663 2183 1713 2237 ei
1751 2181 2040 2238 vivendum

197 2286 469 2343 latronum
517 2285 631 2339 ritu
646 2326 661 2349 ,
719 2290 782 2338 ut
820 2289 1036 2338 tantum
1075 2282 1325 2348 haberet,
1383 2290 1650 2355 quantum
1687 2298 1878 2355 rapere
1924 2290 2037 2356 pot-

198 2387 385 2442 uisset.
467 2389 556 2441 28.
598 2385 766 2442 Multa
786 2391 806 2423 ³
840 2391 1146 2457 praetereo,
1186 2392 1241 2440 et
1272 2399 1410 2458 quae
1449 2387 1564 2458 ipse
1602 2386 1660 2440 in
1693 2402 1750 2441 se
1787 2392 1950 2458 atque
1979 2388 2038 2442 in

197 2487 554 2542 domesticum
573 2485 806 2542 dedecus
827 2487 1042 2558 impure
1060 2492 1223 2557 atque
1248 2487 1703 2557 intemperanter,
1730 2493 1786 2542 et
1812 2503 1951 2559 quae
1979 2487 2036 2541 in

202 2605 297 2643 nos
348 2585 700 2658 fortunasque
732 2592 948 2640 ¹nostras
969 2628 984 2651 ,
1038 2585 1094 2639 id
1132 2591 1243 2650 est,
1295 2587 1352 2639 in
1398 2586 1707 2640 universam
1747 2587 2032 2658 rempubli-

198 2705 318 2744 cam
338 2730 354 2753 ,
392 2687 571 2759 impie
621 2702 684 2741 ac
735 2685 939 2741 nefarie
991 2685 1196 2741 fecerit.
1291 2685 1374 2741 Ah
1424 2685 1588 2741 huius
1638 2688 1784 2741 enim
1836 2687 2036 2743 scelere

197 2789 439 2851 omnium
467 2787 749 2843 ⁴malorum
788 2787 1116 2860 principium
1158 2794 1346 2842 natum
1394 2788 1693 2859 reperietis,
1786 2788 1884 2843 Hic
1905 2794 1928 2826 ⁴
1966 2789 2034 2844 ad

198 2889 483 2946 Caesarem
515 2887 638 2944 belli
666 2888 840 2943 civilis
873 2904 1119 2944 caussam
1152 2887 1363 2942 attulit:
1406 2886 1495 2942 hic
1527 2886 1671 2960 leges
1703 2890 2032 2960 perniciosas

197 2991 431 3062 rogavit:
485 2989 574 3045 hic
624 3006 776 3045 arma
828 2996 1015 3045 contra
1061 2989 1307 3052 consules
1349 2990 1806 3062 imperatoresque
1850 2990 2031 3062 populi

200 3091 454 3155 Romani,
507 3096 695 3145 contra
745 3096 991 3147 senatum
1045 3089 1407 3162 populumque
1459 3090 1791 3155 Romanum,
1844 3098 2031 3146 contra

202 3191 326 3245 deos
358 3192 559 3263 patrios
594 3207 819 3263 arasque
860 3199 912 3245 61
951 3189 1134 3255 focos,
1163 3198 1349 3245 contra
1388 3191 1618 3262 patriam
1660 3190 1800 3244 tulit.

202 3419 415 3435 ψ

267 3475 306 3530 ι)
336 3471 520 3531 Philipp.
547 3474 604 3515 11.
632 3487 668 3515 ο.
687 3474 758 3517 25.
790 3475 904 3530 §ab
929 3499 987 3507 -
1014 3475 1055 3532 2)
1088 3472 1194 3517 lbid.
1231 3475 1347 3530 §⁶¹2-
1380 3500 1437 3508 -
1465 3474 1504 3530 5)
1533 3470 1644 3516 lbid.
1671 3486 1705 3515 ο.
1724 3474 1799 3521 21.
1831 3472 1950 3531 550.
1972 3498 2029 3507 —

202 3552 243 3609 4)
268 3547 378 3594 1bid.
405 3565 438 3593 c.
459 3550 527 3591 29.
564 3550 677 3605 §72
