2210 3970
782 223 991 262 Annus
1042 225 1088 262 υ.
1138 227 1182 261 c,
1240 212 1348 262 664
1896 209 2002 260 545

158 374 194 405 c.
213 359 257 403 1.
287 358 330 403 3.
379 355 443 401 Ab
463 354 614 401 eodem
641 353 718 413 (Q.
739 354 975 416 Caepione)
1000 354 1138 400 stiam
1165 352 1260 415 lege
1286 353 1428 399 Vario.
1447 358 1598 397 custos
1622 349 1705 396 ille
1725 348 1996 411 reipublicae

163 436 444 493 (Scaurus)
467 431 744 495 proditionis
767 433 900 479 estin
916 431 1080 478 crimen
1100 437 1309 477 vocatus:
1342 436 1531 475 vemtus
1545 444 1575 473 a
1594 427 1646 486 Q.
1666 427 1799 472 Vario
1815 427 1995 473 tribuno

154 512 305 575 plebis
322 520 390 558 est
406 526 492 557 non
513 509 656 556 multo
672 517 787 555 ante.
822 507 939 555 Conf.
956 512 1107 573 Meyer.
1126 510 1246 554 Orat.
1266 511 1388 554 Rom.
1406 510 1576 568 Fragm.
1595 517 1795 550 xxxvul.
1813 507 1842 549 9
1859 512 1904 550 et
1923 508 1996 551 10.

164 608 204 653 p.
222 593 315 636 259
330 606 421 655 sqq.
447 596 492 634 et
515 601 556 633 1..
579 591 619 632 3.
653 603 694 649 p.
714 588 817 631 321.
880 586 966 631 Cic.
989 589 1113 633 Tusc.
1142 599 1193 632 11.
1225 601 1262 631 c.
1281 587 1354 630 24.
1383 587 1455 629 57.
1509 584 1632 628 Genu
1662 581 1907 628 mehercule
1939 584 1998 627 M.

165 666 457 715 Antonium
484 662 600 722 vidi,
633 679 767 726 quum
798 670 999 709 contente
1020 680 1109 727 pro
1134 678 1182 708 se
1207 663 1304 726 ipse
1336 661 1431 725 lege
1458 662 1594 707 Varia
1619 659 1810 719 diceret,
1840 667 2006 709 terram

165 752 358 808 tangere.
408 739 471 790 Cf.
502 746 656 805 Meyer.
687 741 717 787 l.
745 756 781 786 c.
812 754 956 788 nvn.
987 744 1029 788 7.
1058 759 1101 806 p.
1118 744 1224 788 290.
1287 740 1374 787 eie.
1391 742 1515 787 Brut.
1547 755 1584 785 c.
1602 740 1675 784 89.
1702 741 1808 785 304.
1840 740 1930 783 Pro
1953 755 2002 784 se

161 822 256 886 ipsi
287 818 491 867 dicebant
521 828 749 879 oratores,
779 836 867 865 non
897 820 976 867 illi
1004 819 1179 884 quidem
1200 819 1455 883 principes,
1488 820 1539 863 L.
1571 816 1846 862 Memmius
1877 823 1922 863 et
1949 816 2001 876 Q.

162 899 483 962 Pompeius,
523 897 606 945 sed
632 906 830 944 oratores
860 906 1019 947 tamen.
1071 898 1134 945 cf.
1167 901 1322 963 Meyer.
1355 897 1441 943 l.c.
1468 909 1562 942 111.
1595 899 1638 941 1.
1681 912 1721 958 p.
1748 897 1858 942 338.
1918 895 2003 942 cic.

164 978 288 1024 Brut.
313 993 352 1024 c.
383 981 456 1024 56.
490 980 595 1023 205.
655 978 845 1023 Cottae
883 978 1031 1025 oratio
1065 994 1152 1040 pro
1184 993 1232 1023 se
1261 976 1356 1039 leqe
1393 975 1530 1020 Varia
1568 989 1681 1038 quae
1714 973 2000 1030 inscribitur,

165 1071 259 1102 eam
290 1056 342 1102 1...
354 1054 509 1102 Aelius
538 1054 727 1118 scripsit
762 1057 915 1101 Cottae
946 1063 1120 1118 rogatu.
1153 1054 1213 1101 Cf.
1232 1058 1386 1118 Meyer.
1413 1053 1444 1099 l.
1461 1069 1498 1099 e.
1517 1066 1631 1099 Lvn.
1657 1054 1700 1099 2.
1732 1069 1772 1115 p.
1789 1055 1894 1099 310.

243 1157 319 1233 (4)
347 1158 402 1215 G.
435 1158 607 1215 Iulius
645 1159 839 1216 Caesar
871 1158 1092 1224 Strabo,
1131 1158 1189 1213 L.
1209 1157 1334 1213 Iulii
1366 1156 1604 1213 consulis
1632 1155 1823 1222 frater,
1861 1155 2003 1213 aedi·

166 1257 234 1314 lis
272 1258 504 1337 curulis,
549 1259 787 1333 quotidie
821 1259 932 1316 sere
965 1260 1247 1315 conciones
1287 1257 1463 1313 habet.
1499 1275 1534 1313 1.
1564 1275 1610 1313 c.
1635 1262 1723 1313 31.
1760 1263 1888 1315 100.

231 1363 383 1406 Ancon.
407 1360 454 1405 in
479 1359 703 1406 Sceurian.
735 1377 775 1422 p.
794 1362 867 1405 24.
901 1357 1048 1404 Iulios
1079 1374 1216 1419 quum
1245 1356 1388 1413 dicit,
1420 1356 1533 1401 duos
1568 1357 1777 1401 Caesares
1794 1357 1975 1416 fratres
1992 1390 2006 1412 ‚

172 1435 326 1481 Gaium
357 1442 402 1482 et
438 1436 649 1493 Lucium,
691 1437 954 1499 significat:
997 1451 1053 1480 ex
1094 1434 1259 1494 quibus
1291 1434 1459 1479 lucius
1500 1440 1545 1478 et
1582 1433 1743 1478 consul
1770 1442 1813 1479 et
1853 1450 2006 1479 censor

159 1510 267 1572 fuit
279 1534 300 1570 ,-
335 1514 469 1559 Caius
499 1512 733 1559 aedilicius
765 1513 945 1575 quidem
975 1513 1150 1558 occisus
1178 1518 1276 1568 est,
1320 1510 1402 1556 sed
1428 1518 1605 1556 tantum
1635 1512 1684 1556 in
1714 1512 1898 1557 civitate
1924 1527 2005 1574 po-

169 1591 286 1648 tuit,
319 1598 373 1637 ut
396 1606 558 1636 caussa
580 1591 688 1638 belli
704 1591 854 1638 civilis
877 1591 1097 1638 contentio
1113 1590 1211 1636 eius
1233 1606 1333 1635 eum
1350 1589 1552 1651 Sulpicio
1576 1589 1754 1635 tribuno
1761 1587 1928 1648 fuerit.
1946 1616 2004 1625 —

171 1667 294 1714 Idem
320 1669 438 1714 inter
462 1669 634 1733 primos
666 1671 877 1735 temporis
906 1670 985 1717 sui
1013 1676 1212 1716 oratores
1235 1675 1279 1714 et
1297 1668 1501 1730 tragicus
1522 1673 1658 1729 poeta
1687 1666 1826 1713 bonus
1856 1668 2004 1714 aduno·

171 1746 276 1793 dum
309 1746 491 1793 habitus
521 1756 602 1795 est.
665 1749 750 1795 cic.
785 1748 838 1795 de
869 1751 989 1795 Orat.
1024 1761 1076 1795 11.
1108 1764 1145 1793 c.
1174 1749 1248 1792 23.
1281 1747 1355 1790 98.
1387 1746 1597 1804 (Caesar)
1627 1745 1900 1792 inusitatum
1931 1763 2007 1792 no-

169 1826 280 1872 stris
317 1825 494 1888 quidem
527 1826 779 1872 oratoribus
811 1826 1000 1890 leporem
1031 1824 1260 1889 quemdam
1296 1832 1341 1869 et
1370 1822 1511 1868 salem
1542 1850 1601 1858 —
1635 1831 1702 1868 est
1733 1834 2008 1871 consecutus.

170 1891 233 1950 ld.
251 1902 305 1949 de
320 1902 406 1949 Off.
425 1916 454 1950 1.
478 1919 514 1950 c.
533 1907 607 1950 37.
633 1908 737 1951 133.
787 1903 894 1950 Sale
925 1911 970 1949 et
991 1904 1187 1964 facetiis
1230 1903 1421 1958 Caesar,
1469 1901 1621 1947 Catuli
1647 1903 1812 1964 patris·
1821 1904 2007 1963 frater,

169 1980 287 2028 vicit*
309 1997 478 2040 omnes,
510 1990 563 2029 ut
594 1983 643 2029 in
669 1984 769 2045 ipso
797 1981 879 2028 illo
893 1981 1079 2041 sorensi
1096 1998 1255 2044 genere
1278 1981 1456 2026 dicendi
1486 1982 1785 2026 contentiones
1816 1982 2008 2028 aliorum

171 2078 366 2108 sermone
395 2063 601 2109 vinceret.
667 2061 733 2106 ld.
765 2064 889 2106 Brut.
922 2077 958 2106 c.
976 2064 1050 2106 48.
1073 2063 1177 2106 177.
1211 2061 1477 2106 Festivitate
1507 2066 1552 2104 et
1565 2058 1763 2117 facetiis
1798 2061 1841 2104 0.
1859 2060 2010 2106 Iulius

174 2140 298 2188 L.⁴'F.
324 2144 379 2187 'et
407 2138 713 2204 superioribus
741 2146 786 2183 et
817 2137 1083 2199 aequalibus
1115 2138 1214 2183 suis
1246 2136 1448 2182 omnibus
1470 2136 1739 2197 praestitit,
1772 2145 2011 2199 oratos-que

163 2218 272 2279 fuit
294 2208 476 2264 minime
495 2217 576 2263 ille
601 2215 780 2278 quidem
803 2217 1053 2274 vehemens,
1085 2216 1167 2261 sed
1188 2231 1311 2261 nemo
1337 2231 1547 2277 umquam
1575 2214 1854 2273 urbanitate,
1885 2232 2010 2262 neno

174 2296 321 2359 lepore
336 2328 350 2353 ‚
381 2312 507 2346 nemo
536 2296 761 2343 suavitate
784 2295 1015 2341 conditior.
1078 2296 1198 2340 Sunt
1224 2295 1324 2340 eius
1344 2294 1526 2355 aliquot
1549 2293 1794 2350 orationes,
1826 2310 1883 2339 es:
1910 2297 2010 2357 qui·

174 2374 280 2433 bus,
319 2374 439 2424 sicut
469 2389 525 2423 ea·
556 2372 753 2420 eiusdem
784 2373 1053 2436 tragoediis,
1089 2372 1252 2418 lenitas
1284 2373 1382 2418 eius
1415 2373 1512 2417 sine
1541 2373 1688 2417 nervis
1713 2373 1914 2434 perspici
1926 2390 2009 2437 po-

174 2459 275 2498 test.
340 2450 457 2498 Conf.
490 2452 643 2514 Meyer.
677 2452 797 2496 Orat.
831 2453 954 2496 Rom.
988 2452 1160 2513 Fragm.
1193 2463 1284 2495 nv.
1320 2467 1360 2512 p.
1378 2453 1481 2496 330.

249 2552 312 2631 (ὅ)
354 2554 430 2612 De
474 2560 693 2610 senatus
737 2554 1004 2610 sententia
1049 2553 1110 2613 L.
1151 2553 1321 2609 Iulius
1360 2570 1467 2608 cos,
1513 2554 1774 2628 templum
1823 2556 2011 2612 refecit

173 2656 393 2712 Iunonis
428 2654 699 2728 Sospitae,
739 2671 802 2710 ex
843 2654 1135 2720 caeciliae,
1176 2654 1434 2711 Balearici
1473 2654 1648 2722 filiae,
1687 2659 1915 2715 somnio.
1957 2676 2008 2713 x.

173 2775 222 2813 c.
251 2761 341 2812 17.
384 2759 474 2811 44.

235 2856 322 2903 eie.
351 2855 408 2902 de
438 2855 580 2901 Divin.
606 2867 635 2901 1.
673 2871 711 2900 c.
730 2857 804 2900 44.
834 2857 907 2901 99.
975 2857 1193 2902 Caeciliae
1221 2857 1272 2915 Q.
1296 2856 1435 2917 filiae
1469 2857 1640 2902 somnio
1669 2859 1796 2904 modo
1817 2862 2010 2906 Marsico

177 2934 290 2980 bello
323 2933 537 2997 templum
567 2940 637 2977 est
666 2949 697 2976 a
729 2940 890 2979 senatu
914 2935 1079 2980 Iunoni
1109 2936 1318 2997 Sospitae
1348 2935 1624 2980 restitutum.
1696 2936 1946 3000 obsequens
1971 2954 2008 2984 c.

177 3018 281 3060 115.
321 3012 503 3058 Metella
539 3010 731 3056 Caecilia
770 3012 940 3056 somnio
978 3015 1192 3060 Iunonem
1232 3014 1462 3075 Sospitam
1489 3013 1869 3075 profugientem,
1894 3018 2013 3078 quod

176 3090 400 3137 immunde
424 3104 511 3143 sua
541 3090 706 3151 templa
728 3089 1045 3149 foedarentur,
1078 3111 1218 3153 quum
1248 3094 1348 3138 suis
1369 3092 1581 3154 precibus
1605 3109 1736 3154 aegre
1762 3103 2010 3142 revocatam

177 3170 340 3215 diceret
357 3202 372 3226 ‚
404 3168 579 3224 aedem,
622 3175 923 3214 matronarum
953 3170 1150 3216 sordidis
1181 3172 1492 3230 obscoenis-que
1523 3172 1720 3232 corporis
1749 3174 2009 3233 coinquinoe

177 3259 270 3295 tam
307 3248 603 3304 ministeriis,
634 3247 684 3291 in
715 3262 807 3306 qua
827 3248 963 3292 etiam
985 3249 1069 3293 sub
1091 3250 1329 3295 simtdacro
1361 3252 1482 3294 Deae
1510 3249 1656 3295 cubile
1685 3252 1812 3296 canis
1833 3251 2010 3310 confoe·

179 3335 253 3372 tae
287 3335 415 3382 erat,
462 3326 816 3372 commundatam
857 3327 1263 3389 supplicationibus
1310 3329 1501 3385 habitis,
1543 3331 1742 3390 pristino
1783 3331 2012 3393 splendori

177 3404 394 3450 restituit.
1878 3413 1879 3416 ’

256 3483 320 3558 (⁶)
362 3484 470 3540 Hoc
504 3484 615 3539 fero
656 3502 796 3540 anno
835 3486 1047 3550 Cicem,
1094 3503 1261 3556 quum
1305 3494 1483 3558 togam
1518 3490 1835 3560 sumpsisset
1880 3490 2005 3542 viri·
