2150 3990
414 214 466 267 L.
491 214 579 268 111.
624 230 666 265 c.
692 213 824 267 XVI.
869 212 907 284 g
932 217 998 266 54
1042 243 1115 251 —-
1154 230 1198 265 c.
1226 212 1407 268 XVIII.
1453 214 1490 285 §
1517 219 1601 267 58.
1824 219 1924 268 125

86 345 296 419 *vivum
339 363 484 419 illine
523 365 668 420 exire
712 380 816 419 non
849 369 1188 436 oportuerat;
1228 363 1543 435 praesertim
1582 378 1748 435 quum
1786 364 1923 420 idem

120 464 205 520 ille
240 466 294 519 in
327 464 510 520 eodem
549 464 732 520 ordine
770 464 955 537 paucis
993 462 1181 518 diebus
1220 469 1343 517 ante
1375 463 1596 527 Catoni,
1638 462 1927 519 fortissimo

118 565 265 629 viro,
307 550 568 620 iudicium
612 564 883 619 minitanti
932 580 995 619 ac
1034 562 1411 628 denuntianti,
1451 563 1846 635 respondisset,
1883 567 1929 618 si

117 664 253 735 quod
284 673 414 720 esset
451 666 506 719 in
539 684 658 721 suas
689 670 926 740 fortunas
957 665 1254 720 incendium
1292 665 1575 719 eat-citatum
1595 707 1609 729 ,
1650 665 1705 718 id
1737 683 1928 744 senon

114 777 250 836 aqua
270 805 285 829 ,
324 766 414 820 sed
449 767 602 821 ruina
635 767 1015 822 restincturum.
1095 768 1182 820 56.
1222 765 1321 821 His
1355 770 1471 820 tum
1505 764 1667 820 rebus
1699 782 1926 819 commo·

117 871 232 930 ωε,
272 871 326 921 et
357 866 499 938 quod
544 866 785 923 homines
826 869 933 923 iam
974 874 1090 922 tum
1135 867 1441 922 coniuratos
1473 882 1598 921 cum
1644 865 1837 938 gladiis
1859 866 1931 919 *in

114 981 363 1039 campum
409 966 600 1037 deduci
638 985 669 1023 a
706 968 932 1025 Catilina
971 967 1238 1034 sciebam,
1278 966 1528 1023 descendi
1580 968 1636 1022 in
1681 983 1930 1039 campum

116 1082 240 1122 cum
261 1067 264 1070 ’
288 1066 595 1124 firmissimo
632 1069 898 1142 praesidio
943 1068 1358 1124 fortissimorum
1397 1068 1637 1122 virorum
1659 1110 1674 1133 ,
1713 1074 1768 1124 et
1806 1084 1929 1123 cum

115 1168 205 1227 illa
241 1168 350 1225 lata
380 1171 700 1243 „insignique
739 1169 931 1234 lorica,
983 1187 1089 1224 non
1128 1186 1265 1242 quae
1303 1186 1389 1224 me
1428 1175 1668 1240 tegeret,
1695 1169 1931 1242 (etenim

111 1268 344 1325 sciebam
395 1269 678 1330 Catilinam
723 1286 827 1324 non
879 1269 1021 1324 latus
1073 1275 1167 1323 aut
1218 1275 1495 1333 ventrem,
1547 1268 1640 1323 sed
1679 1275 1841 1341 caput
1867 1276 1933 1323 -et

111 1367 306 1426 collum
350 1369 520 1426 solere
558 1370 760 1444 petere)
815 1386 1003 1425 verum
1049 1376 1110 1425 ut
1147 1385 1332 1424 omnes
1376 1368 1498 1423 boni
1545 1369 1930 1424 animadverte-

110 1476 266 1536 rent,
305 1476 394 1537 et,
444 1486 614 1544 quum
659 1471 715 1525 in
761 1476 910 1527 metu
961 1476 1015 1525 et
1065 1467 1302 1542 periculo
1341 1468 1613 1525 consulem
1653 1469 1932 1533 viderent,

113 1568 167 1625 id
211 1569 353 1643 quod
375 1576 480 1627 .est
516 1568 719 1628 iactum
741 1613 756 1636 ‚
794 1569 863 1626 ad
903 1586 1055 1643 opem
1102 1568 1538 1642 praesidiumque
1581 1586 1763 1626 meum
1809 1586 1931 1625 con·

111 1676 420 1729 currerent„
481 1671 744 1745 ‘Itaque¹,
784 1669 925 1744 quod
964 1670 1304 1743 exspectavi,
1345 1685 1465 1725 sum
1505 1678 1820 1736 assecutuS,
1871 1678 1933 1726 ut

39 1823 54 1843 ,
110 1786 294 1827 omnes
338 1769 535 1829 saetam
579 1788 695 1828 esse
740 1778 923 1844 aperte
967 1770 1393 1826 coniurationem
1425 1777 1611 1826 contra
1645 1770 1932 1843 rempubli-

109 1887 228 1927 cam
281 1871 538 1944 viderent.
618 1871 826 1928 Ηοιῐιο2
877 1871 1126 1927 videlicet
1184 1870 1408 1926 timidus
1459 1878 1514 1927 et
1563 1871 1934 1944 permodestus

109 1988 292 2029 vocem
329 1972 565 2028 consulis
605 1970 744 2028 serre
783 1989 888 2028 non
934 1973 1141 2045 potuit:
1183 1972 1345 2027 simul
1385 1978 1546 2044 atque
1586 1973 1666 2027 ire
1699 1973 1754 2027 in
1794 1973 1929 2029 exsi-

110 2072 243 2130 lium
289 2075 468 2130 iussus
512 2080 629 2140 est,
668 2074 884 2148 paruit,
926 2074 1051 2135 ivit;
1103 2073 1362 2128 Aurelia³
1402 2074 1487 2129 via
1520 2072 1791 2145 proiectus
1829 2081 1927 2129 est.

183 2275 370 2333 XVIII.
451 2280 538 2332 57.
581 2275 859 2332 Tandem⁴
898 2272 1183 2348 aliquando
1211 2275 1379 2346 igitur
1411 2274 1467 2329 L.
1490 2274 1773 2330 Catilinam
1796 2317 1810 2339 ,
1852 2274 1930 2329 su-

107 2383 314 2432 rentem
344 2376 598 2442 audacia,
637 2375 812 2431 scelus
842 2374 1214 2439 anhelantem,
1253 2381 1457 2447 pestem
1490 2376 1696 2448 patriae
1730 2374 1931 2430 nefarie

105 2459 449 2544 molientem,
487 2477 679 2551 populo
725 2477 961 2532 Romano
1000 2483 1161 2549 atque
1188 2474 1327 2544 ‚huic
1369 2476 1495 2532 Urbi
1537 2475 1739 2531 serrum
1781 2476 1928 2531 llam-

39 2577 45 2581 ’
106 2595 354 2652 mamque
386 2579 759 2643 minitantem,
797 2594 862 2632 ex
891 2577 1029 2632 Urbe
1062 2576 1144 2632 vel
1178 2577 1464 2642 eiecimuS,
1504 2577 1585 2631 vel
1619 2578 1928 2641 emisimus,

107 2677 189 2734 vel
246 2679 423 2750 ipsum
479 2677 842 2750 egredientem
894 2677 1071 2733 verbis
1128 2679 1398 2750 prosecuti
1458 2694 1665 2732 sumus,
1754 2678 1928 2750 Atque

103 2777 248 2834 bunc
280 2777 498 2851 quidem
538 2796 707 2834 unum
739 2778 903 2834 huius
936 2778 1059 2855 belli
1091 2778 1371 2833 domestici
1418 2777 1611 2834 ducem
1656 2780 1772 2834 sine
1804 2795 1926 2834 con·

107 2879 367 2958 troversia
404 2878 766 2952 perdidimuS,
819 2879 1209 2952 magnificeque
1247 2880 1477 2934 vicimus
1498 2922 1512 2944 ,
1565 2897 1732 2951 quum
1774 2880 1924 2934 illum

104 2990 171 3035 ex
200 2980 428 3036 occultis
462 2980 672 3034 insidiis
705 2981 760 3034 in
792 2988 1039 3053 apertum
1068 2982 1413 3036 latrocinium
1447 2982 1791 3035 coniecimuS.
1834 2983 1921 3035 58.

104 3080 150 3138 Ὀ
170 3081 497 3139 fortunatam
515 3088 539 3119 5
565 3081 976 3155 rempublicam,
1010 3084 1056 3137 si
1078 3083 1295 3155 quidem
1315 3083 1453 3136 hanc
1475 3083 1741 3136 sentinam
1765 3082 1926 3138 huius

107 3183 256 3239 urbis
287 3184 528 3259 eieceritl
604 3184 717 3238 Uno
758 3184 1062 3239 mehercule
1099 3184 1327 3240 Catilina
1366 3182 1655 3246 exhausto,
1695 3183 1927 3239 relevata

166 3443 206 3500 ι)
235 3441 282 3486 iu
298 3442 422 3489 Catil.
447 3445 505 3488 11.
539 3458 575 3488 c.
594 3446 634 3487 4.
664 3444 750 3500 §6.
784 3469 842 3477 —
876 3445 915 3501 Ω)
935 3441 1042 3488 thid.
1060 3459 1096 3489 c.
1116 3447 1155 3488 6.
1190 3446 1305 3501 §12
1342 3470 1396 3480 --
1431 3445 1471 3503 5)
1490 3440 1599 3487 thid.
1631 3457 1666 3486 c.
1687 3444 1769 3499 4.§.
1789 3445 1829 3487 6.
1863 3466 1923 3477 -

104 3518 145 3576 ⁴)
177 3505 289 3566 ibim
318 3523 413 3566 αι.
447 3522 532 3577 §1.
568 3547 625 3554 —
659 3523 698 3579 5)
732 3519 841 3567 ibid.
874 3537 909 3565 c.
931 3524 970 3565 4.
1006 3522 1087 3576 Μ.
