2210 3970
511 223 566 295 L.
591 239 679 294 lx.
723 255 768 293 c.
793 237 929 294 xlx.
974 237 1012 310 g
1040 240 1107 290 54
1148 267 1222 274 -
1261 197 1467 289 ο.ΧιΧ.
1513 236 1550 307 g
1577 240 1662 288 56.
1887 239 1994 287 419

165 398 380 464 temque
409 391 576 445 animi
608 406 712 444 non
735 389 935 445 imitari
971 388 1345 459 turpissimum
1366 386 1632 441 existimo.
1689 391 1776 439 55.
1819 383 1994 451 Quan-

167 499 284 548 tum
308 498 323 529 ¹
359 508 483 546 vero
512 507 763 563 praesens
795 508 883 545 me
915 489 1169 545 adiuvare
1198 489 1460 559 potuisset
1490 488 1760 559 Sulpicius
1793 493 1846 540 ct
1875 503 1999 541 con-

165 593 410 657 solando,
462 597 518 647 et
562 607 726 663 prope
773 607 942 664 aeque
991 589 1252 653 dolendo,
1312 588 1467 642 facilc
1513 605 1579 642 ex
1624 605 1685 642 co
1734 586 2004 650 intellexi,

165 693 338 765 quod,
376 691 574 747 litteris
613 691 784 763 ipsius
822 691 1006 756 lectis,
1058 689 1396 762 aliquantum
1436 689 1699 760 acquievi.
1780 688 1915 743 Nam
1950 695 2004 742 et

167 810 230 849 ea
262 793 480 866 scripsit
511 808 576 848 ex
604 792 828 857 Achaia,
868 809 1005 864 quae
1038 791 1214 847 levare
1235 790 1444 845 luctum
1472 796 1719 863 possent,
1758 795 1813 843 et
1843 789 1898 842 in
1921 805 2008 844 mc

166 892 486 950 consolando
515 909 620 948 non
648 893 973 948 mediocrem
1009 893 1122 964 ipse
1143 891 1311 947 animi
1339 890 1574 946 dolorem
1607 889 1870 944 adhibuit.
1925 890 2007 943 Mc

113 1004 122 1008 “
165 999 349 1050 autem
390 1009 495 1051 non
535 993 705 1048 oratio
738 992 902 1048 liuius
941 993 1112 1048 solum
1146 999 1200 1048 et
1239 993 1466 1048 societas
1507 1007 1674 1064 paene
1712 989 2004 1062 aegritudi-

167 1095 280 1160 nis,
328 1093 422 1150 sed
460 1094 625 1149 etiam
673 1094 967 1149 auctoritas
1006 1092 1396 1149 consolabatur.
1479 1092 1660 1164 Turpe
1696 1091 1841 1146 enim
1887 1106 2005 1145 esse

165 1193 571 1259 existimabam,
610 1209 697 1248 me
737 1210 842 1248 non
883 1195 960 1248 ita
998 1192 1140 1248 serre
1174 1210 1360 1249 casum
1400 1209 1614 1257 meum,
1654 1198 1716 1246 ut
1748 1191 1868 1256 ille,
1907 1189 2003 1245 tali

164 1295 429 1367 sapientia
466 1293 769 1366 praedituS,
809 1294 1089 1349 serendum
1124 1294 1361 1364 putabat.
1445 1293 1546 1347 Sed
1568 1299 1590 1331 2
1625 1294 1795 1363 ipsam
1829 1292 2000 1347 Servii

163 1393 459 1451 orationem
495 1409 780 1464 cognosce:

399 1541 599 1618 Satist
640 1541 989 1597 Scammos
1032 1559 1158 1599 s.1›.
1203 1540 1273 1596 M.
1325 1541 1377 1595 T.
1425 1541 1758 1597 (hasnam.

239 1692 755 1767 Posteaquammilii
797 1695 1151 1749 renuntiatum
1190 1702 1265 1748 est
1302 1694 1367 1749 de
1397 1692 1540 1748 obitu
1585 1692 1818 1758 Tulliae,
1856 1691 2005 1764 filiae

153 1803 312 1861 tuae,
352 1811 666 1868 sanequam
695 1812 797 1866 pro
829 1812 915 1860 eo,
954 1812 1016 1850 ac
1045 1794 1228 1861 debui,
1266 1796 1498 1868 yraviter
1528 1795 1841 1867 molesteque
1874 1793 2003 1859 tuli,

167 1911 593 1968 communemque.
624 1913 740 1951 eam
770 1894 1121 1951 calamitatem
1153 1895 1449 1951 eoeistimavi
1463 1915 1480 1958 ,-
1521 1897 1640 1968 qui,
1680 1896 1726 1949 si
1757 1895 1876 1950 istic
1912 1893 2004 1949 ad-

166 1996 431 2070 fuissem,
466 2012 631 2069 neque
662 1996 758 2051 tibi
801 1994 1086 2069 defuissem
1123 2012 1399 2068 coramque
1429 2010 1603 2050 meum
1639 1995 1872 2050 dolorem
1910 1994 2005 2049 tibi

167 2095 531 2153 declaras-sem.
630 2096 752 2152 Etsi
787 2114 951 2170 yenus
1000 2097 1096 2151 laoc
1141 2097 1501 2152 consolationis
1542 2098 1797 2151 miserum
1851 2104 2007 2168 atque

167 2196 412 2257 acerbum
442 2206 549 2259 est‚·
582 2205 860 2269 propterea
885 2197 1036 2269 quia,
1070 2215 1169 2268 per
1197 2215 1324 2270 quos
1357 2215 1418 2251 ea
1440 2197 1654 2268 confieri
1679 2197 1848 2262 debet,
1883 2215 2003 2268 pro-

162 2297 390 2370 pinquos
426 2316 487 2352 ac
525 2299 848 2371 familiares,
899 2299 1002 2369 ipsi
1033 2299 1157 2370 pari
1193 2299 1430 2352 molestia
1465 2299 1794 2371 afficiuntur,
1843 2317 2007 2371 neque

169 2398 282 2454 sinc
314 2398 547 2454 lacrimis
578 2400 759 2455 multis
782 2400 838 2454 id
871 2400 1048 2454 conari
1071 2409 1318 2472 possunt,
1356 2401 1435 2453 uti
1466 2402 1637 2472 mqis
1667 2401 1770 2472 ipsi
1799 2400 2005 2454 videan-

171 2507 258 2553 tur
305 2500 531 2555 aliorum
575 2501 917 2555 consolatione
967 2501 1228 2574 indicere,
1282 2519 1443 2573 quam
1491 2501 1615 2555 aliis
1650 2519 1803 2574 posse
1854 2519 2008 2556 suum

169 2599 396 2672 officium
425 2610 724 2673 praestare:
766 2610 961 2667 tamen,
996 2620 1128 2674 quae
1158 2603 1215 2656 in
1236 2603 1610 2673 praesentiam
1629 2612 1853 2658 mentem
1877 2603 2011 2658 nulia·

169 2710 452 2768 venerunt,
491 2704 693 2759 decrevi
734 2705 874 2759 brevi
911 2704 980 2758 ad
1012 2712 1060 2758 te
1095 2704 1447 2777 perscribere.-
1487 2723 1590 2758 non
1622 2723 1722 2776 quo
1754 2724 1814 2760 ea
1848 2715 1896 2760 te
1927 2710 2010 2779 su·

171 2818 293 2872 yere
323 2803 642 2869 existimem,
682 2804 772 2858 sed
804 2805 940 2876 quod
979 2806 1204 2878 forsitan
1234 2806 1411 2859 dolore
1442 2806 1722 2876 impeditus
1748 2808 1921 2861 minus
1954 2826 2013 2860 ea

167 2903 470 2972 perspicias.
553 2908 641 2959 56.
691 2906 825 2968 Quid
869 2914 979 2971 est,
1037 2907 1173 2979 quod
1212 2915 1350 2961 tanto
1401 2925 1553 2977 opere
1603 2916 1652 2961 te
1702 2918 2013 2963 commoveat

175 3010 294 3057 tuus
325 3003 472 3057 dolor
497 2998 812 3060 intestinus?
897 3007 1105 3079 Coqita,
1139 3008 1572 3080 quemadmodum
1598 3009 1769 3062 adhuc
1800 3013 2014 3082 fortuna

173 3103 441 3158 nobiscum
487 3106 681 3177 eqerit:
722 3124 782 3161 ea
819 3106 967 3161 nobis
1006 3117 1180 3180 erepta
1218 3126 1355 3173 esse,
1407 3126 1540 3179 quae
1579 3108 1874 3163 hominibus
1911 3128 2014 3164 non

63 3239 82 3255 .
175 3205 371 3271 minus,
411 3224 568 3278 quam
601 3206 781 3272 liberi,
822 3226 945 3263 cara
977 3228 1088 3265 esse
1117 3211 1300 3264 debent
1316 3228 1333 3271 ‚·
1367 3209 1627 3282 patriam,
1669 3209 2012 3275 honestatem,

175 3299 526 3376 dianitatem,
569 3307 785 3362 honores
835 3327 1026 3365 omnes.
1126 3311 1238 3366 Hoc
1289 3329 1390 3364 uno
1439 3311 1760 3367 incommodo
1809 3314 2015 3380 addito,

193 3417 416 3440 l-——q—-n

246 3476 282 3531 ¹)
317 3475 448 3536 Epist.
482 3474 535 3519 ad
567 3478 652 3522 Ser.
686 3477 929 3539 Sulpicium
965 3479 1037 3536 (ad
1074 3483 1191 3525 Fam.
1213 3485 1285 3526 IV.
1319 3484 1359 3525 6.
1390 3483 1499 3539 §1.)
1535 3508 1590 3517 —
1625 3485 1665 3540 9)
1697 3483 1750 3528 ad
1779 3488 1869 3529 Att.
1901 3487 2012 3529 xlv·

182 3553 253 3594 19.
289 3553 371 3609 §AE
409 3581 463 3586 —
497 3555 536 3612 ⁵)
570 3555 619 3599 ad
650 3558 766 3599 Fam.
806 3559 872 3600 lV.
908 3561 948 3601 5.

1664 3637 1763 3683 27*
