2210 3970
401 253 567 312 L.1X.
612 252 921 310 cxxxlll.
966 251 1004 324 S
1032 254 1099 306 97
1142 282 1216 290 —
1255 251 1562 307 mxxxiv,
1606 252 1645 326 5
1677 258 1795 307 100.
1893 257 1994 308 441
2063 247 2069 253 ’

169 409 301 481 ipsis
333 407 468 471 l’uit,
507 407 787 462 Gaesarem
821 402 1152 460 occiderunt.
1232 400 1367 457 Aliis
1394 402 1704 468 consilium,
1745 402 1865 458 aliis
1893 405 2005 457 ani·

173 526 332 574 mu8‚
371 508 492 564 aliis
531 507 739 573 occasio
781 504 984 562 defuit:
1025 503 1271 559 voluntas
1299 505 1521 559 nemini.
1602 507 1690 560 99.
1734 504 1816 558 Tu
1839 510 1875 567 ¹,
1916 509 2008 567 tu,

176 611 429 682 inquam,
468 608 536 663 Μ.
583 608 809 671 Antoni,
848 606 1101 679 princeps
1131 605 1185 660 C.
1209 604 1449 670 Caesari,
1478 605 1659 659 omnia
1697 603 2014 676 perturbare

174 708 444 783 cupienti,
498 724 746 764 caussam
792 706 918 762 belli
965 712 1152 762 contra
1204 706 1435 779 patriam
1483 703 1746 760 inserendi
1801 703 2014 759 dedisti.

176 808 318 878 Quid
350 808 497 864 enim
536 807 685 864 aliud
718 807 806 862 ille
845 806 1097 863 dicebat?
1139 822 1301 879 quam
1334 821 1581 861 caussam
1621 804 2013 860 dementissimi

173 910 262 966 sui
293 908 504 964 consilii
536 915 590 965 et
619 907 749 964 sacti
777 907 1033 963 afferebat
1052 949 1068 973 ‚
1108 907 1214 962 nisi
1239 905 1382 979 quod
1409 906 1723 961 intercessio
1745 904 2016 976 neglecta,

175 1009 262 1065 ius
305 1008 662 1065 tribunicium
702 1008 975 1065 sublatum
997 1050 1012 1073 ,
1063 1008 1515 1080 circumscriptus
1558 1024 1590 1062 a
1630 1013 1823 1063 senatu
1875 1011 2017 1062 esset

176 1109 481 1166 Antonius?
561 1108 764 1166 Omitto
785 1149 803 1172 ,
844 1125 1008 1181 quam
1053 1108 1185 1164 haec
1223 1107 1388 1173 salsa,
1439 1124 1603 1181 quam
1642 1106 1806 1163 levia:
1866 1122 2015 1180 prae·

175 1209 366 1266 sertim
405 1226 577 1283 quum
610 1209 828 1266 omnino
848 1208 1011 1263 'nulla
1042 1224 1235 1264 caussa
1274 1209 1417 1264 iusta
1457 1209 1710 1281 cuiquam
1744 1223 1863 1263 esse
1896 1223 2015 1279 pos-

177 1311 252 1365 sit
290 1317 480 1366 contra
523 1310 756 1383 patriam
794 1325 949 1364 arma
980 1307 1243 1381 capiendi.
1323 1307 1427 1362 Sed
1473 1307 1607 1362 nihil
1653 1307 1720 1362 de
1761 1306 2016 1362 Caesare:

178 1409 277 1466 tibi
311 1415 460 1467 certe
496 1408 862 1465 confitendum
889 1415 1002 1473 est,
1042 1423 1290 1463 caussam
1323 1406 1769 1479 perniciosissimi
1802 1405 1927 1461 belli
1963 1405 2017 1459 in

177 1506 405 1585 pers'ona
442 1515 538 1566 tua
564 1500 889 1566 constitisse.
970 1507 1014 1564 Ο
1052 1509 1314 1564 miserum
1348 1514 1401 1563 te
1419 1549 1435 1573 ,
1475 1509 1521 1563 si
1562 1507 1695 1563 haec
1735 1506 2018 1580 intelligisl

177 1612 543 1677 miseriorem,
600 1611 648 1668 si
683 1627 791 1667 non
839 1609 1127 1682 intelligis,
1181 1609 1283 1666 hoc
1332 1609 1531 1667 litteris
1583 1609 1861 1674 mandari,
1919 1607 2020 1663 hoc

178 1712 469 1771 memoriae
487 1712 678 1787 prodi,
718 1712 883 1769 huius
913 1712 992 1768 rei
1020 1727 1089 1767 ne
1120 1711 1491 1785 posteritatem
1524 1710 1743 1784 quidem
1775 1711 2019 1767 omnium

179 1812 519 1871 saeculorum
558 1829 819 1886 umquam
861 1814 1235 1874 immemorem
1275 1811 1416 1878 sore,
1475 1812 1722 1869 consules
1760 1828 1825 1868 cx
1866 1812 2021 1867 Italia

182 1914 470 1982 excussos,
509 1931 745 1989 cumque
782 1915 868 1971 his
906 1915 1000 1971 Cn.
1042 1915 1383 1988 Pompeium,
1423 1914 1565 1987 quod
1596 1915 1809 1987 imperii
1840 1913 2021 1987 populi

183 2014 417 2072 Romani·
465 2014 630 2072 decus
689 2031 754 2071 ac
805 2014 992 2072 lumen
1049 2013 1189 2081 fuit,
1266 2032 1452 2073 omnes
1512 2016 1851 2082 consulareS,
1929 2016 2023 2087 qui

185 2131 282 2187 per
338 2114 702 2174 valetudinem
746 2117 967 2189 exsequi
1019 2116 1228 2172 cladem
1274 2115 1421 2173 illam
1482 2108 1773 2189 fugamque
1823 2117 2023 2190 potuis·

184 2221 306 2271 sent
325 2256 354 2280 ,,
380 2222 655 2289 praetores
675 2257 690 2282 ,
730 2216 1025 2289 praetorios
1045 2257 1060 2282 ,
1102 2216 1346 2273 tribunos
1386 2216 1583 2290 plebiS‚
1624 2233 1877 2289 magnam
1905 2232 2024 2289 par-

185 2323 296 2373 tem
340 2324 590 2384 senatuS‚
630 2335 844 2374 omnem
897 2317 1131 2375 sobolem
1180 2318 1479 2375 iuventutis
1499 2360 1515 2385 ,
1575 2335 1789 2391 unoque
1836 2318 2023 2381 verbo,

187 2417 575 2491 rempublicam
625 2419 903 2492 expulsam
951 2426 1113 2492 atque
1162 2420 1577 2475 exterminatam
1622 2422 1738 2475 suis
1789 2417 2024 2475 sedibus,

192 2522 317 2576 100.
357 2519 426 2575 Ut
444 2519 616 2600 igitur
642 2521 699 2575 in
711 2520 1010 2576 seminibus
1041 2528 1124 2577 est
1149 2537 1340 2577 caussa
1360 2519 1614 2577 arborum
1646 2527 1700 2576 et
1732 2521 1986 2594 stirpium
2010 2563 2025 2588 ,

183 2620 264 2676 sic
297 2618 460 2676 huius
492 2620 1027 2678 luctuosissimihelli
1067 2639 1250 2678 semen
1278 2621 1383 2678 suit
1408 2623 1691 2680 Antonius,
1774 2622 2025 2679 Dolemus

186 2727 299 2777 tres
317 2723 588 2779 exercitus
608 2723 789 2796 populi
810 2724 1036 2780 Romani
1059 2723 1370 2780 interfectos
1390 2745 1402 2779 ;
1446 2724 1718 2781 interfecit
1737 2725 2022 2780 Antonius,

187 2821 565 2879 Desideramus
616 2823 942 2880 clarissimos
994 2826 1164 2882 cives:
1226 2843 1315 2881 eos
1373 2842 1586 2898 quoque
1624 2825 1778 2881 nobis
1823 2828 2025 2899 eripuit

189 2923 471 2980 Antonius
552 2925 859 2981 Auctoritas
909 2928 1109 2983 summi
1159 2927 1363 2985 ordinis
1414 2926 1613 2982 asslicta
1664 2935 1780 2983 est:
1833 2927 2024 2983 afflixit

190 3025 471 3080 Antonius,
563 3024 756 3082 Omnia
808 3027 1075 3101 denique,
1125 3045 1264 3101 quae
1309 3035 1493 3101 postea
1540 3028 1810 3094 vidimus,
1872 3030 2025 3103 (quid

189 3130 370 3181 autem
390 3126 518 3180 mali
552 3143 658 3182 non
697 3127 934 3183 vidimus
957 3129 999 3203 ?)
1041 3131 1090 3184 si
1112 3137 1258 3186 recte
1279 3128 1760 3193 ratiocinabimur,
1802 3131 1897 3184 uni
1936 3146 2021 3185 ac·

190 3232 344 3297 cepta
381 3227 678 3284 referemus
698 3230 944 3285 Antonio.
1029 3231 1096 3286 Ut
1126 3231 1325 3287 Helena
1346 3231 1620 3295 TroianiS,
1660 3231 1738 3286 sic
1762 3231 1864 3286 iste
1897 3229 2024 3287 huic

189 3325 513 3397 reipublicae
565 3328 688 3384 belli
749 3347 973 3396 caussa,
1027 3349 1214 3390 caussa
1268 3333 1433 3406 pestis
1488 3339 1646 3404 atque
1700 3333 1849 3388 exitii
1897 3332 2018 3388 ruit.

255 3572 292 3627 ¹)
325 3571 507 3634 Philipp.
539 3577 595 3618 11-
619 3590 649 3618 c.
686 3579 756 3620 22.
794 3579 907 3634 §53.
