2210 3970
434 230 487 287 L.
514 229 650 288 V111.
692 247 738 284 e.
763 226 923 286 XXX.
966 230 1006 303 S
1033 233 1099 284 77
1140 258 1185 268 -
1254 244 1301 281 e.
1327 227 1538 286 XXXII.
1579 229 1733 303 §3¹-
1890 229 1996 284 585

175 384 342 448 mavi,
391 391 441 438 et
472 399 572 454 pro
607 389 783 437 nostra
821 377 1167 437 benevolentia
1199 379 1479 451 petendum
1495 421 1510 444 ‚
1547 396 1613 435 ne
1650 396 1751 452 quo
1789 395 2003 451 proqre·

177 484 404 549 dereris,
448 482 743 556 proclinata
772 482 882 536 iam
911 499 969 536 re
989 522 1004 546 ,
1043 497 1170 554 quo,
1208 480 1414 553 inteqra
1451 480 1637 544 etiam,
1670 478 2006 552 proqredien·

176 584 304 639 dum
340 583 438 639 tibi
474 600 576 637 non
613 583 982 638 existimasses,
1062 579 1298 653 Namque
1329 590 1377 635 et
1415 579 1678 635 amicitiae
1715 579 2008 651 qraviorem

175 683 427 740 iniuriam
457 683 685 757 seceris;
726 690 775 738 et
806 683 903 737 tibi
938 683 1114 738 minus
1145 681 1406 737 commode
1442 680 1763 736 consulueris
1778 722 1792 745 ,
1831 680 1879 735 si
1908 698 2011 735 non

175 788 418 857 fortunae
447 783 715 839 obsecutus
738 783 1005 849 videbere,
1046 782 1240 857 (omnia
1265 781 1406 838 enim
1431 778 1804 837 secundissima
1835 780 2009 847 nobis,

175 881 544 940 adversissima
584 883 700 940 illis
742 885 993 940 accidisse
1032 882 1295 956 videntur)
1347 899 1442 938 nec
1486 898 1727 937 caussam
1777 890 2010 946 secutus,

178 984 383 1059 (eadem
419 987 558 1041 enim
587 994 700 1041 tum
741 987 876 1060 fuit,
916 1003 1079 1059 quum
1113 982 1180 1040 ab
1219 1000 1398 1040 eorum
1434 981 1667 1039 consiliis
1704 982 1883 1038 abesse
1930 983 2008 1037 iu·

176 1084 384 1160 dicasti)
423 1087 515 1142 sed
549 1103 725 1143 meum
759 1086 974 1159 aliquod
1011 1091 1212 1160 sactum
1249 1083 1668 1141 condemnavisse
1687 1103 1707 1139 .·
1745 1100 1846 1157 quo
1878 1081 2013 1139 milii

179 1187 392 1258 qravius
422 1186 517 1242 abs
547 1195 597 1243 te
626 1187 706 1242 nil
737 1187 970 1243 accidere
995 1195 1180 1258 potest.
1266 1185 1412 1250 Quod
1440 1203 1507 1239 ne
1537 1185 1735 1258 facias,
1768 1201 1869 1256 pro
1900 1184 2016 1238 iure

180 1295 387 1343 nostrae
415 1289 677 1343 amicitiae
703 1306 735 1342 a
755 1296 805 1341 te
831 1296 964 1358 peto.
1048 1291 1135 1342 79.
1177 1286 1475 1349 Postremo,
1514 1285 1643 1356 quid
1661 1285 1774 1339 viro
1806 1285 1934 1339 bono
1965 1291 2014 1339 et

180 1387 378 1459 quieto,
416 1395 467 1441 et
506 1387 631 1442 bono
663 1387 766 1441 civi
796 1387 966 1458 maqis
1006 1385 1266 1448 convenit,
1306 1401 1466 1455 quam
1496 1382 1674 1437 abesse
1710 1402 1743 1436 a
1774 1383 2015 1439 civilibus

178 1487 574 1543 controversiis?
615 1486 752 1560 quod
782 1485 1023 1541 nonnulli
1048 1502 1209 1557 quum
1234 1482 1542 1555 probarent,
1574 1483 1803 1554 periculi
1834 1502 2016 1540 caussa

177 1587 324 1661 sequi
358 1604 461 1643 non
479 1595 773 1660 potuerunt.
860 1586 959 1651 Tu,
999 1585 1268 1658 explorato
1301 1594 1349 1639 et
1381 1584 1519 1640 vitae
1549 1601 1695 1639 meae
1726 1585 2015 1641 testimonio

87 1677 94 1686 ’
181 1696 231 1744 et
279 1687 538 1744 amicitiae
581 1689 800 1754 iudicio,
845 1705 1011 1761 neque
1062 1687 1225 1742 tutius
1273 1702 1441 1758 neque
1485 1684 1748 1740 honestius
1791 1687 2019 1757 reperies

181 1788 496 1862 quidquam,
534 1807 692 1864 quam
729 1786 795 1845 ab
833 1790 975 1845 omni
1007 1788 1324 1844 contentione
1355 1786 1549 1843 abesse.
1590 1803 1689 1844 κν.
1727 1786 1851 1844 Kal.
1886 1786 2014 1843 Mai.

181 1906 249 1945 ese
284 1890 487 1946 itinere.

229 2088 476 2147 xxxss.
553 2095 642 2147 80.
684 2089 990 2146 Adventus¹
1034 2090 1306 2145 Philotimi
1345 2091 1424 2164 (at
1462 2090 1619 2145 cuius
1665 2088 1927 2155 hominis,
1966 2095 2023 2145 et

187 2205 350 2262 quam
389 2206 547 2264 saepe
583 2207 680 2263 pro
719 2191 969 2263 Pompeio
1008 2190 1321 2245 mentientis
1335 2190 1371 2263 1)
1434 2190 1764 2245 exanimavit
1801 2206 2024 2257 omnes,

185 2291 280 2364 qui
312 2307 527 2347 meeum
559 2295 730 2346 erant.
809 2290 943 2346 Nam
978 2290 1091 2363 ipse
1123 2289 1373 2346 obdurui.
1451 2290 1742 2347 Dubitabat
1774 2298 2022 2348 nostrum

185 2391 371 2458 nenio,
421 2391 553 2464 quin
600 2391 792 2447 Caesar
835 2391 1031 2446 itinera
1070 2393 1441 2463 repressisset:
1493 2391 1675 2448 volare
1713 2391 2021 2448 dicebatur:

186 2492 430 2550 Petreius
467 2506 594 2547 eum
633 2489 853 2548 Afranio
892 2491 1260 2547 coniunxisset
1292 2508 1376 2547 se:
1420 2490 1556 2546 nihil
1595 2490 1851 2548 afferebat
1883 2493 2024 2548 eius·

184 2591 346 2649 modi.
424 2591 564 2662 Quid
595 2591 845 2665 quaeris?
886 2591 1051 2647 etiam
1085 2591 1219 2647 illud
1258 2599 1376 2648 erat
1414 2607 1762 2665 persuasum,
1802 2593 2023 2666 Pompe·

185 2695 301 2751 ium
344 2709 472 2751 eum
511 2695 723 2766 magnis
767 2695 935 2767 copiis
975 2694 1078 2749 iter
1118 2695 1173 2748 in
1213 2694 1558 2751 Germaniam
1604 2710 1700 2766 per
1738 2693 2022 2769 Illyricum

187 2793 403 2850 fecisse:
453 2793 512 2849 id
548 2794 694 2850 enim
745 2796 1075 2858 αὐθεντικῶς
1119 2794 1489 2850 nuntiabatur.
1535 2790 1543 2826 ¹
1580 2794 1815 2850 Melitam
1856 2795 2026 2867 igitur

189 2894 455 2967 optimum
493 2892 711 2959 fuisset,
751 2895 973 2967 opinor,
1012 2911 1325 2968 capessere,
1365 2894 1495 2949 dum
1517 2935 1532 2959 ,
1571 2893 1702 2966 quid
1741 2895 1798 2948 in
1838 2894 2026 2967 Hispa-

191 2993 308 3056 nia3
347 2992 488 3066 quod
526 2992 742 3066 quidem
774 2995 1159 3067 propemodum
1192 2995 1412 3051 videbar
1443 3011 1509 3050 ex
1546 2994 1788 3049 Caesaris
1827 2994 2027 3051 litteris

191 3094 362 3167 ipsius
405 3093 679 3150 voluntate
725 3092 898 3150 facere
928 3113 1109 3168 posse,
1161 3098 1254 3169 qui
1295 3096 1523 3167 negabat
1561 3114 1725 3168 neque
1764 3095 2026 3151 honestius

191 3211 354 3267 neque
397 3195 557 3249 tutius
586 3194 720 3249 milii
758 3196 1043 3269 quidquam
1076 3215 1212 3261 esse,
1253 3215 1410 3269 quam
1442 3196 1507 3251 ab
1540 3197 1681 3250 omni
1710 3198 2026 3253 contentione

192 3294 382 3350 abesse.
464 3299 552 3350 81.
595 3297 778 3361 DiceS‚
833 3297 923 3352 ubi
969 3316 1095 3370 ergo
1129 3306 1255 3356 tuus
1297 3298 1383 3354 ille
1424 3299 1667 3364 animuS,
1708 3316 1869 3372 quem
1904 3318 2021 3373 pro·

263 3530 297 3589 ι)
330 3525 381 3571 ad
415 3528 508 3575 Aa.
541 3526 589 3570 x.
621 3530 660 3571 9.
697 3529 779 3583 §2
