2210 3970
508 241 698 298 L.V11.
742 261 785 296 a.
814 241 947 298 xw.
992 243 1126 316 §59
1165 272 1240 280 -
1280 259 1325 294 ο.
1352 240 1488 295 xvi
1532 240 1571 312 g
1598 244 1683 294 45.
1900 244 2007 296 509

183 412 286 451 non
329 396 563 466 ignorari
610 394 677 448 ab
722 396 863 467 ipso,
904 410 1009 466 qua
1048 392 1317 464 aequitate
1355 396 1408 446 et
1453 390 1783 445 continentia
1825 398 2005 446 tuerer

182 495 352 552 socios
389 496 826 569 provinciamque
865 494 1318 550 administrarem.

257 694 368 752 XV.
448 699 538 751 41.
581 696 640 751 Α.
665 702 680 735 ¹
706 694 756 750 d.
781 713 890 751 xm.
916 693 1178 750 Kalendas
1201 689 1414 748 Octobr.
1438 706 1608 763 quum
1628 690 1927 745 exercitum
1949 692 2005 744 in

181 793 420 851 Ciliciam
450 794 734 861 ducerem,
763 796 819 851 in
850 794 1047 850 finibus
1072 792 1369 868 Lycaoniae
1396 797 1452 847 et
1478 788 1839 863 Cappadociae
1875 789 2009 844 mibi

179 892 392 951 litterae
421 893 661 951 redditae
683 902 812 951 sunt
840 912 870 950 a
898 892 1335 958 Tarcondimoto,
1355 891 1448 964 qui
1471 889 1816 946 fidelissimus
1833 890 2011 945 socius

179 999 331 1050 trans
358 995 598 1052 Taurum
621 997 1089 1068 amicissimusque
1115 993 1296 1068 populi
1319 992 1545 1049 Romani
1573 990 2006 1047 existimabatur:

179 1095 439 1151 Pacorum
451 1137 466 1161 ,
481 1094 666 1161 Orodi,
682 1097 826 1168 regis
840 1095 1161 1151 Parthorum
1173 1137 1188 1160 ,
1204 1094 1375 1149 filium
1385 1135 1401 1159 ,
1414 1109 1540 1148 cum
1555 1109 1848 1166 permagno
1860 1091 2008 1163 equi-

180 1202 299 1252 tatu
330 1195 582 1253 Parthico
614 1197 872 1252 transisse
900 1195 1233 1268 Euphratem
1262 1201 1316 1251 et
1335 1200 1515 1250 castra
1540 1194 1782 1267 posuisse
1802 1191 2012 1267 Tybae,

180 1310 542 1369 magnumque
580 1295 877 1351 tumultum
916 1312 1033 1350 esse
1071 1296 1128 1350 in
1166 1296 1443 1367 provincia
1484 1294 1642 1367 Syria
1692 1293 2006 1349 excitatum.

174 1393 375 1450 Eodem
395 1393 482 1449 die
509 1393 575 1449 ab
602 1392 895 1449 Iamblicho
911 1434 926 1458 ,
960 1392 1256 1467 phylarcho
1287 1392 1557 1457 Arabum,
1583 1408 1745 1464 quem
1767 1390 2009 1447 homines

179 1493 539 1568 opinabantur
555 1492 691 1550 bene
711 1494 914 1549 sentire
932 1478 1279 1565 amicumque
1299 1509 1416 1549 esse
1436 1491 1762 1565 reipublicae
1783 1498 2014 1552 nostrae.

175 1594 388 1652 litterae
413 1593 481 1651 de
506 1592 709 1651 eisdem
736 1593 898 1650 rebus
925 1593 1061 1650 mibi
1094 1593 1336 1651 redditae
1363 1600 1509 1649 sunt.
1589 1596 1679 1650 42.
1721 1592 1817 1648 ilis
1849 1590 2011 1648 rebus

176 1694 354 1752 allatis
367 1736 383 1764 ‚
402 1697 507 1752 etsi
531 1694 895 1769 intelligebam
918 1696 1090 1752 socios
1112 1695 1326 1752 infirme
1345 1696 1611 1752 animatos
1630 1712 1748 1751 esse
1765 1701 1821 1750 et
1854 1710 2010 1751 nova·

178 1810 300 1853 rum
333 1808 517 1854 rerum
549 1798 948 1871 exspectatione
979 1813 1296 1871 suspensos,
1328 1795 1611 1870 sperabam
1643 1802 1852 1861 tamen,
1891 1812 2011 1859 eos,

175 1896 245 1954 ad
279 1897 414 1972 quos
453 1899 563 1956 iam
602 1915 935 1956 accesseram
957 1941 971 1965 ‚
1023 1899 1225 1972 quique
1257 1904 1496 1954 nostram
1538 1895 2011 1954 mansuetudinem

175 1997 651 2074 integritatemque
700 2006 1112 2074 perspexerant,
1170 2000 1455 2055 amiciores
1512 1998 1705 2073 populo
1771 1997 2011 2053 Romano

175 2099 299 2154 ess&
340 2096 532 2162 factem
581 2098 825 2155 Ciliciam
872 2106 1055 2156 autem
1102 2099 1396 2155 firmiorem
1441 2098 1583 2164 fore,
1634 2099 1683 2154 si
1718 2099 2011 2171 aequitatis

174 2204 389 2256 nostrae
431 2198 702 2273 particeps
742 2199 884 2255 facta
921 2206 1080 2256 esset.
1158 2200 1229 2256 Et
1267 2199 1334 2254 ob
1370 2215 1491 2255 eam
1530 2215 1778 2255 caussam
1799 2240 1815 2263 ,
1852 2205 1908 2255 et
1947 2206 2009 2255 ut

175 2298 609 2373 opprimerentur
652 2301 721 2366 ii,
772 2301 868 2373 qui
907 2317 972 2356 ex
1019 2300 1247 2356 Cilicum
1286 2306 1447 2374 gente
1485 2300 1540 2355 in
1579 2300 1748 2355 armis
1792 2307 2007 2364 essent,

171 2405 226 2455 et
259 2406 320 2455 ut
358 2399 528 2456 hostis
561 2401 636 2466 is,
689 2401 782 2473 qui
822 2407 964 2456 esset
997 2402 1052 2455 in
1093 2400 1282 2474 Syria,
1333 2399 1527 2463 sciret,
1578 2400 1877 2455 exercitum
1918 2418 2005 2473 po·

171 2499 283 2573 puli
313 2500 542 2558 Romani
574 2517 680 2556 non
721 2500 878 2556 modo
921 2517 1027 2556 non
1060 2500 1251 2557 cedere
1290 2499 1376 2555 his
1415 2500 1624 2555 nuntiis
1654 2499 1861 2566 allatis,
1912 2503 2005 2556 sed

12 2572 17 2680 Ξ
122 2639 124 2644 -
168 2601 331 2657 etiam
356 2638 357 2641 η
382 2602 603 2676 propius
661 2601 916 2658 accedere
936 2644 950 2669 ‚
1008 2602 1308 2658 exercitum
1360 2599 1430 2656 ad
1488 2601 1727 2656 Taurum
1789 2602 2001 2658 institui

166 2700 366 2758 ducere
397 2717 493 2775 per
511 2706 534 2741 ²
570 2700 932 2776 Cappadociae
970 2709 1179 2775 partem
1212 2718 1359 2766 eam,
1397 2718 1536 2774 quae
1566 2701 1808 2758 Ciliciam
1841 2704 2002 2759 attin·

166 2802 281 2873 git,
331 2818 394 2858 eo
443 2802 665 2858 consilio
685 2845 699 2868 ‚
753 2809 816 2858 ut
853 2804 1142 2859 Armenius
1195 2802 1515 2859 Artavasdes
1566 2809 1621 2860 et
1673 2805 1775 2877 ipsi
1816 2804 2000 2860 Parthi

167 2900 493 2976 Cappadocia
532 2919 589 2959 se
623 2902 835 2959 excludi
873 2911 1143 2977 putarent.

15 3067 22 3167 i
127 3161 129 3163 .
238 3102 378 3163 XVI.
458 3110 545 3162 45.
589 3106 777 3179 ltaque
796 3111 818 3145 ³
849 3107 1144 3163 exercitum
1169 3107 1302 3163 mihi
1337 3104 1643 3161 ducendum
1672 3121 1768 3179 per
1798 3107 1995 3180 Cappa-

165 3203 346 3261 dociae
403 3208 675 3280 regionem
722 3223 875 3271 eam,
928 3224 1065 3280 quae
1115 3207 1355 3262 Ciliciam
1403 3206 1729 3278 attingeret,
1788 3209 1990 3280 putavi.

224 3472 263 3529 ι)
293 3469 427 3531 Epist.
479 3470 534 3516 ad
573 3475 782 3517 Senatum
832 3470 908 3529 (ad
954 3475 1074 3519 Fam.
1107 3476 1196 3519 XV.
1233 3477 1272 3518 1.
1311 3476 1336 3530 ᾗ
1371 3476 1436 3530 2.)
1467 3499 1527 3507 ·--
1559 3476 1600 3533 2)
1631 3474 1684 3519 ad
1717 3478 1806 3519 Ait.
1839 3478 1891 3520 V.
1922 3477 1995 3519 20.

167 3548 250 3603 §2
286 3572 343 3581 —
377 3549 415 3607 5)
449 3546 582 3609 Epist.
607 3547 660 3592 ad
696 3552 744 3593 lli.
773 3551 921 3594 caton.
954 3549 1029 3607 (ad
1060 3553 1177 3595 Fam.
1213 3553 1298 3595 XV.
1326 3553 1366 3595 4.
1399 3552 1508 3610 §⁴1.)
