2150 3990
484 195 655 252 1,‚111.·
694 215 738 274 <⁵-
768 196 900 251 v111.
927 197 983 268 S
1009 201 1076 249 25
1120 227 1192 235 -
1233 214 1277 248 (ι.
1305 196 1390 249 1x.
1436 195 1474 268 g
1502 201 1586 268 29.
1848 204 1942 250 ιιι

132 347 403 421 republica
446 347 807 403 summoveri?
901 345 1001 400 Sed
1050 347 1125 400 ita
1165 345 1372 416 legibus
1419 345 1596 400 Sullae
1643 346 1957 402 cohaerebat

133 454 308 504 status
321 431 584 513 civitatis,
613 454 702 513 ut,
731 446 814 501 his
829 445 1049 511 solutis,
1076 453 1220 501 stare
1241 447 1356 518 ipsa
1379 462 1482 500 non
1510 454 1703 518 posset.
1746 447 1883 513 Quid
1903 449 1955 500 ¹?

135 550 180 603 si
221 549 296 614 is,
347 550 441 621 qui
488 549 630 621 apud
683 555 735 604 te
787 548 1070 620 pecuniam
1118 547 1461 619 deposuerit,
1513 547 1710 602 bellum
1764 546 1958 602 inserat

133 649 366 719 patriae,
407 649 686 725 ¹reddasne
738 649 1080 721 depositum?
1158 647 1310 712 Non,
1362 647 1548 702 credo:
1606 646 1771 702 facias
1815 649 1957 701 enim

133 754 320 804 contra
377 750 767 822 rempublicam
794 775 815 815 ,«
876 765 1011 822 quae
1077 747 1234 803 debet
1292 764 1408 802 esse
1473 747 1772 802 carissima.
1873 747 1959 802 Sic

119 846 332 912 multa,
371 864 507 920 quae
535 848 756 905 honesta
782 855 974 905 natura
1001 848 1253 903 videntur
1278 863 1423 911 esse,
1467 846 1797 919 temporibus
1824 847 1961 902 liunt

134 965 238 1003 non
277 947 516 1004 honesta.
599 954 686 1005 27.
730 951 839 1006 ΕΗ
877 967 1045 1023 quum
1079 949 1203 1005 honi
1238 948 1474 1005 consulis
1507 950 1608 1013 sit,
1653 966 1757 1003 non
1789 947 1960 1003 solum

132 1047 340 1115 videre,
381 1050 510 1122 quid
537 1059 758 1123 agatur,
798 1069 985 1107 verum
1012 1052 1174 1107 etiam
1210 1048 1512 1122 providere,
1546 1049 1676 1120 quid
1717 1048 1961 1113 mturum

132 1151 232 1214 sit,
271 1149 443 1222 legem
462 1156 491 1189 δ’
524 1150 588 1206 de
622 1151 829 1207 ambitu
868 1152 996 1213 tuli;
1037 1151 1175 1206 sed⁴
1219 1150 1318 1204 tuli
1357 1167 1422 1204 ex
1463 1149 1927 1204 senatusconsulto
1950 1192 1963 1213 ‚

103 1248 235 1304 ,tuli
269 1239 499 1316 sine'vi,
536 1251 640 1334 guli
673 1252 836 1311 salvis
868 1252 1153 1323 auspiciis,
1194 1250 1339 1305 salva
1373 1250 1487 1320 tege
1521 1250 1669 1304 Aetia
1700 1257 1755 1304 et
1790 1251 1962 1304 Fufia:

133 1365 270 1421 quae
308 1365 428 1405 mea
452 1349 538 1406 lex
571 1350 806 1407 dilucide
832 1357 1006 1415 vetat,
1047 1366 1271 1413 cimmo,
1311 1365 1408 1411 ouo
1439 1364 1556 1411 ouis
1581 1365 1736 1403 rit-ru
1769 1367 1965 1405 varnu-

136 1465 292 1524 nusvn
331 1467 436 1517 sir,
476 1440 811 1508 diminutius
848 1469 1007 1515 nane,
1046 1467 1143 1506 Nisi
1184 1466 1249 1504 nx
1283 1466 1602 1504 ‘resrusu‘ro
1635 1467 1964 1506 raus-mun

26 1591 30 1599 ,
115 1566 237 1621 ,nm-
314 1551 461 1608 Hanc
481 1556 507 1591 ⁸
553 1552 727 1625 legem
782 1555 856 1619 is,
915 1554 1007 1625 qui
1054 1559 1172 1607 aeta
1221 1566 1336 1606 mea
1383 1550 1485 1605 sibi
1532 1552 1608 1605 ait
1653 1550 1964 1624 displicere,

29 1694 35 1701 .
137 1653 456 1741 contempsit
487 1652 718 1710 Clodius.
799 1653 969 1721 Quem
990 1659 1012 1691 ⁸
1047 1669 1150 1707 non
1181 1659 1290 1707 tam
1318 1651 1585 1715 admiror,
1623 1650 1764 1722 quod
1792 1667 1965 1707 meam

136 1754 308 1826 legem
341 1756 750 1828 contempserit,
793 1754 1024 1809 hominis
1067 1754 1304 1818 inimici,
1345 1769 1507 1825 quam
1541 1751 1681 1824 quod
1709 1770 1766 1807 se
1798 1760 1965 1807 statu·

135 1856 239 1912 erit
290 1856 507 1912 omnino
557 1855 892 1913 consularem
934 1855 1104 1927 legem
1158 1854 1358 1909 nullam
1406 1863 1612 1927 putare.
1713 1835 1968 1917 Aciliam,

137 1953 378 2022 Didiam,
417 1956 709 2023 Liciniam,
750 1957 961 2013 Iuniam
1001 1957 1338 2029 contempsit.
1422 1960 1508 2011 28.
1551 1956 1662 2011 ΕΝ
1694 1955 1823 2027 quid
1859 1963 1967 2017 est,

94 2094 96 2097 ·
139 2057 279 2129 quod
313 2059 368 2114 in
410 2058 511 2114 hac
555 2075 748 2115 caussa
784 2060 1017 2114 maxime
1053 2058 1296 2112 homines
1328 2057 1667 2112 admirentur
1705 2065 1759 2112 et
1791 2074 1968 2129 repre-

109 2154 378 2237 Jhendant
416 2174 595 2215 meum
623 2158 937 2222 consilium,
977 2173 1145 2229 quum
1173 2173 1270 2227 ego
1304 2156 1445 2211 idem
1479 2157 1650 2211 multa
1676 2155 1973 2221 decrerim,

140 2253 278 2328 quae
323 2258 496 2329 magis
533 2256 600 2315 ad
640 2257 872 2312 hominis
912 2256 1259 2329 dignitatem,
1313 2274 1475 2328 quam
1527 2257 1593 2312 ad
1645 2256 1970 2329 reipublicae

142 2357 514 2413 necessitatem
543 2356 908 2435 pertinerent?
988 2357 1202 2411 Etenim
1223 2362 1274 2421 ⁸,
1315 2374 1400 2412 me
1433 2357 1650 2412 consule
1678 2356 1971 2421 referente,

142 2457 378 2530 primum
409 2457 596 2513 decem
616 2457 826 2538 dierum
854 2456 1175 2529 supplicatio
1206 2457 1421 2513 decreta
1454 2465 1546 2512 est*
1567 2458 1660 2513 Cn.
1696 2459 1970 2531 Pompeio,

63 2582 69 2590 ·
141 2557 449 2615 Mithridate
494 2557 778 2614 interfecto
823 2557 1170 2630 confectoque
1222 2559 1586 2614 Mithridatico
1637 2559 1800 2621 bello;
1853 2576 1968 2613 mea

141 2660 407 2715 sententia
432 2660 670 2732 primum
701 2659 979 2731 duplicata
1001 2668 1083 2714 est
1111 2660 1431 2732 supplicatio
1465 2661 1794 2716 consularis:
1837 2660 1971 2715 mihi

142 2759 539 2816 enimsenatus
557 2776 808 2816 assensus
840 2767 950 2825 est,
990 2777 1189 2834 quum,
1223 2761 1463 2815 eiusdem
1504 2761 1740 2833 Pompeii
1775 2761 1971 2815 litteris

144 2859 415 2924 recitatiS,
440 2858 697 2914 confectis
717 2859 966 2915 omnibus
986 2862 1278 2916 maritimis
1305 2861 1758 2933 terrestribusque
1791 2860 1942 2914 bellis
1958 2902 1971 2922 ,

80 3019 86 3025 ,
145 2957 588 3029 supplicationem
619 2958 832 3016 dierum
857 2961 1140 3017 duodecim
1167 2961 1420 3016 decrevit.
1503 2964 1590 3015 29.
1631 2962 1702 3015 Et
1720 2967 1744 2998 ⁹
1774 2977 1840 3015 ex
1866 2961 1972 3015 Ma-

145 3056 401 3126 cedonia,
433 3060 710 3132 provincia
738 3077 836 3117 sua
852 3104 874 3126 ,.
905 3062 1116 3118 rediens
1156 3064 1241 3117 vir
1272 3040 1415 3116 omni
1450 3061 1712 3132 dignitate
1745 3062 1971 3116 ornatis·

149 3187 358 3204 m

210 3254 251 3311 ¹)
278 3252 333 3297 de
359 3250 486 3298 offic.
527 3255 604 3299 111.
636 3269 672 3298 c.
699 3256 771 3298 25.
811 3256 835 3312 §
861 3256 934 3300 95.
967 3281 1024 3290 —
1060 3260 1099 3316 2)
1132 3273 1206 3318 pro
1240 3260 1415 3301 Murena
1446 3257 1543 3300 c.2.
1578 3257 1666 3312 §4.
1697 3280 1756 3288 -—
1789 3255 1829 3313 5)
1862 3253 1971 3299 ibid.

146 3332 241 3374 e.3.
274 3333 358 3389 95.
394 3357 451 3366 -—
483 3333 525 3390 ⁴)
556 3331 602 3375 i'n
635 3333 778 3378 Vatin.
811 3350 848 3378 c.
869 3338 938 3379 15.
974 3336 1088 3392 §37.
1123 3361 1181 3368 —
1215 3337 1255 3391 ⁵)
1290 3349 1364 3394 pro
1393 3332 1537 3378 Sextio
1567 3348 1602 3377 c.
1622 3335 1695 3377 64.
1730 3334 1877 3389 §133.
1911 3358 1970 3364 —

146 3408 186 3464 ⁶)
205 3405 312 3453 thid.
346 3410 492 3467 9135.
527 3435 586 3442 -
618 3412 659 3469 7)
676 3409 730 3456 de
754 3412 944 3458 Provinc.
971 3411 1140 3458 Consul.
1174 3427 1209 3456 c.
1230 3415 1300 3456 11.
1336 3413 1451 3470 926.
1486 3437 1544 3445 -
1576 3412 1615 3468 8)
1636 3409 1742 3454 lbid.
1769 3410 1885 3467 927.
1915 3434 1971 3442 -

146 3490 186 3542 9)
218 3485 262 3530 in
296 3486 429 3534 Pison.
458 3502 493 3531 c.
514 3488 585 3534 19.
621 3488 735 3543 944.
