2210 3970
213 238 327 292 606*
673 248 998 288 ANNALES
1055 249 1560 289 οιοΕΒοΝιΑΝῐ.

203 390 264 437 ut
298 379 476 437 aditus
506 380 572 435 ad
606 381 942 435 consulatum
980 380 1197 454 posthac
1228 398 1332 435 non
1363 382 1537 453 magis
1568 380 1832 435 nobilitati
1865 394 2025 452 quam

199 483 391 537 virtuti
418 486 641 553 pateret.
683 498 738 535 11.
777 498 822 534 c.
846 485 914 535 55
939 498 1016 553 sq.
1082 476 1186 536 Cfr.
1229 499 1263 535 1.
1299 499 1346 536 c.
1375 486 1461 537 15.
1502 485 1590 536 59.
1635 499 1700 536 vl.
1739 498 1785 534 o.
1809 484 1896 535 58.
1933 485 2023 535 99.

261 581 440 627 Sallust.
469 580 593 626 Catil.
616 596 652 626 c.
675 583 750 627 23.
780 582 855 624 Ea
870 597 940 625 res
957 581 1218 640 (coniuratio
1234 582 1463 641 Catilinae)
1491 582 1700 643 inprimis
1715 580 1868 625 studia
1890 580 2024 624 homi-

198 676 303 704 num
336 659 536 704 accendit
566 658 628 702 ad
651 659 930 703 consulatum
960 658 1256 704 mandandum
1287 663 1344 706 M.
1383 659 1530 704 Tullio
1560 659 1769 703 Ciceroni.
1830 659 2026 718 Namque

197 745 330 782 antea
353 736 571 798 pleraque
603 737 816 781 nobilitas
837 736 1008 781 invidia
1034 736 1293 793 aestuabat,
1336 744 1380 781 et
1411 738 1544 798 quasi
1570 736 1724 798 pollui
1748 734 2027 779 consulat-um

196 814 455 871 credebant,
486 814 530 857 si
556 830 654 858 eum
668 847 682 870 ‚
716 814 918 874 quamvis
946 815 1149 874 egregius
1164 846 1179 871 ,
1209 814 1333 858 homo
1359 830 1497 859 novus
1527 813 1716 875 adeptus
1733 813 1876 872 foret.
1939 810 2030 855 Sed

193 892 272 936 ubi
287 890 540 952 periculum
567 890 768 946 advenit,
800 890 971 934 invidia
1003 898 1137 951 atque
1164 890 1372 951 superbia
1389 898 1499 951 post
1519 890 1670 948 suere.
1713 906 1751 936 e.
1769 893 1842 935 24.
1874 891 2026 951 Igitur

193 967 390 1012 comitiis
417 967 584 1011 habitis
601 999 614 1023 ,
647 966 848 1012 consules
875 968 1159 1013 declarantur
1188 970 1247 1012 M.
1280 965 1454 1011 Tullius
1482 975 1526 1012 et
1561 969 1604 1012 0.
1632 969 1850 1012 Antonius
1857 988 1873 1022 ;
1908 966 2027 1029 quod

185 1046 370 1104 factum
394 1045 543 1105 primo
567 1044 812 1106 populares
845 1046 1166 1090 coniurationis
1197 1051 1492 1091 concusserat.
1554 1048 1714 1088 Ascon.
1743 1044 1795 1089 ad
1825 1047 1944 1089 Orat.
1975 1044 2023 1088 in

194 1132 296 1185 toga
326 1122 449 1171 cand.
477 1139 525 1186 p.
537 1124 610 1167 95.
678 1123 825 1167 Cicero
857 1123 1014 1167 consul
1042 1125 1235 1169 omnium
1261 1137 1475 1166 consensu
1491 1120 1655 1181 factus
1681 1129 1776 1166 est.-
1807 1122 2026 1166 Antonius

186 1201 406 1263 pauculis
431 1200 646 1245 centuriis
682 1200 922 1246 Catilinam
955 1203 1208 1264 superavit,
1247 1216 1383 1261 quum
1415 1200 1457 1244 ei
1488 1194 1675 1270 propter
1694 1200 1845 1260 patris
1869 1215 2024 1244 nomen

186 1278 348 1341 paullo
375 1279 617 1339 speciosior
639 1294 799 1323 manus
824 1279 1080 1340 suff-agata
1106 1286 1223 1324 esset
1248 1293 1382 1338 quam
1406 1276 1638 1323 Catilinae.
1702 1277 1919 1323 Plutarch.
1937 1278 2022 1323 Cic.

195 1372 231 1401 c.
250 1359 324 1401 10.
341 1359 383 1400 1.
417 1359 537 1402 Ἐπὶ
567 1354 621 1402 δὲ
652 1357 737 1415 τήν
766 1356 1002 1405 ὑπατείαν
1029 1358 1128 1416 οὐχ
1143 1349 1289 1416 ἦττον
1309 1354 1404 1402 ὑπὸ
1436 1356 1533 1401 τῶν
1557 1353 1976 1418 ἀριστοκρατικῶν
1993 1355 2023 1413 ἢ

196 1435 293 1480 τῶν
320 1437 513 1481 πολλῶν
537 1437 781 1497 προήχθη.
800 1463 859 1471 —-·
877 1453 913 1482 c.
932 1441 1004 1482 11.
1041 1438 1111 1483 Οὐ
1137 1436 1230 1496 μήν
1245 1433 1369 1481 ἀλλὰ
1387 1433 1675 1496 βουλόμενος
1699 1435 1728 1482 o‘
1752 1437 2024 1487 Κατιλίνας

196 1516 400 1576 ἰσχυρόν
422 1532 471 1560 τι
495 1516 881 1578 προκαταλαβεῖν
905 1515 1194 1578 ὁρμητήριον
1213 1514 1447 1561 ὑπατείαν
1466 1514 1660 1576 μετῄει·
1696 1517 1778 1560 καὶ
1808 1512 2022 1576 λαμπρὸς

194 1591 253 1654 ἦν
297 1601 404 1645 ταῖς
447 1591 644 1640 ἐλπίσιν
687 1595 752 1649 ὡς
789 1595 930 1658 Γαΐῳ
979 1598 1224 1657 Ἀντωνίῳ
1269 1596 1661 1652 συνυπατεύσων,
1713 1593 1853 1657 ἀνδρὶ
1903 1596 2020 1640 καθ’

195 1672 344 1718 αὑτὸν
378 1671 467 1733 μὲν
508 1672 626 1720 οὔτε
664 1675 782 1738 πρὸς
816 1676 871 1722 τὸ
904 1675 1100 1736 βέλτιον
1141 1674 1258 1724 οὔτε
1293 1673 1411 1737 πρὸς
1444 1672 1501 1721 τὸ
1525 1682 1692 1738 χεῖρον
1724 1672 2019 1737 ἡγεμονικῷ,

193 1752 453 1816 προσθήκῃ,
481 1753 523 1798 δ’
542 1752 741 1818 ἄγοντος
767 1755 934 1820 ἑτέρου
966 1757 1209 1816 δυνάμεως
1244 1752 1472 1815 ἐσομένῳ.
1538 1759 1704 1801 Ταῦτα
1731 1754 1791 1814 δή
1812 1756 1908 1800 τῶν
1936 1766 2025 1800 ata-³

193 1831 287 1878 λῶν
325 1834 407 1878 καὶ
440 1831 642 1896 ἀγαθῶν
681 1836 729 1883 οἱ
771 1839 996 1884 πλεῖστοι
1029 1837 1420 1898 προαισθόμενοι
1455 1831 1539 1879 τὸν
1575 1823 1831 1896 Κικέρωνα
1868 1836 2021 1895 προῆ-

192 1926 276 1974 γον
315 1912 396 1958 ἐπὶ
432 1913 816 1971 τήνῦπατείαν·
848 1916 930 1961 καὶ
959 1920 1045 1962 τοῦ
1079 1916 1231 1975 δήμου
1263 1911 1521 1975 δεξαμένου
1551 1915 1838 1975 προθύμως,
1877 1912 1905 1959 ό
1930 1911 2019 1973 μὲν

190 1988 454 2046 Κατιλίνας
493 1992 709 2051 ἐξέπεσε,
756 1994 977 2057 Κικέρων
1017 1992 1070 2041 δὲ
1112 1997 1193 2040 καὶ
1246 1995 1397 2046 Γάϊος
1440 1991 1706 2046 Ἀντώνιος
1746 1993 2019 2055 ᾑρέθησαν·

191 2075 356 2118 καίτοι
390 2074 486 2118 τῶν
513 2075 784 2134 μετιόντων
819 2072 845 2119 o‘
874 2072 1096 2135 Κικέρων
1125 2075 1276 2134 μόνος
1308 2067 1364 2132 ἦν
1394 2070 1444 2124 ἒξ
1476 2073 1684 2121 ἱππικοῦ
1715 2072 1924 2136 πατρὸς,
1959 2073 2019 2120 οὗ

187 2151 451 2212 βουλευτοῦ
470 2187 482 2206 ,
517 2152 737 2216 γεγονώς.

225 2304 227 2307 f
265 2274 328 2348 (⁵)
370 2274 610 2329 Ciceroni
639 2290 706 2328 ex
746 2273 997 2329 Terentia
1030 2274 1173 2328 filius
1209 2274 1484 2338 nascitur,
1524 2273 1617 2346 qui
1650 2274 1790 2345 patri
1829 2290 2017 2346 cogno·

187 2376 351 2430 minis
390 2374 511 2430 fuit.
589 2373 784 2430 Filiam
806 2373 1038 2429 Tulliam
1066 2374 1356 2447 despondet
1375 2374 1430 2430 C.
1456 2371 1638 2461 Pisoni
1669 2375 1726 2429 L.
1747 2375 1806 2430 F.
1828 2376 2017 2462 Frugi.

185 2493 240 2530 11.
282 2492 328 2529 c.
351 2479 439 2530 55.
470 2477 559 2532 87.
1473 2492 1499 2497 ··

249 2577 311 2620 De
341 2574 587 2619 Cicerone
618 2573 741 2620 filio
773 2575 1059 2636 scripserunt:
1089 2575 1239 2620 Simon
1265 2574 1614 2632 Vallamhertus,
1645 2578 1705 2620 M.
1732 2577 1872 2622 Tullii
1901 2577 2015 2622 Cice-

184 2652 308 2697 ronis
325 2650 432 2712 filii
466 2652 581 2696 Vita.
646 2653 776 2699 Paris.
797 2656 936 2698 1587.
963 2656 1022 2698 80.
1054 2669 1190 2716 quem
1219 2652 1389 2698 librum
1414 2653 1590 2714 repetiit
1620 2656 1654 2697 1.
1689 2655 1739 2700 Α.
1767 2653 2016 2715 Fabricius,

186 2728 430 2790 Hamburgi
447 2731 582 2776 1729.
606 2731 667 2774 8⁰.
699 2734 734 2775 1.
765 2733 816 2776 H.
842 2733 888 2775 L.
916 2731 1161 2788 Meierotto,
1194 2729 1490 2792 Schilderung
1531 2729 1608 2775 der
1637 2731 1898 2793 Erziellung
1926 2732 2021 2777 und

191 2807 548 2869 Unterweisung3
584 2806 743 2852 welche
769 2810 828 2853 M.
846 2810 891 2852 T.
913 2808 1058 2852 Cicero
1085 2809 1249 2852 seinem
1276 2807 1421 2852 Solane
1442 2807 1647 2870 gegeben.
1678 2809 1850 2866 Berlin,
1880 2810 2015 2856 1784.

185 2885 335 2942 Idem,
371 2886 458 2929 Gar
483 2887 543 2930 M.
570 2884 746 2930 Tullius
772 2888 832 2930 M.
862 2887 912 2931 F.
943 2885 1088 2930 Cicero
1111 2885 1214 2930 bene
1238 2893 1373 2931 natus
1394 2902 1422 2929 a
1444 2893 1569 2930 tanto
1582 2893 1718 2947 patre
1738 2888 1886 2931 minus
1911 2887 2013 2933 bene

182 2965 424 3010 institutus
454 2964 522 3024 (in
553 2963 696 3008 libro:
728 2965 790 3008 De
819 2961 948 3007 rebus
980 2963 1035 3007 ad
1066 2971 1262 3009 auctores
1292 2963 1504 3026 quosdam
1535 2963 1726 3010 classicos
1749 2955 2012 3026 ¹pertinenti-

184 3042 267 3088 bus
297 3060 337 3105 p.
356 3043 636 3102 171—219.)
666 3040 804 3087 Berol.
823 3043 956 3086 1785.
992 3044 1052 3085 80.
1080 3068 1140 3076 -
1169 3043 1230 3086 De
1256 3041 1436 3087 Tullia
1466 3036 1654 3104 scripsit:
1687 3046 1804 3105 Casp.
1821 3043 2011 3105 Sagitta-

182 3121 299 3177 rius,
331 3119 539 3164 Historia
569 3119 688 3163 vitae
710 3135 762 3162 ac
789 3118 948 3163 mortis
974 3118 1168 3178 Tulliae,
1200 3123 1259 3165 M.
1287 3119 1428 3165 Tullii
1455 3121 1673 3165 Ciceronis
1681 3120 1834 3182 filiae.
1863 3125 2010 3178 lenae,

185 3202 321 3246 1679.
354 3202 414 3245 40.
463 3197 561 3243 Add
606 3198 805 3242 Histoire
838 3195 890 3241 de
917 3200 954 3240 T
950 3196 1060 3242 ullie
1077 3231 1091 3255 ,
1116 3198 1226 3260 fille
1252 3197 1304 3242 de
1331 3199 1508 3244 Ciceron
1525 3233 1538 3256 ,
1573 3216 1663 3260 par
1686 3216 1772 3244 une
1800 3190 1927 3243 'dame
1954 3199 2009 3244 il-

184 3275 324 3320 lustre
348 3275 411 3333 (la
437 3275 648 3337 Marquise
675 3274 729 3320 de
754 3276 941 3336 Lassay).
975 3276 1116 3333 Paris,
1145 3279 1278 3322 1726.
1313 3280 1405 3322 120.

262 3394 324 3468 (⁶)
365 3394 546 3449 Cicero
568 3402 776 3468 patrem
802 3413 958 3451 suum
987 3400 1159 3450 morte
1180 3396 1413 3462 amittit,
1443 3403 1681 3469 tempore
1708 3397 2000 3468 petitionis,

245 3498 392 3540 Ascon.
427 3494 481 3539 ad
515 3498 633 3542 Orat.
665 3498 710 3542 in
744 3505 844 3558 toga
876 3496 997 3542 caud.
1031 3514 1070 3557 p.
1107 3499 1176 3539 82.
1214 3496 1346 3541 Solus
1382 3498 1529 3542 Cicero
1556 3512 1616 3545 ex
1648 3498 2004 3557 competitoribus
