2210 3970
198 229 306 283 660
664 238 989 276 ANNALES
1044 239 1554 277 G1cEn0N1AN1.

211 370 531 426 criminibus
563 370 665 422 ioci
687 369 1084 440 opportunitate
1110 371 1326 425 exemit.
1371 367 1634 423 Eumdem
1658 368 1892 425 defendit
1918 387 2044 442 quo-

216 487 321 542 que
365 469 701 524 IIortensiuS.
744 486 810 521 1v.
847 473 1002 522 c:17.
1039 472 1107 522 42
1138 486 1257 539 sqq.

275 569 457 614 Macrob.
487 572 664 614 Saturn.
699 582 749 613 11.
784 585 819 613 c.
839 572 882 614 1.
915 569 971 611 Ni
1000 567 1177 629 longum
1205 576 1345 622 esset,
1378 567 1624 626 referrem,
1656 568 1704 611 in
1731 568 1892 628 quibus
1925 585 2050 613 caus-

220 648 285 691 sis
318 647 534 705 (Cicero),
569 663 705 708 quum
731 647 1063 691 nocentissimos
1093 662 1190 690 reos
1219 654 1443 702 tueretur,
1476 645 1707 691 victoriam
1729 646 1839 690 iocis
1866 645 2055 707 adeptus

222 726 299 769 sit.
368 728 425 770 Ut
456 741 549 780 ecee
583 741 670 785 pro
704 726 757 769 L.
782 724 970 779 Flacco,
1014 740 1141 784 quem
1172 723 1514 784 repetundarum
1545 740 1668 767 reum
1716 722 1805 766 ioci
1849 727 2058 783 opportu-

221 805 364 847 nitate
401 802 452 845 cle
489 792 878 859 manifestissimi-s
910 801 1169 859 criminibus
1203 803 1377 847 exemit.
1440 803 1490 845 Is
1521 802 1644 844 iocus
1660 802 1709 845 in
1740 802 1948 845 Oratione
1973 806 2060 845 non

225 888 401 924 exstat:
441 879 555 924 milii
586 895 642 922 ex
682 878 794 922 libro
822 879 953 922 Fusii
990 868 1200 926 Bibaculi
1229 885 1362 922 notus
1390 886 1480 933 est,
1514 885 1557 922 et
1588 879 1705 923 inter
1735 878 1829 922 alia
1862 879 1959 922 eius
1991 877 2059 922 di-

225 958 363 1002 cteria
397 956 658 1000 celebratur.
723 954 839 1002 Conf.
868 959 1020 1016 Meyer.
1054 957 1173 999 Orat.
1203 957 1328 999 Rom.
1359 958 1530 1016 Fragm.
1559 968 1661 1000 LXV.
1682 958 1754 1002 18.
1787 974 1827 1018 p.
1846 959 1949 1001 373.

307 1042 368 1117 (⁶)
417 1042 651 1104 Caesar,
711 1047 925 1114 praeter
972 1041 1103 1095 alias
1142 1040 1286 1112 leges
1333 1032 1468 1113 quae
1508 1040 1574 1096 ab
1607 1040 1722 1114 ipso
1751 1042 1894 1099 latae
1936 1049 2064 1097 sunt

224 1146 283 1205 in
324 1143 643 1209 consulam,
697 1143 870 1213 legem
911 1141 1038 1197 tulit
1078 1141 1144 1195 de
1182 1135 1812 1214 pecuniisrepetundis,
1863 1144 1920 1197 in
1959 1156 2066 1214 qua

227 1243 404 1300 officia
434 1243 717 1315 descripsit
738 1260 954 1308 eorum,
997 1243 1088 1313 qui
1119 1242 1174 1294 in
1206 1242 1539 1313 provinciam
1573 1241 2065 1315 proficiscerentur.

228 1363 321 1400 vn.
366 1349 488 1400 c.5.
529 1348 614 1398 15.
659 1361 704 1398 c.
730 1348 779 1398 9.
819 1344 906 1398 25.
951 1361 996 1397 c.
1022 1346 1109 1397 54.
1155 1345 1243 1426 91.
1887 1323 1890 1326 ‚

294 1445 378 1490 Cic.
397 1445 443 1488 in
462 1444 599 1488 Pison.
623 1459 660 1487 c.
678 1447 750 1488 21.
772 1446 846 1488 50.
879 1444 1022 1487 Exire
1040 1442 1093 1488 de
1106 1442 1363 1504 provincia,
1397 1441 1579 1492 educere
1605 1442 1847 1487 exercitum
1861 1475 1874 1498 ‚
1907 1441 2070 1488 bellum

229 1538 314 1570 sua
346 1529 502 1582 sponte
531 1537 682 1582 gerere
699 1554 711 1576 ,
746 1521 793 1564 in
820 1537 1005 1581 regnum
1037 1519 1218 1564 iniussu
1240 1519 1403 1581 populi
1435 1527 1517 1563 aut
1543 1527 1727 1564 senatus
1754 1519 1954 1565 accedere
1970 1540 1985 1564 :
2008 1547 2068 1554 —-

231 1600 610 1662 quamplurimae
639 1599 755 1661 leges
778 1606 969 1654 veteres,
1004 1606 1099 1641 tum
1129 1597 1203 1641 lex
1236 1597 1439 1642 Cornelia
1464 1598 1743 1653 maiestatis,
1774 1597 1900 1642 Iulia
1921 1597 1973 1642 de
1991 1595 2071 1659 pe'-

235 1678 382 1723 cuniis
409 1675 687 1738 repetundis,
714 1674 984 1736 planissime
1010 1682 1173 1722 vetant.
1240 1674 1353 1720 Ibid.
1387 1691 1422 1719 c.
1441 1678 1514 1720 25.
1550 1678 1624 1720 61¹.
1655 1691 1692 1720 c.
1711 1678 1783 1720 37.
1812 1677 1885 1720 90.
1949 1675 2067 1720 Idem

233 1773 310 1820 pro
343 1755 488 1803 Rabir.
519 1759 632 1804 Post.
665 1770 700 1799 e.
733 1758 774 1798 4.
810 1757 851 1798 8.
885 1754 1016 1803 Iubet
1049 1754 1123 1801 lex
1153 1753 1313 1809 Iulia,
1340 1753 1553 1814 persequi
1584 1752 1639 1803 ab
1669 1753 1761 1808 iis,
1794 1752 1855 1799 ad
1885 1768 1995 1813 quo-s
2022 1769 2074 1798 ea

229 1834 457 1894 pecunia,
502 1848 635 1892 quam
661 1832 703 1874 is
736 1833 925 1892 ceperit,
969 1833 1049 1893 qui
1082 1832 1321 1876 damnatus
1348 1832 1441 1887 sit,
1472 1832 1732 1893 pervenerit.
1796 1829 1937 1876 Schol.
1971 1829 2073 1876 Bob.

238 1902 294 1956 ed
327 1914 446 1955 Orat.
477 1927 553 1972 pro
584 1909 728 1954 Sextio
756 1926 798 1969 p.
818 1913 920 1954 310.
954 1911 1113 1970 Legem
1136 1909 1304 1953 Iuliam
1330 1909 1467 1964 dicit,
1500 1925 1633 1970 quam
1660 1897 1818 1954 consul
1851 1911 1893 1953 C.
1917 1911 2078 1954 Caesar

239 1987 293 2032 de
328 1989 539 2049 pecuniis
570 1985 831 2047 repetundis
862 1985 1056 2042 tulerat,
1101 1988 1231 2031 cuius
1263 1987 1578 2042 auctoritatem
1611 1990 1640 2030 a
1670 1988 1723 2031 P.
1758 1988 1934 2031 Vatinio
1966 1986 2078 2031 dicit

240 2081 334 2109 esse
366 2071 659 2126 contemptam
694 2071 737 2108 et
768 2063 823 2108 ab
851 2065 900 2107 L.
917 2064 1095 2112 Pisone.

319 2153 382 2227 (⁷)
410 2144 638 2207 ¹Caesari
689 2151 923 2215 consuli,
975 2152 1251 2224 rogatione
1307 2153 1363 2207 P.
1390 2135 1593 2211 Vatinii
1630 2151 1833 2207 tribuni
1878 2151 2080 2224 plehiS‚

241 2254 413 2310 invito
453 2258 645 2308 senatu
669 2294 683 2317 ,
741 2251 910 2306 Gallia
949 2252 1167 2306 citerior
1203 2269 1329 2307 cum
1366 2252 1584 2327 Illyrico
1630 2258 1685 2307 et
1706 2252 1893 2307 ‘tribus
1920 2252 2080 2324 legio·

245 2354 406 2409 nibus
454 2354 509 2406 in
557 2353 988 2423 quinquennium
1023 2351 1529 2425 decernitunquo‘
1584 2351 1724 2408 sacto
1767 2359 1987 2408 senatus
2034 2346 2083 2408 ei

249 2455 474 2510 Galliam
512 2453 823 2507 ulteriorem
865 2470 988 2507 cum
1020 2453 1124 2507 alia
1157 2453 1364 2524 legione
1403 2453 1567 2507 addit.

314 2558 493 2602 Sueton.
521 2556 633 2604 Caes.
668 2567 703 2599 c.
724 2555 798 2599 22.
831 2553 910 2596 Ex
942 2553 1061 2596 omni
1082 2554 1415 2617 provinciarum
1447 2554 1576 2613 copia
1606 2553 1782 2603 Gallias
1795 2555 2087 2615 potissimum

256 2632 415 2693 elegit,
448 2631 577 2681 cuius
604 2628 891 2676 emolumento
924 2637 968 2674 et
995 2631 1325 2691 opportunitate
1351 2630 1508 2678 idonea
1534 2631 1598 2675 sit
1623 2632 1812 2675 materia
1843 2631 2088 2692 triumpho-

255 2727 368 2761 rum.
442 2709 509 2752 Et
547 2707 679 2755 initio
719 2707 896 2767 quidem
932 2707 1128 2757 Galliam
1175 2707 1478 2770 Cisalpinam,
1524 2708 1711 2773 Illyrico
1743 2709 1944 2766 adiecto,
1995 2709 2088 2771 lege

263 2788 446 2832 Vatinia
472 2785 672 2851 accepit:
702 2801 804 2829 moa:
818 2801 904 2845 per
924 2793 1150 2841 senatum,
1190 2787 1413 2832 Comatam
1443 2803 1640 2853 quoque:
1672 2787 1829 2831 veritis
1851 2786 2091 2847 patribus,

259 2882 339 2922 ne,
367 2866 411 2908 si
419 2900 424 2901 ν
439 2865 532 2926 ipsi
547 2869 782 2923 negassent
798 2899 811 2920 ,
836 2861 1035 2924 populus
1052 2871 1096 2907 et
1124 2863 1236 2908 hanc
1264 2863 1408 2912 daret.
1469 2864 1659 2910 Velleius
1676 2877 1729 2909 ΙΙ.
1746 2879 1780 2908 e.
1801 2866 1871 2907 44.
1891 2868 1933 2908 5.
1983 2866 2020 2906 T
2015 2858 2092 2908 um
2176 2902 2188 2917 „

267 2943 446 2987 Caesari
477 2941 674 2989 decretae
707 2942 755 2985 in
787 2942 1135 3002 quinquennium
1167 2942 1356 2990 Galliae.
1418 2942 1678 2991 Schol.Bob.
1695 2942 1742 2986 in
1767 2943 1909 2991 Vatia.
1929 2960 1970 3004 p.
1988 2946 2091 2989 317.
2174 2959 2183 2999 χ

263 3025 362 3066 Iam
395 3020 562 3065 dictum
590 3028 685 3073 est,
717 3028 917 3064 servante
950 3021 1002 3064 de
1029 3021 1149 3065 caelo
1174 3021 1335 3066 Bibulo
1358 3021 1536 3067 consule
1564 3021 1676 3066 hunc
1705 3020 1931 3065 Vatinium
1957 3020 2093 3082 legem
2177 3002 2180 3038 Ῑ

258 3101 428 3152 'tul-isse
445 3098 498 3142 de
514 3100 698 3160 imperio
720 3099 925 3142 Caesaris
936 3131 950 3154 ,
972 3105 1026 3142 ut
1043 3101 1286 3144 eoeercitum
1294 3116 1381 3160 per
1396 3093 1632 3167 Illyricum
1649 3107 1692 3143 et
1713 3098 1887 3143 Gallias
1904 3098 2093 3145 duceret.
2162 3099 2178 3146 s

265 3179 441 3224 Orosius
458 3191 523 3222 Vl.
558 3194 592 3221 c.
614 3182 653 3220 7.
686 3178 809 3220 Anno
842 3176 896 3220 ab
919 3176 1028 3220 Urbe
1051 3177 1229 3222 condita
1258 3191 1432 3223 nexem
1449 3211 1463 3235 ‚
1511 3180 1553 3223 C.
1577 3180 1762 3227 Caesare
1794 3186 1837 3226 et
1852 3180 1909 3223 M.
1929 3177 2091 3223 Bibulo
2156 3177 2167 3205 Τ
2197 3165 2208 3174 ”

267 3275 378 3304 coss.
428 3258 521 3318 lege
568 3255 748 3300 Vatinia
790 3255 969 3303 Caesari
1010 3263 1101 3299 tres
1136 3257 1396 3316 provinciae
1433 3273 1531 3301 cum
1576 3255 1821 3319 legionibus
1848 3263 2013 3316 septem
2044 3256 2092 3300 in
2152 3265 2175 3302 ,’

268 3327 615 3397 quinquennium
642 3331 799 3388 datae,
818 3332 991 3378 Gallia
1024 3333 1317 3394 Transalpina
1340 3341 1383 3378 et
1415 3333 1644 3395 Cisalpina
1666 3343 1709 3380 et
1726 3333 1953 3403 Illyricas.
1990 3334 2094 3378 Gal-

268 3414 378 3463 liam
429 3415 651 3456 Comatam
685 3418 847 3471 postea
890 3418 1074 3455 senatus
1115 3410 1292 3456 adiecit.
1375 3413 1452 3457 Dio
1482 3425 1680 3458 xxxvlu.
1714 3428 1749 3457 ο.
1781 3416 1820 3456 8.
1857 3416 1918 3457 5.’
1950 3416 2012 3459 ‘¹0
2043 3429 2094 3461 w
2152 3403 2179 3444 '³2-

268 3494 439 3558 ὅμιλος
489 3494 576 3539 τοῦ
619 3507 670 3539 τε
702 3491 982 3552 Ἰλλυρικοῦ
1017 3493 1099 3538 καὶ
1142 3493 1234 3550 -τῆς
1268 3494 1520 3549 Γαλατίας
1560 3494 1642 3552 τῆς
1675 3488 1808 3547 &mog
1845 3492 1935 3540 τῶν
1969 3495 2092 3543 ’Ἀλ-
