2210 3970
305 257 407 308 782
763 270 1093 307 ANNALES
1148 270 1658 309 mennommm.

300 400 453 463 ἀρχὰς
485 399 570 450 τὰς
613 397 698 458 μὲν
740 397 969 456 ἀφείλετο
1016 399 1157 443 τινῶν
1200 400 1284 452 τὰς
1317 398 1369 445 δὲ
1406 400 1581 447 ἔδωκεν
1626 401 1820 455 ἄλλοις,
1861 400 1922 453 ὡς
1956 407 2034 449 καὶ
2070 405 2125 451 ἐκ
2202 444 2206 447 .

297 481 394 526 τῶν
427 478 614 524 ἐκείνου
643 478 1013 540 διαγραμματων
1048 478 1173 523 αὐτὰ
1206 480 1376 526 ποιῶν.
1412 481 1503 526 κάκ
1537 484 1712 528 τούτου
1742 482 1894 537 συχνοὶ
1922 479 2006 540 μὲν
2038 484 2121 530 αὖ·

297 562 450 605 τόθεν
485 557 697 619 ἥρπασε,
731 563 882 614 συχνὰ
915 555 969 602 δὲ
1003 560 1084 622 καὶ
1116 559 1225 619 παρ’
1262 558 1471 604 ἰδιωτῶν
1506 561 1596 605 τῶν
1630 578 1679 606 τε
1718 561 1882 621 δήμων
1916 565 1996 607 καὶ
2031 564 2129 608 τῶν

296 636 540 698 βασιλέων
585 636 962 700 ἠργυρολόγησε,
1002 645 1105 689 τοῖς
1136 635 1223 697 μὲν
1263 636 1425 700 χώραν
1460 647 1562 691 τοῖς
1600 639 1654 686 δὲ
1698 642 2011 702 ἐλευθερίαν,
2045 641 2123 686 ἀλ-
2205 659 2207 662 ’

297 719 406 769 λοις
453 718 738 771 πολιτείαν,
790 716 957 768 ἄλλοις
1010 716 1234 762 ἀτέλειαν
1278 720 1466 764 πωλῶν.
1531 718 1647 765 Conf.
1692 720 1872 781 Appian.
1907 725 1950 764 B.
1979 723 2123 768 C.111.
2203 735 2206 739 ’

294 812 330 842 c.
351 801 392 841 5.
427 795 646 840 Plutarch.
685 799 804 839 Brut.
836 811 871 839 c.
892 798 964 839 21.
1002 800 1157 840 Anton.
1191 813 1227 840 c.
1254 800 1325 840 15.

372 915 433 988 (⁹)
477 915 546 968 Et
579 913 826 968 omnibus
860 913 1046 978 bonis,
1089 915 1337 985 inprimis
1378 931 1502 967 vero
1543 914 1814 979 Ciceroni,
1865 922 2124 970 terrorem
2191 900 2210 969 s:

294 1015 577 1078 iniicienS,
619 1012 773 1066 modo
809 1013 861 1065 in
903 1019 1122 1076 senam,
1163 1014 1316 1067 modo
1347 1014 1403 1067 in
1439 1015 1692 1068 concione
1731 1031 1914 1070 omnes
1947 1033 1977 1070 a
2011 1034 2132 1089 par—-

290 1116 436 1170 tibus
470 1116 582 1169 suis
622 1113 822 1168 alienos
858 1114 1098 1167 minatur
1131 1115 1414 1185 perituros,
1454 1132 1521 1169 ix.
1563 1133 1608 1169 c.
1633 1120 1721 1170 59.
1763 1122 1885 1171 111.

357 1217 438 1260 Cic.
474 1214 580 1258 Phil.
611 1227 641 1258 Ι.
675 1229 710 1258 c.
739 1217 780 1257 2.
809 1217 849 1257 6.
914 1213 1031 1256 Ecce
1066 1214 1181 1257 enim
1207 1214 1422 1258 Kalendt's
1454 1215 1633 1271 Iuniis,
1666 1216 1828 1276 quibus
1859 1224 1911 1260 ut
1954 1216 2126 1260 adesse-

292 1311 393 1340 mus
420 1293 650 1349 edioeerat,
683 1301 858 1337 mutata
890 1294 1035 1336 omnia
1049 1311 1063 1335 .·
1096 1293 1217 1337 nihil
1241 1310 1323 1354 per
1355 1301 1583 1351 senatum,
1617 1294 1760 1338 multa
1788 1302 1831 1338 et
1856 1311 2017 1355 magna
2042 1312 2134 1355 petr

285 1373 537 1435 populum,
571 1380 614 1416 et
646 1372 823 1415 absente
858 1370 1024 1431 populo
1066 1378 1109 1414 et
1151 1371 1302 1414 invito.
1372 1370 1581 1415 Consules
1624 1371 1848 1433 designati
1884 1388 1931 1415 se
1967 1372 2128 1416 audere

294 1451 514 1513 negabant
552 1451 600 1494 in
631 1457 834 1493 senatum
861 1450 1005 1492 venire
1023 1467 1036 1491 :
1061 1449 1246 1509 patriae
1278 1449 1535 1493 liberatores
1561 1449 1667 1493 urbe
1698 1449 1904 1493 carebant
1939 1466 2019 1505 ea,
2053 1467 2126 1493 cu-

293 1530 369 1574 ius
400 1545 429 1572 a
456 1528 698 1572 cervicibus
729 1529 883 1588 iugum
921 1525 1080 1570 servile
1122 1526 1380 1570 deiecerant.
1414 1553 1473 1559 ——
1511 1526 1632 1584 Quae
1663 1543 1799 1587 quum
1831 1526 1987 1571 audire
2016 1526 2126 1569 mal—

297 1607 406 1664 lem,
440 1623 571 1668 quam
609 1605 780 1661 videre,
812 1630 871 1638 —
905 1604 1103 1648 discessi.
1149 1603 1260 1649 lhid.
1292 1617 1341 1648 11.
1390 1620 1426 1649 c.
1461 1607 1531 1648 42.
1562 1607 1665 1648 108.
1729 1604 1943 1648 Kalendis
1979 1605 2131 1648 Iuniis

295 1701 431 1746 quum
461 1685 510 1727 in
553 1690 786 1734 senatum,
830 1691 881 1725 ut
910 1689 1003 1725 erat
1040 1683 1332 1727 constitutum
1351 1716 1363 1736 ,
1412 1684 1558 1726 venire
1595 1682 1837 1743 vellemus,
1880 1691 2000 1727 metu
2023 1700 2127 1744 per-

296 1762 448 1806 territi
490 1767 666 1821 repente
713 1759 991 1821 diff'ugimus.
1058 1762 1120 1805 Id.
1155 1761 1208 1805 ad
1257 1765 1349 1804 Att.
1379 1773 1456 1803 xv.
1491 1761 1564 1802 22.
1629 1759 1729 1820 Ego
1774 1767 1922 1803 antem
1963 1760 2127 1820 scripsi

296 1841 483 1882 Sextum
510 1836 770 1891 adventare,
803 1853 888 1881 non
915 1855 1000 1899 quo
1034 1839 1123 1882 iam
1156 1837 1355 1893 adesset,
1389 1836 1469 1880 sed
1494 1837 1603 1895 quia
1632 1844 1747 1881 certe
1779 1837 1831 1880 id
1859 1845 2038 1898 ageret,
2071 1837 2127 1881 ab

294 1917 517 1976 armisque
547 1914 702 1959 nullus
729 1914 983 1961 diseederet.
1038 1918 1187 1970 Certe,
1221 1916 1263 1958 si
1279 1915 1456 1975 pergit,
1491 1913 1651 1958 bellum
1671 1923 1883 1975 paratum
1913 1923 1992 1959 est.
2043 1916 2127 1958 Hic

294 2003 441 2038 autem
474 2001 623 2038 noster
658 1994 915 2055 Cytherius,
956 1995 1048 2039 nisi
1085 1995 1321 2048 victorem,
1355 1992 1568 2035 neminem
1606 1993 1838 2037 victurum.
1905 1993 2125 2037 mutan-211.

295 2072 379 2117 Cic.
413 2088 448 2116 c.
480 2076 551 2116 43.
584 2076 622 2115 1.
685 2073 866 2125 Εῧθύς
897 2067 983 2119 οὖν
1011 2072 1037 2118 o‘
1071 2071 1336 2124 Ἀντώνιος
1365 2072 1543 2132 ἐπῆρτο
1573 2075 1655 2116 καὶ
1685 2075 1807 2118 πᾶσι
1834 2070 1922 2131 μὲν
1949 2066 2005 2131 ἢν
2032 2089 2125 2131 φο·
2204 2096 2210 2130 ;

293 2149 431 2214 βερὸς
465 2149 533 2203 ὡς·
551 2151 888 2213 μοναρχήσων,
928 2153 992 2214 τῷ
1019 2151 1073 2199 δὲ
1103 2152 1350 2216 Κικέρωνι
1378 2150 1731 2213 φοβερώτατος.
1797 2153 2128 2214 ’Λναρρωννυ-
2204 2165 2210 2182 ³

292 2231 439 2293 μένην
481 2249 531 2277 τε
573 2234 659 2295 γάρ
705 2232 838 2296 αὐτῷ
871 2235 1020 2279 πάλιν
1065 2233 1191 2296 ὁρῶν
1228 2233 1310 2292 τήν
1350 2233 1560 2293 δύναμιν
1589 2230 1640 2276 ἐν
1681 2235 1736 2291 τῇ
1775 2234 2003 2295 πολιτείᾳ
2045 2237 2126 2278 καὶ

295 2321 398 2366 τοῖς
428 2315 538 2375 περὶ
564 2316 789 2374 Βροῦτον
822 2311 1105 2370 ἐπιτήδειον
1138 2311 1278 2365 εἰδὼς
1311 2312 1498 2370 ἤχθετο
1531 2313 1759 2374 παρόντι.

371 2426 457 2501 (¹⁰)
508 2425 761 2480 Kalendis
817 2425 1106 2480 Sextilibus
1154 2426 1247 2498 [ε.-
1284 2431 1310 2480 1
1346 2425 1489 2480 Sext.
1543 2424 1746 2499 (Aug.)]
1809 2424 1861 2478 L.
1898 2425 2017 2478 Piso
2071 2425 2124 2478 in

293 2536 512 2593 senatu,
553 2544 879 2599 quamquam
922 2527 1066 2580 nullo
1102 2528 1454 2591 assentiente,
1496 2528 1704 2598 primus
1739 2527 1794 2579 in
1833 2525 2124 2580 Antonium

293 2630 538 2684 invectus
578 2633 687 2688 est;
744 2627 831 2681 cui
879 2633 1059 2680 tamen
1105 2627 1332 2684 orationi
1367 2644 1469 2682 non
1519 2625 1765 2681 interfuit
1818 2627 2016 2680 Cicero·
2054 2644 2124 2679 nx.

294 2748 340 2784 o.
365 2733 454 2784 58.
493 2731 616 2782 109.

355 2830 438 2874 Cic,
473 2827 526 2872 ad
561 2828 770 2872 Att.xv1.
805 2829 844 2869 7.
864 2829 904 2869 5.
969 2826 1236 2871 Extremum
1268 2826 1391 2871 illud
1419 2825 1493 2871 vel
1513 2825 1877 2870 molestissimum
1908 2850 1981 2870 -.
2014 2827 2124 2870 Nam

295 2922 391 2954 XVI.
409 2907 510 2953 Kal.
529 2909 652 2968 Sept.
686 2909 768 2965 [z
784 2909 845 2950 17
869 2909 984 2950 Sext.
1018 2906 1199 2966 (Aug.)]
1232 2921 1366 2966 quum
1382 2906 1596 2950 venissem
1617 2905 1815 2960 Veliam,
1849 2905 2020 2947 Brutus
2047 2919 2127 2947 au·

234 3040 238 3044 ῃ
294 2987 420 3032 divit.
455 3012 515 3019 --
547 2984 743 3029 Pedibus
775 2983 836 3027 ad
863 2999 931 3026 me
972 2983 1142 3027 statim.
1175 3009 1235 3016 -
1267 2985 1462 3028 Maxime
1500 2990 1649 3027 (cutem
1685 2981 1884 3036 dolebat,
1926 2998 1993 3025 me
2024 2980 2124 3026 Kal.
2200 2999 2210 3038 -j

296 3067 421 3109 Sext.
459 3064 506 3107 in
533 3069 692 3107 senatu
723 3078 809 3108 non
841 3063 1014 3122 faisse.
1079 3063 1286 3108 Pisonem
1309 3062 1495 3121 ferebat
1519 3062 1568 3106 in
1599 3060 1781 3105 caelum.
1847 3059 1909 3103 ld.
1943 3059 1998 3103 ad
2031 3062 2124 3105 Cas·
2198 3066 2202 3070 “

295 3144 412 3188 sium
446 3143 520 3201 (ad
554 3145 672 3186 Fam.
700 3154 782 3186 XII.
815 3145 856 3186 2.
886 3145 949 3201 1.)
991 3143 1068 3185 Ita
1098 3157 1173 3185 nee
1201 3140 1388 3196 Pisoni,
1422 3141 1501 3201 qui
1532 3141 1579 3184 in
1607 3156 1705 3184 eum
1725 3138 1902 3199 primus
1928 3138 2125 3182 invectus
2196 3172 2199 3179 ,

296 3229 363 3266 est
395 3220 520 3265 nullo
547 3220 844 3277 assentiente,
877 3236 954 3264 nec
980 3219 1117 3275 mihi,
1148 3218 1229 3278 qui
1266 3217 1382 3262 idem
1414 3218 1635 3262 tricesimo
1663 3225 1769 3278 post
1801 3217 1872 3261 die
1905 3218 2020 3275 [erat
2048 3232 2123 3260 au·

295 3308 385 3344 tem
418 3313 480 3344 lv.
522 3300 626 3342 Non.
664 3301 780 3359 Sept.
809 3315 871 3342 Ξ
904 3302 932 3343 2
959 3303 1074 3361 Sept.
1107 3301 1166 3356 (v,
1213 3296 1326 3342 infra
1365 3314 1407 3342 n.
1441 3299 1537 3356 21.)
1582 3296 1610 3342 i.
1644 3311 1679 3340 e.
1710 3307 1858 3340 xxxu.
1891 3301 1986 3355 post
2022 3293 2122 3339 Kal.

296 3379 434 3435 Sext.]
466 3375 593 3434 feci,
632 3401 693 3409 —-
726 3384 823 3421 tato
855 3378 904 3422 in
945 3385 1148 3422 senatum
1185 3376 1331 3420 venire
1376 3374 1491 3419 lieet.
1556 3375 1621 3420 Id.
1666 3374 1846 3435 Philipp.
1874 3386 1904 3417 1.
1948 3389 1984 3417 c.
2014 3376 2054 3417 4.
2080 3375 2121 3417 9.

298 3456 398 3515 qu
447 3453 647 3498 celeriter
694 3454 860 3499 Veliam
893 3455 1125 3510 devectus,
1158 3454 1348 3497 Brutum
1379 3452 1578 3498 vidi,—.
1611 3454 1688 3497 Ea·
1715 3467 1800 3513 quo
1824 3451 2022 3512 primum
2056 3466 2124 3495 eo·

296 3532 457 3593 gnavi,
502 3548 613 3591 quae
640 3532 853 3577 Kalendis
882 3532 1130 3577 Sextilibus
1163 3533 1210 3576 in
1247 3540 1403 3576 senatu
1438 3531 1614 3589 fuisset
1653 3534 1700 3575 L.
1730 3530 1912 3574 Pisonis
1949 3530 2122 3574 oratio:
