2210 3970
284 271 390 323 780
747 281 1072 320 ANNALES
1131 280 1631 318 CICERONIANI.

285 414 370 473 τήν
395 413 570 474 βουλήν
597 411 827 475 συνήγαγε
856 414 935 456 καὶ
965 409 1148 472 βραχέα
1178 409 1414 468 διελέχθη
1445 414 1555 471 περὶ
1590 409 1814 471 ὁμονοίας
1835 447 1846 469 ,
1879 413 2098 474 Κικέρων

284 492 338 540 δὲ
372 494 526 539 πολλὰ
565 491 681 555 πρὸς
715 491 799 537 τὸν
833 489 1003 551 καιρὸν
1037 492 1224 541 οἰκείως
1261 487 1476 534 διελθὼν
1510 489 1673 535 ἔπεισε
1711 491 1794 548 τήν
1832 494 2099 555 σύγκλητον

284 574 582 630 ’Λθηναίους
620 570 951 632 μιμησαμένην
988 568 1255 629 ἀμνηστίαν
1289 570 1382 614 τῶν
1409 567 1490 614 ἐπὶ
1514 573 1730 631 Καίσαρι
1762 575 2101 630 ψηφίσασθαι.

282 650 347 699 Id.
380 655 502 695 Brut.
536 668 571 695 c.
592 653 663 694 19.
694 655 735 696 1.
801 651 869 696 Οὐ
900 651 991 710 μήν
1019 647 1142 693 ἀλλά
1170 652 1226 708 τῇ
1257 647 1487 711 ὑστεραίᾳ
1519 653 1601 708 τῆς
1629 649 1804 710 βουλῆς
1834 653 2105 696 συνελθοτζ“

284 746 371 787 σης
395 732 466 782 εἰς
503 729 558 774 τὸ
589 732 670 786 τῆς
697 733 801 787 Γῆς
835 729 995 792 ἱερὸν,
1026 730 1298 772 ’Λντωνίου
1325 726 1378 774 δὲ
1410 732 1491 775 καὶ
1521 732 1749 793 Πλάγκου
1778 733 1859 775 καὶ
1887 729 2106 790 Κικέρω-

284 824 364 859 νος
395 810 632 853 εἰπόντων
661 813 771 870 περὶ
806 808 1068 869 ἀμνηστίας
1101 809 1182 851 καὶ
1218 806 1473 867 ὁμονοίας,
1510 807 1641 859 ἔδοξε
1663 807 1730 868 μή
1761 809 1911 868 μόνον
1938 806 2105 865 ἄδειαν

283 884 414 934 εἶναι
449 897 553 941 τοῖς
586 888 846 950 ἀνδράσιν,
884 887 1004 932 άλλά
1036 889 1117 930 καὶ
1145 885 1330 948 γνώμην
1364 885 1484 949 ὑπὲρ
1516 888 1667 948 τιμῶν
1694 891 1955 950 προθεῖναι
1990 888 2107 939 τούς

285 966 515 1019 ὑπάτους.
583 968 657 1010 Dio
689 980 812 1011 XLIV.
845 982 881 1010 e.
911 969 983 1009 22.
1014 969 1055 1009 2.
1095 967 1148 1010 ‘O
1181 959 1267 1008 οὖν
1300 965 1743 1023 Ἀντώνιος-τήν
1773 984 1824 1013 τε
1857 970 2109 1030 γερουσίαν

286 1046 336 1099 ἐς
370 1046 426 1092 τὸ
471 1049 553 1103 τῆς
586 1048 690 1102 Γῆς
733 1044 927 1105 τέμενος
962 1043 1166 1104 ἤθροισε
1209 1045 1291 1088 καὶ
1333 1043 1520 1107 γνώμας
1565 1043 1686 1107 ὑπὲρ
1730 1047 1823 1092 τῶν
1865 1049 2109 1109 παρόντων

285 1125 575 1187 προέθηκεν.
611 1128 691 1169 καὶ
725 1119 866 1168 εἶπον
898 1121 1039 1167 ἄλλοι
1075 1140 1126 1167 τε
1151 1123 1299 1179 ἄλλα,
1333 1122 1396 1175 ὡς
1429 1121 1632 1176 ἕκαστος
1660 1126 1821 1171 αὐτῶν
1847 1125 2107 1189 ἐγίνωσκε,

284 1210 364 1252 καὶ
402 1205 427 1250 ὀ
451 1204 672 1265 Κικέρων
706 1204 844 1261 τάδε,
884 1195 1052 1264 οἷσπερ
1087 1207 1168 1248 καὶ
1200 1203 1516 1261 ἐπείσθησαν.
1550 1203 1651 1250 κτὲ.
1691 1207 1872 1248 Zonaras
1899 1217 1942 1249 x.
1975 1208 2106 1250 c.12.

279 1289 335 1332 ‘O
366 1283 418 1331 δὲ
463 1286 677 1345 Κικέρων
720 1283 1050 1345 δημηγορήσας
1101 1282 1263 1329 ἔπεισε
1301 1284 1482 1335 πάντας
1513 1283 1577 1343 μή
1621 1292 1934 1343 μνησικακεῖν
1969 1282 2110 1342 danvi-

282 1366 418 1421 λοις,
458 1362 580 1407 ἄλλα
628 1360 715 1406 κᾶν
756 1379 888 1407 τισιν
927 1360 1196 1425 ἡμάρτηταί
1231 1381 1308 1416 τι,
1356 1365 1675 1424 παρόψεσθαι
1720 1366 1899 1419 τοῦτο,
1935 1362 2013 1408 ἵνα
2044 1362 2110 1423 μή
2184 1381 2187 1385 ’

287 1443 522 1504 ἐμφύλιος
572 1437 724 1493 αὖθις
764 1441 956 1505 γένηται
1009 1445 1217 1503 πόλεμος
1256 1446 1338 1488 καὶ
1383 1443 1476 1488 τῶν
1522 1445 1735 1489 πολιτῶν
1775 1440 1982 1504 ὄλεθρος
2026 1441 2109 1488 ὑπ’
2188 1474 2200 1491 ι

284 1524 502 1582 ἀλλήλων
530 1521 830 1581 ὀλλυμένων,
869 1522 1134 1583 ὁμονοῆσαι
1169 1521 1222 1569 δὲ
1259 1521 1531 1584 ὁμοφύλους
1565 1523 1709 1576 ὄντας
1741 1524 1824 1567 καὶ
1855 1531 2114 1586 συγγενεῖς.

283 1609 365 1651 καὶ
398 1603 671 1666 προσέθετο
699 1603 802 1648 δεῖν
835 1607 916 1650 καὶ
959 1603 1018 1650 τά
1059 1604 1186 1664 παρὰ
1216 1606 1303 1648 τοὺ
1337 1606 1587 1665 Καίσαρος
1627 1601 1941 1664 πραχθέντα,
1971 1604 2021 1648 εἲ
2058 1619 2110 1649 τε

284 1684 336 1728 ἑν
370 1683 573 1746 δωρεαῖς
602 1683 630 1741 ἢ
661 1691 826 1744 τιμαῖς
852 1679 951 1730 εἷεν
986 1683 1090 1743 ἢέν
1129 1683 1331 1744 ἀρχαῖς,
1366 1681 1602 1740 φυλάξαι,
1631 1686 1712 1728 καὶ
1746 1684 1810 1743 μή
1845 1701 1894 1729 τι
1922 1685 2111 1730 τούτων

280 1765 738 1826 πολυπραγμονῆσαι
772 1763 801 1822 ἢ
831 1762 1113 1826 ἀνατρέψαι.
1148 1762 1437 1815 πεισθέντες
1476 1757 1564 1808 οὖν
1598 1763 1761 1826 αὐτῷ,
1801 1763 1966 1826 μηδενὶ
1998 1780 2111 1823 μνη·
2183 1799 2198 1827 4

278 1851 498 1891 σικακεῖν
519 1842 842 1903 ἐψηφίσαντο.

359 1972 423 2047 (⁷)
465 1973 765 2036 AntoniUS,
803 1970 945 2025 idem
980 1987 1035 2025 se
1073 1969 1203 2024 velle
1243 1970 1534 2036 simulans,
1575 1970 1903 2043 praeclaram
1923 1971 2114 2026 habuit
2187 2006 2191 2014 =

281 2073 346 2128 de
396 2070 689 2127 Concordia
727 2071 1056 2133 orationem,
1098 2069 1360 2142 factisque
1393 2070 1527 2126 hene
1565 2077 1618 2126 et
1656 2088 1685 2126 e
1725 2057 1997 2143 republica
2035 2088 2113 2127 se-

280 2171 703 2233 natusconsultis
742 2186 954 2227 omnem
990 2170 1239 2225 omnibus
1279 2171 1432 2226 bonis
1471 2177 1678 2227 metum
1719 2171 2001 2227 abstulisse
2039 2173 2116 2228 vi·

237 2330 254 2350 .
281 2292 373 2330 sus
412 2279 510 2327 est.
542 2289 611 2325 1x.
657 2289 702 2326 ο.
739 2275 826 2325 5¹5.
870 2276 993 2326 101.

345 2376 428 2420 cic.
463 2372 646 2433 Philipp.
678 2385 707 2419 Ι.
752 2387 788 2416 c.
815 2375 857 2417 1.
889 2375 931 2416 2.
997 2371 1239 2417 Praeclara
1278 2380 1373 2416 tum
1411 2373 1554 2417 oratio
1597 2375 1657 2418 M.
1683 2374 1897 2418 Antonii.-
1940 2374 2117 2435 egregia

286 2455 422 2498 etiam
447 2451 680 2496 voluntas.-
701 2466 802 2512 pax
830 2448 1015 2514 denique
1034 2467 1121 2510 per
1153 2466 1250 2494 eum
1279 2457 1323 2494 et
1341 2466 1428 2511 per
1460 2450 1620 2495 liberos
1643 2452 1740 2495 eius
1767 2468 1866 2496 cum
1880 2459 2116 2512 praestan-

286 2531 478 2575 tissimis
511 2528 678 2572 civibus
710 2527 976 2587 confirmata
1018 2537 1100 2573 est.
1162 2531 1307 2590 Atque
1348 2529 1419 2573 his
1455 2528 1698 2590 principiis
1737 2528 1913 2589 reliqua
1940 2543 2118 2573 consen·

287 2609 468 2653 tiebant.
500 2632 561 2640 —
593 2604 816 2648 Assentiri
842 2605 975 2647 etiam
1007 2621 1086 2648 nos
1114 2608 1214 2650 Ser.
1249 2606 1478 2668 Sulpicio,
1512 2606 1760 2650 clarissimo
1793 2607 1917 2663 viro,
1949 2607 2117 2663 voluit,
2167 2653 2170 2658 ,

285 2705 340 2732 ne
367 2704 456 2748 qua
482 2684 636 2730 tabula
662 2690 768 2744 post
804 2681 916 2724 Idus
942 2683 1136 2726 Martias
1172 2682 1316 2727 ullius
1353 2683 1520 2728 decreti
1564 2685 1766 2728 Caesaris
1807 2693 1888 2729 aut
1915 2685 2120 2746 beneficii

290 2765 516 2827 figeretur.
551 2790 607 2796 —-
642 2763 927 2805 Dictaturam
946 2794 959 2816 .,
1003 2777 1115 2821 quae
1153 2762 1241 2804 vim
1277 2762 1369 2805 iam
1410 2762 1559 2823 regiae
1583 2764 1828 2823 potestatis
1860 2763 2117 2823 obsederat,

280 2843 503 2903 funditus
534 2858 590 2885 ea·
621 2839 847 2901 republica
890 2839 1092 2883 sustulit.
1127 2864 1187 2871 —
1219 2855 1254 2883 c.
1285 2842 1327 2884 2.
1353 2843 1395 2884 5.
1460 2841 1696 2885 Liberatus
1732 2840 1881 2884 caedis
1914 2841 2118 2902 periculo

281 2922 446 2984 paucis
470 2927 579 2981 post
610 2918 764 2962 diebus
795 2925 1008 2961 senatus:
1051 2931 1192 2959 uncas
1227 2917 1452 2978 impactus
1495 2926 1565 2963 est
1586 2920 1792 2981 fugitivo
1823 2919 1927 2975 illi,
1960 2920 2040 2980 qui
2069 2920 2118 2964 in

2203 2985 2210 2996 a,
2196 2948 2210 2970 ξ.
2193 2802 2210 2942 3}‚,1:„⁴'''

238 3040 241 3043 .
295 3003 340 3045 C.
369 2999 505 3043 Marii
529 3014 682 3042 nomen
714 2997 950 3040 invaserat.
983 3011 1017 3039 c,
1039 2998 1110 3038 13.
1144 2998 1215 3039 31.
1285 2998 1348 3040 Tu
1377 3004 1556 3053 autem,
1587 3000 1645 3042 M.
1664 2999 1828 3042 Antoni
1844 3031 1857 3054 .,
1890 3025 1950 3033 -
1981 3014 2118 3042 unum

288 3078 420 3122 illum
453 3076 592 3131 diem,
625 3090 710 3135 quo
747 3076 795 3119 in.
823 3074 927 3118 aede
965 3073 1155 3117 Telluris
1184 3081 1366 3117 senatus
1398 3073 1536 3132 fuit,
1567 3090 1654 3119 non
1681 3076 1880 3119 omnibus
1912 3077 1974 3120 iis
2002 3080 2118 3120 men-

287 3157 444 3213 sibus,
487 3154 648 3215 quibus
694 3160 737 3196 te
790 3152 1003 3213 quidam,
1052 3151 1242 3195 multum
1274 3169 1302 3195 a
1347 3167 1415 3195 ‘me
1457 3151 1797 3208 dissentientes,
1832 3153 2004 3197 beatum
2028 3170 2118 3214 pa-

292 3243 420 3292 tant,
463 3233 733 3294 anteponis?
785 3232 906 3289 Quae
934 3230 1041 3290 fuit
1081 3230 1224 3273 oratio
1257 3229 1309 3273 de
1339 3229 1606 3274 concordia!
1649 3238 1814 3291 quanto
1846 3238 1964 3274 metu
2003 3238 2115 3274 vete·
2194 3242 2204 3274 J

290 3314 420 3369 rani,
453 3319 622 3373 quanta
651 3308 954 3354 sollicitudine
985 3308 1145 3351 civitas
1178 3315 1273 3350 tum
1305 3325 1333 3351 a
1360 3315 1404 3352 te
1437 3307 1624 3351 liberata
1654 3312 1754 3352 est!
1787 3334 1845 3343 —-
1878 3309 2114 3364 Proximo,

291 3391 462 3446 altero‚
506 3391 637 3433 tertio
656 3422 668 3444 ‚
714 3388 901 3448 deniesue
943 3387 1131 3447 reliquis
1171 3386 1416 3429 consecutis
1459 3386 1635 3443 diebus,
1680 3402 1766 3430 non
1794 3386 2116 3430 intermittebas

293 3469 426 3531 quasi
450 3467 607 3511 donum
635 3466 821 3527 aliquod
855 3464 1054 3526 quotidie
1081 3463 1243 3524 afferre
1269 3464 1549 3525 reipublicae.
1615 3465 1858 3508 Maximum
1883 3471 2030 3507 autem
2060 3463 2116 3507 il·

296 3546 400 3604 lud,
436 3545 552 3610 qaod
589 3544 836 3597 dictaturae
875 3560 1026 3588 nomen
1070 3541 1313 3586 sustulisti.
1369 3541 1478 3589 lhid.
1511 3555 1558 3587 11.
1594 3559 1630 3587 c.
1660 3545 1730 3587 36.
1766 3544 1836 3587 91.
1903 3540 2023 3587 Idem
2056 3567 2114 3582 2-
