2210 3970
232 219 336 271 412
791 233 1035 274 -c1cnno
1084 236 1151 272 ni:
1203 235 1338 275 vt'rA
1387 236 1490 275 son

222 366 405 423 eadem
452 383 673 431 caussa,
728 369 782 423 in
833 387 939 442 qua
990 387 1085 440 ego
1138 369 1386 434 fuissem,
1440 387 1544 426 non
1594 373 1649 426 in
1697 372 2049 431 eademesse

221 466 461 521 fortuna:
516 484 614 521 nec
659 467 793 523 mihi
839 469 1158 541 persuadere
1205 475 1473 540 poteram,
1517 486 1629 525 nec
1676 469 1755 526 fas
1788 461 1910 528 ‘esse
1929 475 2044 530 ,ἀα-

217 567 430 631 cebam,
480 568 683 622 versari
717 585 803 623 me
837 570 892 623 in
933 576 1115 623 nostro
1146 575 1326 623 vetere
1365 569 1664 634 curriculo,
1705 570 2043 627 illoaemulo

218 673 382 740 atque
438 667 707 723 imitatore
764 668 1067 723 studiorum
1127 686 1188 723 ac
1246 668 1486 724 laborum
1527 685 1795 724 .meorum
1817 713 1831 735 ,
1891 674 2046 743 quasi

217 768 448 841 quodam
500 770 643 823 socio
677 786 719 823 a
769 785 856 824 me
906 776 960 823 et
1004 752 1517 824 comite'distracto.
1608 771 1790 842 Ergo¹
1838 772 1917 826 sic
1949 771 2046 827 ,fac

220 868 530 924 existimes:
586 874 705 939 post
762 867 858 922 has
915 869 1194 932 miseriaS,
1253 868 1308 922 id
1366 875 1483 933 est,
1541 876 1823 942 postquam
1853 872 2052 926 larmis-

219 967 507 1039 disceptari
546 974 794 1039 coeptum
840 969 912 1021 sit
953 968 1019 1022 de
1063 969 1182 1022 iure
1232 967 1474 1039 publico,
1525 969 1660 1024 nihil
1704 988 1819 1026 esse
1864 979 2045 1027 actum

207 1063 367 1120 aliud
405 1082 530 1121 cum
569 1065 861 1137 dignitate,
915 1067 1020 1120 nisi
1072 1066 1137 1121 de
1175 1065 1338 1121 huius
1383 1067 1572 1123 salute.
1663 1069 1798 1125 Nam
1837 1078 1892 1125 et
1936 1072 2056 1143 ipse>

218 1165 440 1231 Caesar,
479 1173 730 1222 accusata
769 1166 1060 1222 acerbitate
1098 1166 1364 1232 Marcelli,
1405 1168 1688 1242 (sicenim
1720 1170 2058 1243 appellabat)-

217 1266 541 1339 laudataque
572 1266 1110 1324 honorificentissime
1143 1274 1197 1324 et
1234 1270 1592 1341 aequitateet
1618 1270 1906 1343 prudentia
1935 1270 2056 1325 Sul-

222 1368 350 1442 picii
371 1409 387 1431 ,
437 1372 658 1439 repente
707 1374 920 1440 praeter
971 1385 1119 1440 spem
1173 1367 1338 1433 dixit,
1391 1387 1446 1424 se
1492 1371 1693 1424 semlai
1741 1371 1947 1444 royanti
1989 1371 2058 1426 de-

222 1466 474 1525 Marcello
522 1485 586 1522 ne
637 1466 861 1522 hominis
913 1468 1124 1540 quidem
1175 1485 1356 1524 caussa
1406 1477 1732 1541 neqaturum.
1811 1470 2056 1529 ,Fecerat

224 1574 407 1643 autem
451 1567 551 1623 hoc
603 1574 859 1633 senatu8,
907 1574 1005 1633 ut,
1057 1585 1225 1642 quum
1276 1586 1309 1624 a
1346 1569 1404 1625 L.
1426 1570 1618 1626 Pisone
1661 1571 1866 1626 mentio
1906 1577 2056 1627 esset

225 1652 368 1748 facta
407 1667 473 1723 de
515 1667 764 1725 Marcello
783 1710 798 1733 ,
851 1675 905 1723 et
955 1685 1124 1740 quum
1162 1669 1218 1724 C.
1253 1669 1537 1726 Marcellus
1586 1686 1645 1726 se
1689 1669 1757 1726 ad
1809 1669 2054 1727 Caesaris

223 1769 384 1856 pedes
423 1769 732 1833 abiecisset,
771 1775 1003 1824 cunctus
1035 1777 1386 1842 consurgeret
1423 1777 1478 1852 et
1515 1769 1583 1826 ad
1621 1770 1901 1827 Gaesarem
1931 1787 2059 1844 sup-

223 1860 345 1943 plex
383 1869 676 1926 accederet.
769 1868 886 1924 Noli
932 1886 1237 1941 quaerere:
1259 1871 1336 1925 ita
1384 1869 1519 1925 mihi
1557 1869 1783 1943 pulcher
1814 1869 1903 1927 hic
1941 1871 2055 1928 dies

222 1972 371 2026 visus
417 1976 523 2034 est,
582 1976 645 2024 ut
694 1970 927 2042 speciem
967 1969 1203 2042 aliquam
1247 1968 1461 2025 viderer
1497 1968 1680 2025 videre
1717 1971 1874 2042 quasi
1918 1973 2056 2027 revi-

221 2071 479 2127 viscentis
523 2069 868 2143 reipublicae.
967 2075 1056 2126 41.
1097 2072 1288 2143 Itaque
1339 2087 1508 2142 quum
1559 2086 1745 2126 omnes
1789 2076 1939 2148 ante·
1971 2088 2059 2127 me

226 2172 400 2245 rogati
432 2171 636 2243 gratias
668 2171 881 2226 Caesari
903 2172 1139 2243 egissent
1170 2176 1385 2244 praeter
1418 2169 1745 2234 Volcatium,
1787 2170 1856 2243 (is
1887 2171 2057 2237 enim,

222 2272 269 2329 si
307 2290 368 2330 eo
406 2272 521 2328 loco
560 2278 728 2336 esset,
781 2273 1000 2344 negavit
1034 2289 1093 2327 se
1133 2270 1405 2329 facturum
1452 2269 1639 2344 fuisse)
1703 2288 1800 2342 ego
1839 2278 2058 2343 rogatus

223 2375 430 2429 mutavi
467 2391 650 2430 meum
683 2373 984 2430 consilium.
1063 2372 1198 2429 Nam
1239 2378 1566 2437 statueram,
1606 2389 1712 2428 non
1750 2371 2057 2436 mehercule

223 2475 447 2547 inertia,
499 2474 592 2529 sed
627 2474 908 2530 'desiderio
958 2475 1219 2546 pristinae
1262 2474 1579 2545 dignitati&
1631 2475 2058 2547 inperpetuum

223 2581 419 2631 tacere.
497 2575 683 2646 Fregit
723 2574 1034 2629 hoc'meum
1068 2573 1352 2629 consilium
1385 2580 1440 2630 et
1471 2573 1712 2630 Caesaris
1743 2574 2062 2646 magnitudo

226 2675 413 2732 animi*
444 2681 499 2730 et
526 2714 530 2719 -
555 2680 774 2730 senatus
826 2673 1080 2729 officium.
1179 2673 1310 2729 Sic²
1369 2673 1615 2729 diuturni
1641 2674 1903 2740 ·silentii,
1955 2692 2060 2747 quo

226 2792 375 2832 eram
407 2773 862 2847 his'temporihus
895 2791 1026 2829 usus
1048 2816 1061 2839 ‚
1103 2773 1264 2828 finem
1303 2773 1456 2830 hicce
1495 2774 1609 2851 digs
1641 2774 1853 2839 attulit,
1894 2775 2059 2832 idem·

228 2894 333 2950 que
384 2877 603 2932 initium
625 2918 641 2943 ‚
699 2893 837 2949 quae
857 2895 860 2900 ·
882 2875 1072 2931 vellem
1093 2918 1107 2940 ,
1161 2892 1403 2947 quaeque
1450 2877 1736 2941 sentirem,
1789 2893 1907 2931 meo
1953 2878 2058 2948 pri-

228 2978 372 3032 stino
422 2993 572 3032 more
624 2974 852 3030 dicendi.
941 2976 1168 3030 Tantam
1209 2976 1353 3030 enim
1392 2976 1897 3042 mansuetudinem,
1949 2983 2060 3032 tam

229 3078 543 3133 inusitatam
597 3076 1005 3149 inauditamque
1049 3075 1421 3142 clementiam,
1474 3082 1689 3132 tantum
1742 3077 1797 3130 in
1849 3094 2060 3132 summa

229 3183 492 3251 potestate
521 3193 707 3232 rerum
741 3177 982 3231 omnium
1006 3175 1249 3241 modum,
1290 3183 1402 3231 tam
1432 3176 1661 3247 denique
1694 3175 2061 3232 incredibilem

235 3278 550 3350 sapientiam
584 3293 646 3331 ac
686 3293 853 3348 paene
887 3275 1124 3330 divinam
1163 3278 1361 3331 tacitus
1400 3277 1694 3348 praeterire
1732 3276 1877 3331 nullo
1908 3278 2063 3332 modo

301 3458 336 3515 ¹)
371 3455 505 3517 Epist.
541 3455 594 3501 ad
628 3460 740 3502 Serv.
781 3455 1022 3518 Sulpicium
1063 3457 1135 3514 (ad
1179 3459 1296 3502 Fam.
1338 3460 1410 3503 IV.
1455 3460 1493 3501 4.
1528 3458 1642 3516 §3.)
1685 3484 1742 3491 —
1784 3461 1822 3518 ²)
1851 3473 1926 3519 pro
1958 3461 2063 3503 Mar-

239 3533 346 3579 cello
377 3537 471 3579 c.1.
506 3535 589 3591 §L
