2150 3990
356 200 407 255 L.
435 201 522 256 111.
566 219 608 254 c.
636 199 818 256 xxxi.
861 199 900 272 S
926 203 993 253 97
1034 229 1109 239 —-
1147 216 1191 253 c.
1219 200 1427 255 xxxii.
1471 201 1509 274 S
1539 206 1658 256 101.
1833 206 1933 256 145

150 357 236 409 99.
317 352 490 417 Haec,
525 351 732 410 tardata
764 350 858 407 diu
890 353 1124 423 species,
1164 350 1507 423 multumque
1538 359 1740 407 morata
1766 391 1777 413 ,

260 453 477 509 consule
510 459 563 508 te
594 452 808 508 tandem
847 450 988 506 celsa
1020 457 1102 506 est
1141 452 1195 506 in
1235 451 1360 507 sede
1392 451 1589 508 locata:

255 559 419 624 atque
450 569 556 608 una
590 553 682 608 fixi
721 570 781 609 ac
815 553 1011 624 signati
1045 552 1307 623 temporis
1343 550 1474 606 hora

258 652 497 724 Iuppiter
528 653 736 709 excelsa
769 651 1005 709 clarabat
1042 658 1253 723 sceptra
1288 650 1560 706 columna:

255 757 312 806 et
344 751 522 807 clades
560 755 765 824 patriae
784 794 801 818 ,
841 752 1058 813 flamma
1090 750 1338 823 ferroque
1370 759 1554 823 parata
1578 795 1591 815 ‚

257 850 477 909 vocibus
508 852 852 923 Allobrogum
885 853 1129 927 patribus
1157 850 1458 924 populoque
1488 850 1718 923 patebat

257 950 378 1007 Rite
412 951 580 1023 igitur
606 959 841 1018 veteres,
879 968 1111 1025 quorum
1143 956 1492 1006 monumenta
1526 951 1720 1005 tenetis
1742 993 1754 1013 ,

256 1052 351 1122 qui
390 1051 610 1124 populos
642 1052 908 1125 urbesque
940 1051 1096 1108 modo
1139 1068 1201 1106 ac
1242 1052 1444 1106 virtute
1475 1050 1760 1121 regebant,

257 1151 360 1207 rite
387 1151 551 1207 etiam
590 1153 785 1217 vestri,
826 1168 1055 1223 quorum
1088 1153 1366 1223 pietasque
1398 1150 1634 1222 fidesque
1752 1128 1767 1144 ⁹

255 1251 526 1323 praestitit
566 1259 619 1306 et
651 1251 806 1321 longe
838 1251 970 1304 vicit
1002 1251 1265 1322 sapientia
1304 1257 1555 1314 cunctoS‚

255 1350 541 1423 praecipue
573 1349 785 1406 coluere
813 1350 1015 1419 vigenti
1046 1349 1267 1404 numine
1299 1347 1464 1403 divos.

178 1552 395 1619 XXXII..
456 1557 580 1611 100.
605 1553 901 1621 Quoniam¹
933 1554 1102 1623 igitur
1122 1591 1136 1617 ,
1157 1559 1219 1607 ut
1239 1552 1383 1616 dixi,
1404 1551 1725 1624 supplicatio
1751 1551 1929 1607 decre*

76 1660 160 1721 ,ta
178 1659 295 1710 erat
314 1651 382 1710 ad
404 1653 583 1709 omnia
614 1652 947 1726 pulvinaria,
986 1653 1132 1708 cives
1164 1668 1350 1709 omnes
1371 1653 1504 1708 iussi
1525 1651 1795 1708 celebrare
1815 1652 1932 1708 illos

96 1753 216 1812 dies
233 1770 360 1811 cum
379 1753 700 1826 coniugibus
724 1770 787 1809 ac
807 1752 992 1810 liberis
1013 1755 1145 1810 suis·
1193 1754 1328 1810 Nam
1349 1754 1507 1810 multi
1525 1770 1683 1827 saepe
1704 1753 1932 1810 honores

94 1852 639 1911 diis-2immortalibus
672 1854 804 1911 iusti
848 1854 1017 1910 hahiti
1062 1861 1193 1911 sunt
1223 1871 1289 1910 ac
1321 1854 1525 1920 debiti,
1564 1853 1657 1910 sed
1689 1853 1926 1927 profecto

95 1954 346 2011 iustiores
385 1969 699 2027 numquam.
758 1954 946 2026 Erepti
984 1962 1139 2012 erant
1177 1955 1322 2011 cives
1360 1973 1427 2012 ex
1458 1954 1832 2011 crudelissimo
1863 1970 1926 2009 ac

28 2073 57 2083 ⁶
90 2054 399 2126 miserrimo
443 2055 703 2120 interitu,
759 2061 814 2111 et
850 2057 1021 2127 erepti
1061 2056 1178 2111 sine
1215 2055 1379 2111 caede
1399 2097 1413 2119 ‚
1471 2056 1589 2111 sine
1627 2055 1890 2125 sanguine
1911 2097 1924 2115 ‚

93 2156 208 2210 sine
228 2155 503 2221 exercitu,
539 2155 657 2210 sine
687 2154 1064 2211 dimicatione:
1105 2157 1303 2227 togati,
1343 2171 1431 2210 me
1451 2171 1559 2210 uno
1578 2162 1761 2226 togato
1785 2154 1922 2210 duce

88 2262 150 2310 et.
187 2255 538 2326 imperatore,
590 2254 848 2310 vicerant.
933 2259 1055 2310 101.
1097 2255 1312 2310 Etenim
1354 2253 1700 2310 recordemur
1735 2272 1922 2310 omnes

87 2334 270 2410 cwiles
321 2353 679 2410 dissensiones
699 2397 714 2420 ,
774 2370 947 2427 neque
1004 2355 1175 2410 solum
1229 2371 1343 2419 eaS,
1402 2371 1536 2427 quas
1575 2355 1916 2417 audivimus,

89 2455 181 2510 sed
233 2462 287 2511 et
319 2454 444 2520 haS,
505 2471 639 2527 quas
691 2456 1005 2527 nosmetipsi
1054 2456 1402 2511 meminimus
1454 2462 1615 2527 atque
1668 2456 1917 2510 vidimus,

74 2555 140 2610 L.
164 2554 312 2611 Sulla
350 2554 406 2609 P.
432 2553 732 2627 Sulpicium
766 2556 1057 2628 oppressit:
1099 2573 1164 2610 ex
1198 2554 1338 2611 Urbe
1370 2557 1530 2610 eiecit
1561 2557 1614 2610 C.
1659 2557 1917 2619 Marium,

74 2655 360 2725 custodem
393 2655 556 2711 huius
589 2655 740 2710 urbis
763 2699 776 2719 ‚
817 2657 1121 2729 multosque
1157 2657 1319 2711 sortes
1360 2659 1504 2711 viros
1530 2659 1729 2729 partim
1761 2659 1919 2711 eiecit

32 2757 438 2826 extcivitate,
477 2757 676 2828 partim
717 2758 1008 2812 interemit.
1089 2758 1181 2813 Cn.
1225 2757 1478 2813 Octavius
1526 2758 1711 2812 consul
1750 2760 1917 2812 armis

34 2890 35 2893 =
71 2851 147 2922 {ex
181 2857 320 2914 Urbe
358 2856 618 2928 collegam
657 2874 816 2913 suum
861 2858 1100 2930 expulit:
1155 2874 1312 2912 omne
1357 2857 1531 2912 forum
1567 2859 1774 2912 acervis
1805 2876 1918 2912 cor·

62 2939 275 3033 [giorum
328 2963 382 3012 et
421 2957 623 3012 civium
652 2959 938 3032 ‘sanguine
992 2959 1330 3014 redundavit.
1413 2960 1698 3030 Superavit
1736 2966 1917 3030 postea

77 3057 251 3115 „Cinna
283 3054 409 3112 cum
443 3058 625 3115 Mario.
707 3058 847 3112 Tum
875 3075 1030 3122 vero,
1070 3059 1388 3114 clarissimis
1421 3060 1553 3112 viris
1587 3058 1915 3122 intersectis,

72 3154 290 3218 *lumina
321 3159 560 3213 civitatis
605 3160 873 3214 exstincta
911 3167 1056 3214 sunt.
1138 3160 1291 3215 Ultus
1330 3166 1412 3213 est
1451 3159 1614 3214 huius
1662 3161 1919 3215 victoriae

68 3254 459 3343 'grudelitatem
493 3267 676 3332 postea
717 3260 897 3315 Sulla:
940 3279 1006 3317 ne
1027 3261 1134 3315 dici
1156 3260 1373 3331 quidem
1395 3277 1528 3331 opus
1561 3269 1677 3327 est,
1717 3270 1917 3334 quanta

138 3504 188 3559 ,1)
219 3501 264 3545 in
298 3500 420 3546 Catil.
458 3505 532 3546 lll.
555 3518 588 3546 ο.
620 3508 686 3547 10.
724 3505 836 3560 §23

1586 3582 1644 3628 10
