2210 3970
496 196 687 251 L.v11.
730 195 928 251 e.xv1.
971 194 1010 268 §
1037 198 1104 249 44
1146 224 1220 233 ——
1258 211 1304 248 e.
1329 193 1489 250 xv11.
1531 194 1571 267 S
1598 200 1682 250 46.
1890 200 1991 251 511

179 354 500 413 maturaret,
517 348 762 403 hortatus
777 363 914 402 suni.
951 345 1185 401 Deiotari
1209 350 1224 382 ¹
1256 345 1427 416 regiS,
1449 352 1503 400 et
1522 345 1692 417 patris
1711 351 1765 399 et
1786 345 1906 408 filii,
1945 352 2000 400 et

179 465 408 520 magnus
437 454 491 506 et
518 455 701 504 nostro
730 464 877 504 more
905 448 1203 503 instructus
1232 445 1527 507 exereitus:
1558 461 1773 500 summa
1806 445 1861 500 in
1895 446 2002 499 filio

179 567 323 622 speS‚
337 564 549 606 summa
570 549 774 620 ingenii
796 547 999 604 indoles
1013 589 1028 612 ,
1043 562 1362 618 summaque
1382 547 1574 601 virtus.
1604 545 1746 614 Quid
1765 545 1831 601 de
1850 552 2002 618 patre

178 647 389 705 dicam?
426 649 582 703 cuius
610 647 977 703 benevolentia
1006 647 1060 702 in
1093 646 1349 721 populum
1378 646 1680 702 Romanum
1719 653 1803 703 est
1834 646 2005 718 ipsius

179 747 415 821 aequalis
435 746 598 802 aetati
615 767 627 803 ε
643 736 743 820 'qui
766 765 870 802 non
893 747 1064 803 solum
1091 747 1270 803 socius
1291 745 1677 821 imperatorum
1699 751 2006 801 nostrornm

179 847 282 904 suit
315 847 370 902 in
405 846 557 902 bellis
578 888 593 912 ,
626 863 813 901 verum
836 847 998 903 etiam
1020 845 1129 903 dux
1161 848 1436 922 copiarum
1476 864 1718 904 suarum.
1772 847 1919 915 Quae
1940 845 2007 901 de

178 947 268 1004 illo
300 947 416 1002 viro
456 945 602 1003 Sulla
623 934 640 1012 ,’
673 928 815 1019 'quae
855 948 1100 1015 Murena,
1139 966 1276 1024 quae
1317 948 1604 1015 Servilius»,
1643 964 1781 1021 quae
1819 946 2009 1003 Lucul-

176 1048 261 1107 lus
281 1089 296 1115 ,
347 1063 512 1120 quam
550 1054 738 1107 ornate
758 1090 774 1114 ,
813 1065 975 1120 quam
1015 1048 1337 1115 honorifice,
1368 1065 1538 1122 vquam
1578 1048 1816 1121 graviter
1853 1051 2011 1119 saepe

179 1151 236 1207 in
261 1154 470 1209 isenatu
517 1148 989 1222 praedicaverunt!
1068 1150 1210 1219 Quid
1253 1150 1320 1207 de
1357 1150 1450 1207 Cn.
1485 1150 1737 1223 Pompeio
1785 1147 2010 1221 loquar?

180 1251 274 1324 qui
312 1266 486 1309 unum
524 1250 837 1310 Deiotarum
872 1251 929 1307 in
962 1258 1074 1306 toto
1106 1251 1234 1307 orbe
1266 1258 1540 1308 terrarum
1569 1267 1636 1306 ex
1669 1251 1851 1306 animo
1879 1251 2011 1304 ami·

179 1367 305 1409 oum
359 1365 589 1422 vereque
638 1347 985 1413 benevolum,
1044 1365 1216 1405 unum
1269 1348 1480 1406 fidelem
1530 1348 1725 1422 populo
1775 1348 2016 1405 Romano

179 1449 454 1509 iudicavit.
529 1448 663 1508 Mihi
684 1454 706 1487 ²
751 1448 922 1521 igitur
959 1464 1084 1505 eum
1129 1449 1380 1506 Deiotaro
1417 1451 1698 1515 convenit,
1738 1455 1800 1505 ut
1832 1449 1921 1507 ille
1960 1451 2016 1504 in

180 1551 319 1613 meis
344 1551 544 1610 eastris
575 1556 718 1609 esset
748 1566 875 1608 eum
896 1550 1011 1607 suis
1036 1550 1207 1623 copiis
1238 1550 1507 1607 omnibus.
1567 1550 1807 1609 Habebat
1831 1558 2014 1608 antem

181 1650 428 1711 cohortes
478 1649 962 1725 quadringenarias
1013 1657 1199 1708 nostra
1248 1658 1529 1710 armatura
1583 1668 1714 1717 xxx,
1770 1652 2014 1724 equitum

180 1767 385 1818 meio„
443 1753 539 1811 ⁴6»
578 1750 758 1820 Quum
778 1756 800 1792 ⁸
850 1757 1034 1808 autem
1085 1750 1154 1807 ad
1198 1751 1448 1827 Cybistra
1492 1759 1711 1826 propter
1752 1753 2016 1808 rationem

181 1851 308 1912 boui
335 1853 578 1927 quinque
607 1852 724 1911 dies
749 1869 923 1910 essem
945 1860 1333 1919 commoratus,
1366 1870 1549 1927 regem
1578 1853 2019 1918 Ariobarzanen,

183 1954 342 2014 euius
366 1953 626 2013 -snlutem
675 1970 707 2010 a
752 1960 946 2011 senatu
960 1996 976 2020 ,
1032 1961 1253 2012 auctore
1297 1955 1497 2012 Catone
1516 1997 1532 2021 ,
1588 1954 2018 2016 commendatam

185 2052 483 2122 bbebam,
537 2054 911 2128 praesentibus
968 2055 1182 2111 insidiis
1239 2072 1340 2112 nee
1395 2057 1704 2129 opinantem
1761 2054 2021 2112 liberavi:

186 2136 361 2228 neque
386 2153 566 2218 nolum
595 2155 648 2210 ei
676 2153 843 2211 saluti
868 2154 974 2220 fui,
1011 2155 1107 2211 sed
1132 2156 1298 2213 etiam
1330 2157 1547 2222 curavi,
1586 2163 1650 2212 ut
1680 2173 1807 2214 eum
1841 2162 2022 2211 aueto-

185 2255 348 2311 ritate
389 2259 670 2327 regnarem
759 2253 984 2311 Metram
1000 2297 1014 2319 ,
1065 2262 1122 2311 et
1158 2273 1282 2312 eum
1305 2299 1322 2323 ‚
1360 2274 1523 2330 quem
1561 2257 1691 2313 Cato
1728 2256 1863 2312 mihi
1902 2256 2022 2311 dili·

187 2361 378 2427 geum
414 2353 851 2420 commendarat,
908 2354 1245 2413 Athenaeum
1266 2398 1282 2422 ,
1321 2357 1732 2430 importunitate
1770 2357 2022 2414 Athenai·

189 2454 273 2513 die
299 2515 302 2522 Δ
329 2454 518 2514 exsilio
574 2454 864 2512 mulctatos
885 2497 900 2520 ,
968 2456 1204 2512 maxima
1260 2457 1403 2531 apud
1460 2474 1643 2530 regem
1700 2459 2025 2515 auctoritate

186 2556 472 2630 gratiaque
498 2556 780 2612 constitui.
859 2555 1147 2630 Quumque
1185 2574 1444 2631 magnum
1490 2559 1688 2616 bellum
1728 2560 1785 2615 in
1823 2560 2020 2633 Cappa·

188 2655 343 2717 dmin
385 2655 752 2715 concitaretur
766 2697 780 2720 ‚
835 2657 885 2712 si
928 2658 1181 2714 sacerdos
1231 2661 1402 2716 armis
1446 2676 1505 2715 se
1525 2703 1540 2725 ,
1590 2660 1733 2734 quod
1779 2660 2025 2716 facturus

191 2755 512 2830 putabatur,
535 2813 537 2815 ,
563 2754 901 2823 defenderet,
951 2758 1261 2817 adolescens
1299 2768 1356 2817 et
1392 2762 1639 2834 equitatu
1677 2770 1734 2818 et
1782 2761 2025 2835 peditatu

194 2863 249 2915 et
273 2857 503 2930 pecunia
531 2863 755 2930 :paratus
787 2865 1033 2916 actutum
1055 2861 1154 2927 iis,
1192 2863 1287 2935 qui
1317 2864 1502 2919 novari
1522 2862 1726 2935 aliquid
1753 2862 2027 2925 volebant;

196 2957 432 3031 perfeci,
488 2964 551 3014 ut
595 2974 626 3015 e
663 2975 830 3030 regno
871 2959 960 3017 ille
998 2961 1327 3030 discederet,
1379 2981 1581 3037 rexque
1624 2965 1742 3019 sine
1786 2964 2026 3020 tumultu

195 3075 258 3115 ae
289 3059 407 3115 sine
437 3044 633 3124 armiS,
671 3061 818 3115 omni
851 3064 1175 3121 auctoritate
1209 3066 1362 3121 aulae
1394 3066 1757 3130 communita,
1796 3082 2022 3138 regnum

192 3176 323 3217 eum
362 3159 627 3232 dignitate
667 3159 948 3217 obtineret.
1047 3205 1059 3218 2

267 3429 304 3486 ¹)
337 3426 518 3490 Philipp.
546 3431 619 3474 xl.
647 3446 683 3474 c.
705 3431 773 3473 13.
810 3430 925 3487 §33.
961 3457 1017 3465 —
1052 3436 1088 3492 ²)
1121 3434 1171 3479 ad
1202 3438 1293 3477 Ait.
1326 3435 1393 3478 vl.
1434 3437 1471 3477 1.
1507 3436 1621 3491 §14-
1656 3462 1712 3470 —-
1746 3439 1786 3494 5)
1825 3436 2027 3498 Epist.ad

207 3506 258 3549 M.
283 3508 424 3551 Caton.
459 3506 532 3564 (ad
563 3510 679 3551 Fam.
708 3509 793 3552 XV.
825 3511 863 3552 4.
900 3510 1006 3567 §6.)
