2150 3990
222 215 294 265 88
802 225 1011 267 niceno
1058 228 1127 264 ni:
1180 225 1313 264 vm
1360 224 1466 264 sus

226 362 395 423 vitae,
438 374 619 424 nemo,
675 370 735 415 ut
774 378 891 415 mea
933 361 1035 415 sert
1075 361 1287 432 opinio,
1348 362 1572 430 ignorat.
1653 357 1749 410 His
1789 355 2051 411 Fabriciis

225 477 437 533 semper
475 469 556 517 est
601 479 732 516 usus
772 462 1098 534 Oppianicus
1141 460 1573 515 familiarissime.
1652 457 1763 511 Iam
1805 457 1902 511 hoc
1942 457 2050 511 sere

226 562 408 616 sciunt
441 580 654 627 omnes,
694 569 951 633 quantam
983 562 1093 614 vim
1120 561 1311 613 habeat
1344 557 1410 611 ad
1443 556 1841 627 coniungendas
1868 558 2050 611 amici-

225 662 330 715 tias
371 662 672 716 studiorum
712 679 774 716 ac
814 669 1038 715 naturae
1078 658 1390 714 similitudo.
1473 657 1648 723 Quum
1682 657 1759 710 illi
1798 658 1874 711 ita
1911 658 2051 711 vive·

225 769 372 826 rent,
412 769 473 815 ut
501 763 708 816 nullum
736 768 1018 832 quaestum
1053 767 1265 831 turpem
1292 775 1407 812 esse
1427 756 1822 811 arbitrarentur
1835 775 1850 818 ς.
1885 774 2052 828 quum

226 863 401 915 omnis
453 862 519 915 ab
559 862 644 915 his
684 861 860 925 frauS,
913 877 1097 913 omnes
1145 859 1372 912 insidiae
1422 858 2056 929 circumscriptionesque

226 961 646 1014 adolescentium
699 966 1078 1020 nascerentur3
1135 975 1411 1030 quumque
1459 964 1640 1012 essent
1694 959 1843 1011 vitiis
1895 964 2056 1029 atque

227 1061 570 1132 improbitate
615 1059 864 1113 omnibus
897 1060 1037 1112 noti:
1082 1059 1347 1123 studiose,
1396 1065 1458 1112 ut
1490 1058 1631 1122 dixi,
1672 1058 1737 1112 ad
1777 1075 1962 1112 eorum
2002 1075 2059 1112 se

228 1160 652 1214 familiaritatem
686 1160 873 1214 multis
905 1161 1014 1213 iam
1046 1166 1172 1214 ante
1203 1161 1360 1214 annis
1388 1158 1714 1231 Oppianicus
1746 1158 2056 1231 applicarat.

228 1266 318 1316 76.
361 1261 550 1333 Itaque
580 1267 700 1315 tum
733 1261 812 1315 sic
845 1261 1066 1325 statuit,
1108 1279 1204 1332 per
1242 1262 1297 1315 C.
1322 1260 1630 1315 Fabricium
1673 1261 1819 1334 (nam
1851 1261 1908 1315 L.
1943 1267 2061 1315 erat

229 1362 499 1434 mortuus)
535 1361 758 1415 insidias
791 1361 1038 1416 Cluentio*
1067 1362 1223 1416 Avito
1256 1377 1583 1434 comparare.
1648 1363 1782 1417 Erat
1807 1362 1895 1414 illo
1927 1368 2060 1415 tem-

224 1480 358 1536 pore
404 1462 619 1516 infirma
670 1461 976 1516 valetudine
1019 1462 1227 1516 Avitus,
1327 1461 1586 1516 Utebatur
1629 1466 1811 1515 autem
1857 1459 2064 1514 medico

231 1562 485 1633 ignobili,
525 1561 618 1616 sed
665 1568 905 1632 spectato
950 1561 1195 1625 homine,
1246 1560 1593 1633 Cleophanto:
1647 1561 1804 1614 cuius
1848 1577 2065 1615 servum

231 1664 523 1733 Diogenem
551 1661 832 1716 Fabricius
859 1661 926 1716 ad
952 1678 1220 1716 venenum
1248 1662 1403 1715 Avito
1430 1661 1667 1716 dandum
1695 1674 1788 1732 spe
1813 1667 1866 1716 et
1891 1662 2064 1733 pretio

227 1764 524 1818 sollicitare
542 1763 735 1834 coepit.
814 1763 1042 1827 ServuS,
1070 1779 1176 1816 non
1202 1761 1488 1816 incallidus
1514 1767 1598 1826 et,
1629 1767 1692 1815 ut
1718 1761 1833 1833 ipsa
1860 1777 1948 1816 res
1974 1761 2061 1816 de·

227 1864 490 1929 claravit,
542 1863 688 1934 frugi
729 1870 895 1935 atque
937 1865 1173 1934 integer,
1211 1878 1514 1917 sermonem
1557 1863 1792 1918 Fabricii
1836 1880 1941 1917 non
1980 1869 2064 1918 est

233 1971 583 2038 aspernatus:
634 1981 750 2019 rem
789 1964 857 2019 ad
902 1965 1182 2018 dominum
1223 1963 1443 2018 detulit:
1491 1964 1848 2036 Cleophantus
1885 1971 2067 2019 autem

230 2083 362 2120 cum
394 2066 550 2119 Avito
583 2071 666 2119 est
697 2065 930 2119 locutuS.
1006 2065 1197 2118 Avitus
1227 2065 1418 2119 statim·
1444 2081 1575 2119 cum·
1599 2065 1670 2118 M.
1694 2065 1887 2119 Baebio
1921 2081 2068 2120 sena-

148 2159 151 2164 ’
238 2174 388 2230 tore,
441 2165 861 2219 familiarissimo
914 2181 1039 2229 suc,
1091 2165 1527 2218 communicavi-t.
1575 2180 1577 2183 ’
1614 2165 1679 2219 Εἰ
1718 2164 1957 2237 placuit,
2008 2173 2072 2220 ut

239 2269 529 2339 Diogenem
558 2268 753 2322 Avitus
776 2272 978 2321 emeret
998 2282 1029 2319 a
1054 2265 1406 2338 Cleophanto,
1446 2282 1552 2338 quo
1573 2264 1784 2320 facilius
1804 2273 1899 2321 aut
1931 2283 2071 2321 com·

238 2368 664 2441 prehenderetur
694 2383 782 2420 res
821 2367 937 2420 eius
971 2366 1200 2431 iudiciO,
1229 2372 1324 2420 aut
1344 2365 1477 2420 falsa
1496 2383 1612 2421 esse
1639 2374 2068 2438 cognosceretur.

239 2469 317 2524 Ne
350 2468 548 2530 multa;
588 2468 848 2538 Diogenes
875 2467 1101 2521 emitur:
1142 2484 1407 2522 venenum
1435 2467 1623 2522 diebus
1649 2468 1863 2539 pauciS,
1895 2468 2074 2541 (multi

240 2570 345 2623 viri
378 2569 503 2622 boni
543 2584 711 2639 quum
751 2585 816 2622 ex
855 2567 1064 2622 occulto
1103 2565 1570 2640 intervenissent,)
1612 2566 2070 2639 pecuniaque-oh-

245 2671 485 2741 signata,
525 2685 661 2740 quae
690 2668 756 2722 ad
796 2685 914 2722 eam
953 2685 1069 2722 rem
1103 2668 1360 2731 dabatur,
1400 2667 1457 2720 in
1490 2666 1740 2720 manibus
1780 2667 2070 2722 Scaman-

243 2771 371 2835 dri,
409 2770 638 2824 liherti
671 2769 1149 2833 Fabriciorum,
1183 2767 1617 2840 deprehenditur.
1661 2768 1831 2835 Quis¹
1868 2771 2069 2841 estqui

243 2872 482 2936 dubitet,
522 2871 654 2942 quin
677 2911 691 2934 ,
745 2869 844 2924 hac
878 2886 937 2923 re
976 2875 1249 2940 comperta
1287 2866 1675 2939 manifestoque
1715 2867 2072 2940 deprehensa,
2142 2924 2144 2926 ,

2136 2938 2150 2970 i

243 2979 340 3028 aut
371 2970 614 3027 obeunda
645 2987 791 3024 mors
823 2969 1065 3024 Cluentio
1099 2974 1193 3023 aut
1214 2967 1554 3039 suscipienda
1586 2969 1858 3022 accusatio
1890 2968 2070 3025 suerit.
2143 2972 2150 3014 f

322 3162 509 3215 XXIX.
593 3165 679 3214 77.
722 3159 1057 3230 Quamquam
1092 3159 1223 3212 satis
1262 3174 1378 3212 esse
1411 3155 1711 3212 arbitrabar
1744 3154 2072 3212 demonstra·
2136 3143 2150 3214 ’ῘῘ

245 3269 394 3326 tum,
434 3261 519 3314 his
553 3260 871 3315 criminibus
905 3266 1216 3314 accusatum
1252 3276 1366 3313 esse
1395 3257 1776 3330 Oppianicum,
1819 3264 1879 3311 ut
1912 3257 2069 3312 hone-
2142 3255 2150 3321 f

247 3372 327 3418 ste
363 3362 559 3416 absolvi
596 3362 740 3415 nullo
774 3361 948 3416 modo
961 3362 1250 3434 potuisset;
1289 3359 1566 3415 Cluentius
1603 3359 1839 3432 primum
1878 3376 2067 3415 nomen
2147 3383 2150 3385 ·

309 3508 348 3567 ι)
381 3503 490 3551 lbid.
523 3506 650 3549 c.17.
685 3505 799 3562 §48.
