2210 3970
273 250 376 301 794
736 258 1062 295 ANNALES
1120 258 1627 297 οιοΕΒοΝιΑΝι.

279 392 394 437 enim
429 389 542 434 mihi
578 395 622 431 et
653 386 931 448 plebeculam
966 387 1181 431 urbanam
1219 395 1292 443 et,
1325 388 1368 432 si
1391 387 1535 449 fidem
1557 389 1726 448 fecerit
1743 421 1756 444 ,
1796 391 1930 434 etiam
1973 393 2104 438 bonos
2182 427 2183 430 ,

281 472 400 515 viros
436 483 582 511 secum
621 465 868 509 habiturus,
916 464 978 509 ld.
1010 465 1118 509 Phil.
1146 478 1218 509 111.
1251 481 1287 509 c.
1313 469 1354 510 2.
1390 471 1432 510 3.
1499 468 1541 509 C.
1579 468 1740 510 Caesar
1770 466 2020 512 adolescens
2050 496 2111 503 —

283 544 535 592 incredibili
566 560 618 587 ac
650 542 802 587 divina
839 543 1033 603 quadam
1058 551 1201 587 mente
1225 551 1360 603 atque
1384 544 1576 599 virtute,
1606 552 1725 599 tum,
1758 562 1894 605 quum
1923 548 2114 597 maxime
2200 593 2202 597 ,

277 626 418 685 furor
450 621 624 666 arderet
654 621 868 676 Antonii,
901 637 1122 681 quumque
1165 622 1262 665 eius
1294 637 1322 664 a
1353 620 1595 664 Brundisio
1624 621 1817 666 crudelis
1849 630 1894 666 et
1921 623 2116 683 pestifer
2179 616 2184 620 ’

284 701 459 746 reditus
495 701 750 754 timeretur,
783 725 844 733 -—·
867 700 1189 760 firmissimum
1225 699 1466 743 exercitum
1493 715 1547 743 ez·
1573 700 1738 744 invicto
1763 716 1919 760 genere
1949 708 2116 744 vetera·
2185 693 2210 726 3³

285 797 442 825 norum
472 778 668 822 militum
701 779 1003 838 comparavit,
1038 778 1448 839 patrimoniumque
1487 793 1619 822 suum
1649 805 1710 812 —
1739 780 1788 822 in
1838 777 1986 821 salute
2033 778 2118 821 rei·

278 857 492 919 publicae
537 856 781 901 collocavit.
846 856 955 901 lbid.
983 869 1047 900 lv·
1095 871 1131 900 e.
1161 859 1203 899 1.
1235 859 1276 899 3.
1340 854 1493 898 Laudo
1545 871 1653 910 ¹cos,
1704 857 1934 914 Quirites,
1983 872 2120 916 quum

288 935 566 996 gratissimis
597 933 762 977 animis
783 932 1111 992 prosequimini
1136 948 1288 975 nomen
1312 931 1556 976 clarissimi
1587 933 1983 976 adolescentis—:
2017 932 2124 992 qui,
2179 942 2200 958 ‘³'

291 1031 428 1074 quum
460 1013 673 1056 servitute
699 1025 1020 1071 premeremur,
1051 1009 1100 1051 in
1143 1008 1238 1051 dies
1263 1009 1432 1053 malum
1474 1019 1715 1067 cresceret,
1749 1009 1974 1071 praesidii
2004 1009 2125 1053 nihil
2199 1030 2202 1061 2

293 1091 572 1145 haberemus,
615 1087 853 1148 capitalem
892 1092 937 1130 et
964 1085 1240 1148 pestiferum
1270 1103 1300 1130 a
1340 1087 1584 1132 Brundisio
1626 1090 1684 1132 M.
1718 1088 1900 1132 Antonii
1931 1087 2124 1131 reditum
2203 1124 2210 1139 Α,

291 1171 572 1227 timeremus,
605 1167 682 1212 boc
720 1167 996 1226 insperatum
1035 1164 1236 1209 omnibus
1265 1164 1531 1221 consilium,
1573 1165 1847 1226 incognitum
1879 1173 2026 1221 certe,
2059 1181 2127 1208 ce·
2190 1171 2198 1206 2⁴

287 1249 437 1308 perit,
469 1254 523 1290 ut
552 1246 794 1290 exercitum
833 1245 1047 1288 invictum
1081 1260 1135 1287 es:
1161 1243 1366 1303 paternis
1398 1242 1622 1287 militibus
1660 1242 1896 1302 conficeret
1925 1241 2128 1285 Antonii·

288 1340 374 1385 que
395 1323 622 1381 furorem,
655 1321 981 1366 crudelissimis
1018 1321 1222 1366 consiliis
1253 1321 1521 1375 incitatum,
1555 1338 1584 1364 a
1616 1322 1816 1381 pernicie
1858 1320 2128 1383 reipublicae
2192 1374 2198 1379 .

290 1407 518 1445 averteret.
568 1398 750 1459 Appian.
784 1404 828 1444 Β.
858 1404 903 1444 C.
935 1413 1007 1445 111.
1050 1415 1085 1443 c.
1117 1403 1187 1444 12.
1254 1402 1302 1444 Ὁ
1335 1398 1391 1445 δὲ
1421 1401 1755 1458 (Ὀκταούιος)
1793 1403 1874 1445 καὶ
1908 1400 1973 1462 τῷ
2012 1397 2128 1456 πλή-
2195 1408 2210 1453 3}

291 1482 379 1526 θει
409 1479 503 1525 τῶν
530 1481 611 1529 εἰς.
632 1477 783 1524 αὐτὸν
815 1476 1204 1538 ἀφικνουμένων,
1242 1483 1324 1526 καὶ
1354 1484 1410 1540 τῇ
1451 1484 1700 1542 Καίσαρος
1732 1481 1888 1526 αὑτοῦ
1921 1479 2040 1542 δόξῃ
2078 1496 2129 1524 τε

292 1563 376 1606 καὶ
411 1563 468 1619 τῇ
500 1559 695 1604 πάντων
729 1556 778 1610 ἐς
806 1557 990 1603 ἐκεῖνον
1016 1559 1192 1619 εὐνοίᾳ
1225 1560 1448 1621 θαρρῶν,
1486 1560 1660 1606 ὥδευεν
1694 1559 1742 1612 ἐς
1775 1558 1994 1618 “Ρώμην,
2034 1560 2128 1604 σύν
2198 1594 2199 1598 ,

288 1639 529 1701 ἀξιολόγῳ
559 1637 776 1695 πλήθει,
815 1638 1062 1700 αὐξομένῳ
1100 1639 1286 1698 μᾶλλον
1326 1638 1532 1699 ἑκάστης
1567 1639 1772 1702 ἡμέρας,
1811 1632 1893 1686 οἷα
1924 1639 2128 1699 χειμάρ-
2190 1624 2203 1698 ἰ

293 1732 392 1780 ρῳ·
428 1743 486 1751 -—
523 1718 571 1763 οἱ
611 1715 664 1763 δὲ
708 1717 772 1778 τῷ
803 1721 1023 1779 Καίσαρι
1071 1721 1480 1780 στρατευσάμενοί
1517 1737 1568 1765 τε
1614 1724 1694 1766 καὶ
1743 1718 1794 1772 ἐς
1837 1722 2128 1782 κληρουχίας
2187 1733 2193 1737 ’

289 1796 610 1861 διῃρημένοι,
656 1796 943 1859 συνέτρεχον
994 1795 1047 1840 ἐκ
1079 1798 1171 1842 τῶν
1216 1797 1458 1845 ἀποικιῶν
1497 1799 1579 1846 ἐπὶ
1623 1802 1793 1862 χάριτι
1831 1804 1920 1846 τοῦ
1967 1817 2126 1862 μειρα-

293 1882 428 1934 ulau,
467 1881 548 1923 καὶ
583 1876 669 1922 τὸν
699 1879 921 1938 Καίσαρα
960 1874 1301 1939 ὠλοφύροντο,
1336 1883 1420 1925 καὶ
1460 1878 1544 1925 τὸν
1575 1879 1845 1926 ’Λντώνιον
1880 1879 2132 1940 ἑβλασφή·

290 1975 445 2018 μουν,
491 1957 581 2002 οὐκ
623 1954 881 2006 ἐπεξιόντα
923 1959 1196 2021 τηλικούτῳ
1226 1961 1397 2018 μύσει·
1434 1963 1515 2004 καὶ
1557 1962 1688 2017 σφᾶς
1735 1957 1926 2021 ἔλεγον,
1961 1959 2011 2003 εἲ
2053 1975 2130 2010 τις
2202 1943 2203 1946 ¹

295 2035 495 2100 ἡγοῖτο,
532 2036 741 2097 ἀμυνεῖν.
807 2034 923 2079 Conf.
959 2037 1036 2080 Dio
1061 2048 1166 2081 xiv.
1200 2053 1236 2082 e.
1267 2041 1340 2083 12.
1384 2039 1532 2083 Livius
1564 2039 1678 2100 Epit.
1709 2040 1812 2081 117.
1867 2036 2058 2082 Velleius
2077 2049 2127 2081 Π.
2198 2072 2210 2102 Ἰ.

294 2133 332 2164 c.
358 2120 429 2161 61.
463 2120 506 2160 1.
576 2115 789 2176 Torpebat
827 2129 1037 2173 oppressa
1083 2113 1379 2161 dominatione
1417 2118 1603 2162 Antonii
1632 2116 1808 2161 civitas.
1871 2114 2130 2175 Indignatio
2208 2134 2210 2138 ·

295 2202 335 2238 et
369 2193 494 2238 dolor
525 2194 751 2249 omnibus,
785 2194 853 2237 vis
884 2193 945 2236 ad
974 2193 1286 2246 resistendum
1307 2195 1427 2239 nulli
1465 2196 1650 2252 aderat,
1683 2211 1820 2256 quum
1856 2196 1899 2238 G.
1938 2195 2129 2247 Caesar,
2206 2205 2210 2208 ·

295 2287 436 2318 xvul.
479 2275 605 2330 [rect.
635 2285 707 2316 xx.
741 2289 782 2316 v.
826 2271 880 2315 ad
913 2289 951 2316 a.
987 2274 1091 2316 691.
1126 2275 1222 2331 17.]
1265 2290 1428 2318 annum
1460 2275 1720 2335 ingressus,
1759 2273 1874 2316 mira
1910 2288 2051 2326 ausus
2081 2288 2132 2316 ac

297 2366 468 2394 summa
501 2356 786 2405 consecutus,
812 2350 993 2409 privato
1026 2349 1212 2393 consilio
1239 2351 1450 2397 maiorem
1487 2359 1645 2395 senatu
1675 2367 1760 2412 pro
1785 2351 2012 2411 republica
2038 2351 2136 2394 ani·
2197 2362 2199 2364 “

296 2444 416 2472 onum
450 2428 621 2473 habuit.
682 2429 971 2487 Primumque
999 2444 1028 2470 a
1059 2427 1265 2483 Calatia,
1296 2443 1401 2471 moa·
1430 2445 1462 2472 a
1502 2429 1728 2484 Casilino,
1760 2436 1988 2473 veteranos
2020 2429 2136 2472 exci-
2197 2471 2199 2475 ,

296 2507 364 2557 ‘pit
406 2513 632 2566 paternos.
701 2505 898 2563 Quorum
937 2505 1183 2566 exemplum
1217 2506 1502 2563 secutialii,
1550 2507 1669 2551 brevi
1699 2507 1748 2550 in
1777 2507 1980 2566 formam
2020 2506 2136 2550 iusti
2195 2514 2198 2562 f

296 2585 437 2644 coiere
475 2583 710 2626 exercitus.

302 2669 305 2671 ’
378 2669 463 2746 (2⁷)
508 2670 676 2737 Quem
715 2668 923 2724 Octavii
964 2676 1215 2724 conatum
1257 2652 1475 2735 Cicero,
1515 2679 1795 2746 perspecta
1840 2673 2138 2728 adolescen-
2190 2717 2193 2726 ,,

282 2764 370 2826 stis
399 2778 610 2834 mente,
653 2761 975 2824 a'uctoritate
1011 2788 1108 2825 sua
1149 2770 1489 2842 approbavit,
1531 2789 1762 2844 eumque
1798 2770 2136 2841 currentem,
2207 2831 2210 2836 ,

301 2881 364 2928 ut
403 2872 634 2936 dicitur,
675 2873 941 2926 incitavit.
983 2890 1054 2927 lx.
1098 2891 1142 2927 c.
1182 2848 1270 2927 59.
1314 2877 1438 2927 112.
2194 2859 2199 2867 ’

365 2973 450 3019 Cic.
483 2972 538 3018 ad
571 2976 665 3017 Att.
691 2986 768 3017 xv.
803 2976 874 3016 12.
910 2976 950 3016 2.
1021 2974 1290 3027 Octaviano,
1324 2981 1377 3017 ut
1403 2974 1645 3034 perspexi,
1687 2975 1804 3018 satis
1835 2975 2033 3036 ingenii,
2066 2992 2137 3020 sa·

303 3055 365 3099 tis
398 3052 538 3096 animi
549 3072 566 3105 ;
597 3051 913 3111 videbaturque
940 3068 1045 3112 erga
1071 3060 1246 3095 nostros
1274 3050 1429 3114 ἥρωας
1455 3053 1524 3096 ita
1546 3052 1680 3111 fore,
1712 3059 1766 3095 ut
1791 3069 1872 3096 nos
1899 3053 2135 3111 vellemus,
2188 3047 2210 3093 {a

303 3132 544 3175 animatus.
577 3156 637 3163 —
668 3128 863 3173 Alendus
891 3136 987 3183 est,·
1019 3138 1088 3184 et,
1121 3137 1174 3173 ut
1199 3130 1321 3174 nihil
1344 3131 1496 3185 aliud,
1529 3130 1583 3173 ab
1611 3132 1798 3174 Antonio
1828 3131 2136 3191 seiungendus.

304 3209 417 3255 Ibid.
447 3222 543 3253 ΧΠ.
578 3212 649 3252 11.
685 3212 726 3252 6.
789 3207 854 3250 Ab
901 3208 1140 3250 Octaviano
1185 3208 1384 3267 quotidie
1419 3208 1627 3264 litterae,
1658 3217 1712 3252 ut
1742 3209 1965 3269 negotium
1993 3209 2134 3253 susci·
2183 3202 2210 3274 s,

296 3304 474 3348 perem,
512 3288 706 3346 Capuam
737 3285 957 3341 venirem,
1001 3287 1163 3330 iterum
1201 3286 1515 3346 rempublicam
1554 3301 1771 3329 servarem
1788 3308 1806 3340 ,·
1836 3289 2018 3329 Romam
2044 3287 2144 3331 uti-1-
2182 3275 2210 3308 ,2

304 3381 388 3425 que
418 3365 587 3408 stat-im.
622 3390 682 3396 —
714 3363 828 3423 Egit
866 3379 971 3407 sane
1002 3372 1209 3419 strenue,
1242 3371 1285 3407 et
1317 3365 1426 3425 agit.
1489 3366 1671 3408 Romam
1701 3366 1845 3408 veniet
1870 3383 1967 3411 cum
1999 3382 2133 3410 manu

303 3458 465 3503 magna
496 3468 568 3486 —.
601 3443 747 3486 Puero
763 3442 1009 3501 municipia
1025 3443 1134 3485 mire
1140 3441 1317 3499 favent.
1351 3442 1415 3486 Id.
1437 3442 1490 3486 ad
1507 3441 1785 3486 Cornificium
1819 3443 1891 3500 (acl
1909 3447 2028 3488 Fam.
2046 3457 2130 3489 ΧΠ.
2199 3448 2202 3449 ’

299 3523 373 3576 23.
408 3521 476 3578 2.)
540 3522 703 3563 Rerum
728 3520 999 3564 urbanarum
1027 3527 1129 3564 acta
1160 3520 1245 3564 tibi
1270 3519 1394 3564 mitti
1416 3529 1531 3565 certo
1559 3507 1663 3565 scio.
1717 3519 1848 3577 Quod
1874 3524 1924 3566 ni
1953 3524 2021 3567 ita
2043 3539 2130 3583 pu·
