2150 3990
220 241 319 291 180
778 250 1018 289 niceno
1066 252 1134 288 DE
1182 250 1318 290 v1⁷rA
1367 252 1470 290 sua

216 401 367 440 suam
400 399 513 439 rem
548 399 651 439 non
684 386 864 440 minus
902 393 1118 440 strenue
1138 427 1152 450 ‚
1190 403 1350 457 quam
1390 391 1571 458 postea
1603 383 1870 456 publicam
1902 403 2025 442 con-

214 484 460 550 fecisset,
512 490 801 556 egestatem
848 491 900 539 et
944 485 1220 539 ‘luxuriam
1271 485 1560 539 domestico
1599 483 1860 538 lenocinio
1911 502 2022 539 sus-

208 587 475 640 tentavit:
515 586 643 657 qui,
684 586 788 639 nisi
822 586 876 639 in
917 602 1064 640 aram
1108 585 1414 639 tribunatus
1447 583 1802 654 confugisset,
1852 600 2026 656 neque

213 687 323 740 vim
355 688 639 758 praetoris,
667 703 764 740 nec
797 685 1199 740 multitudinem
1239 684 1595 750 creditorum,
1635 701 1733 739 nec
1766 684 2026 739 bonorum

214 787 654 857 proscriptionem
699 784 931 856 effugere
970 786 1246 856 potuisset.
1326 783 1440 851 Quo
1473 785 1529 840 in
1567 785 1890 855 magistratu
1922 786 2027 838 nisi

210 887 538 957 rogationem
577 886 642 939 (16
687 886 913 956 piratico
950 884 1085 938 bello
1122 883 1370 946 tulisset,
1421 883 1656 955 profecto
1700 891 1938 955 egestate
1975 890 2029 938 et

210 986 550 1058 improbitate
583 992 799 1038 coactus
831 985 1113 1056 piraticam
1148 985 1260 1055 ipse
1293 982 1533 1038 fecisset:
1573 1001 1634 1038 ac
1674 986 1880 1039 minore
1911 986 2027 1056 qui-

211 1086 332 1139 dem
366 1085 688 1156 reipublicae
727 1083 1084 1149 detrimento,
1124 1100 1287 1156 quam
1325 1082 1468 1156 quod
1505 1085 1649 1138 intra
1693 1085 1918 1142 moenia,
1942 1100 2029 1138 ne-

209 1184 376 1239 farius
428 1183 597 1238 hostis
647 1183 947 1256 praedoque
991 1190 1237 1238 versatus
1281 1189 1380 1239 est.
1460 1187 1550 1238 55.
1589 1183 1776 1238 Alter¹
1832 1183 2031 1238 multos

212 1285 367 1357 plane
413 1285 469 1338 in
514 1300 698 1338 omnes
735 1290 914 1355 partes
955 1282 1158 1339 fefellit.
1235 1284 1367 1339 Erat
1405 1285 1549 1339 enim
1587 1283 1875 1345 hominum
1920 1285 2028 1356 opi-

211 1386 398 1449 nione,
423 1383 698 1439 nobilitate
719 1384 862 1456 ipsa,
901 1383 1096 1438 blanda
1116 1383 1569 1450 conciliatricula,
1607 1383 2030 1439 commendatus

210 1485 408 1540 Omnes
445 1483 568 1539 boni
626 1500 838 1555 semper
887 1483 1154 1539 nobilitati
1192 1483 1461 1549 favemus.
1517 1491 1573 1539 et
1616 1485 1744 1556 quia
1779 1482 1914 1538 utile
1951 1491 2033 1538 est

212 1585 567 1658 reipublicae,
624 1584 826 1638 nobiles
869 1582 1115 1638 homines
1154 1601 1270 1639 esse
1307 1583 1498 1656 dignos
1545 1584 1840 1640 maioribus
1884 1585 2034 1649 suiS,

212 1691 268 1739 et
299 1685 427 1756 quia
465 1683 606 1738 valet
649 1683 790 1755 apud
829 1700 926 1737 nos
963 1682 1232 1738 clarorum
1272 1682 1552 1740 hominum
1592 1691 1647 1740 ct
1678 1684 1810 1740 benc
1842 1684 1909 1740 de
1946 1702 2032 1740 re-

212 1783 428 1856 publica
465 1784 785 1839 meritorum
829 1784 1089 1839 memoria
1126 1784 1290 1840 etiam
1329 1791 1685 1840 mortuorum.
1765 1785 1901 1853 Quia
1935 1786 2035 1840 tri-

210 1891 350 1940 stem
390 1901 629 1956 semper,
686 1885 814 1956 quia
863 1885 1230 1949 taciturnum,
1283 1885 1411 1957 quia
1448 1885 1830 1941 subhorridum
1870 1891 2036 1959 =atque

214 1984 481 2039 incultum
512 1983 800 2050 videbant,
838 1991 893 2040 et
919 1985 1060 2058 quod
1092 1992 1208 2041 erat
1246 2003 1308 2041 eo
1346 1986 1590 2052 nomine,
1617 1993 1692 2041 ‘ut
1724 1989 2035 2059 ingenerata

214 2084 447 2141 familiae
498 2084 779 2156 frugalitas
815 2085 1120 2151 videretur,
1159 2085 1407 2140 favebant
1426 2128 1443 2151 ,
1481 2085 1819 2157 gaudebant,
1876 2093 1930 2142 et
1964 2087 2036 2144 ad

216 2185 581 2257 integritatem
616 2185 881 2239 maiorum
913 2202 1006 2257 spe
1044 2201 1142 2239 sua
1175 2183 1447 2240 hominem
1472 2185 1769 2252 vocabant,
1808 2190 2038 2243 materni

221 2286 435 2358 generis
473 2284 639 2340 obliti.
719 2285 832 2357 Ego
870 2292 1050 2341 autem
1093 2286 1239 2361 (vere
1277 2285 1377 2342 hoc
1428 2285 1626 2362 dicam)
1666 2293 1880 2343 tantum
1925 2305 2042 2344 csse

221 2388 278 2440 in
317 2386 532 2440 homine
581 2386 800 2441 sceleris
820 2429 836 2451 ,
875 2386 1130 2442 audaciae
1150 2429 1166 2452 ,
1223 2386 1589 2454 crudelitatiS,
1629 2395 1891 2461 quantum
1928 2391 2043 2463 ipsc

214 2502 345 2541 cum
378 2486 652 2558 republica
690 2488 832 2542 sensi
852 2530 868 2552 ‚
908 2504 1203 2559 numquam
1243 2490 1447 2560 putavi.
1525 2489 1763 2562 Nequam
1797 2508 1913 2546 esse
1952 2490 2041 2546 ho-

219 2588 421 2642 minem
456 2592 526 2640 et
568 2585 774 2650 levem,
831 2591 885 2640 et
923 2585 1055 2640 salsa
1093 2587 1375 2658 opinione,
1427 2605 1608 2644 errore
1653 2589 1934 2645 bominum
1976 2592 2042 2647 ab

221 2687 576 2742 adolescentia
607 2686 1070 2753 commendatum,
1109 2687 1359 2743 sciebam.
1439 2689 1652 2744 Etenim
1679 2692 1894 2746 animus
1925 2693 2043 2748 eius

222 2788 404 2854 vultu,
457 2788 662 2859 flagitia
698 2788 993 2859 parietibus
1031 2788 1382 2860 tegebantur:
1441 2790 1534 2845 sed
1573 2790 1703 2846 haec
1748 2792 2043 2848 obstructio

224 2907 321 2944 nec
359 2888 636 2943 ,diuturna
687 2895 804 2953 est,
863 2906 960 2944 nec
1013 2888 1242 2943 obducta
1293 2889 1404 2955 ita,
1469 2896 1530 2944 ut
1588 2892 1816 2947 curiosis
1866 2893 2041 2949 oculis

223 2990 456 3063 perspici
494 3005 599 3043 non
638 2990 820 3061 possit.
1671 2989 1677 2999 “

302 3192 466 3247 XXII.
546 3195 634 3247 54.
676 3190 883 3246 Iidem2
916 3190 1187 3256 consuleS,
1211 3191 1276 3266 (si
1299 3191 1596 3265 appellandi
1625 3198 1751 3247 sunt
1771 3194 2042 3259 consuleS,

229 3309 362 3365 quos
381 3309 535 3347 nemo
573 3300 690 3358 est,
728 3293 860 3364 quin
893 3309 995 3346 non
1032 3291 1185 3346 modo
1217 3310 1281 3347 ex
1321 3294 1605 3358 memoria,
1646 3293 1738 3349 sed
1778 3296 1938 3350 etiam
1978 3311 2041 3349 ex

292 3530 331 3586 ¹)
363 3541 438 3588 pro
469 3524 610 3582 Sextio
632 3540 667 3569 c.
701 3528 743 3572 9.
778 3526 802 3584 §
835 3526 904 3569 21.
940 3551 996 3558 —-
1028 3527 1067 3585 ⁸)
1100 3523 1206 3572 lbid.
1240 3541 1274 3571 c.
1311 3529 1380 3572 14.
1409 3529 1433 3585 ᾗ
1467 3530 1540 3572 33.’
