2150 3990
306 203 358 259 L.
384 205 472 260 111.
516 224 561 259 c.
586 202 790 259 XXXV.
834 202 875 274 S
906 206 1003 256 111
1048 235 1121 243 —
1161 220 1207 255 c.
1237 203 1468 259 XXXVI.
1513 205 1683 276 §¹¹5⁸
1838 211 1931 259 151

117 372 220 427 que
245 362 424 412 essent
459 355 754 419 orationeS,
793 368 930 426 quae
967 352 1271 409 Consulares
1299 354 1722 410 nominarentur.
1802 355 1937 422 Qua-

116 473 238 512 rum
279 472 401 514 uua
438 461 521 512 est
560 456 615 512 in
648 459 836 515 senatu
875 453 990 511 Kal.
1031 454 1174 519 lan„
1226 454 1434 510 altera
1472 454 1539 511 ad
1578 453 1832 527 populum
1873 456 1938 509 de

115 556 229 629 lege
279 557 528 629 agraria,
587 557 787 615 tertia
834 554 901 612 de
953 554 1188 621 Othone,
1247 563 1481 628 quarta
1539 572 1636 628 pro
1688 555 1939 618 Rabirio,

114 657 340 730 quinta
377 655 443 713 de
481 657 904 730 proscriptorum
956 655 1109 723 filiis,
1148 663 1367 722 sexta,
1406 673 1574 729 quum
1607 656 1940 729 provinciam

111 757 443 813 inconcione
473 757 726 830 deposui,
764 758 1067 831 septima,
1106 774 1213 831 qua
1238 757 1523 815 Catilinam
1550 759 1732 823 emisi,
1771 764 1934 817 octa-

110 873 187 913 va
207 897 223 924 ,
280 874 443 931 quam
495 857 658 922 habui
713 858 780 914 ad
825 858 1083 933 populum
1139 858 1398 932 postridie
1418 902 1434 925 ,
1491 875 1655 932 quam
1706 857 1933 916 Catilina

109 955 377 1031 profugit,
435 973 606 1016 nona
649 959 706 1015 in
744 960 1028 1049 concione,
1084 975 1191 1032 quo
1227 958 1319 1017 die
1352 958 1662 1032 Allobroges
1693 958 1932 1031 invulga-

0 1074 1 1143 ᾗ
110 1064 268 1125 runt,
307 1058 556 1121 decima
594 1060 651 1118 in
689 1067 910 1128 senatu,
948 1060 1114 1118 Nonis
1156 1059 1403 1121 Decemb.
1484 1059 1623 1116 Sunt
1661 1066 1939 1132 praeterea

0 1166 3 1212 i
111 1158 144 1214 (1
159 1175 285 1223 uae
321 1159 538 1226 breves,
577 1160 731 1232 quasi
769 1163 1184 1231 ὼποσπασμάτια
1216 1159 1352 1233 legis
1390 1161 1651 1232 agrariae.
1730 1159 1937 1228 Quibus

111 1274 177 1329 ex
201 1256 356 1323 libris,
374 1259 607 1333 perspici
638 1264 816 1331 potest
830 1299 845 1323 ,
872 1264 927 1314 et
948 1274 1086 1330 quae
1118 1259 1400 1329 gesserim,
1437 1266 1493 1314 et
1524 1275 1663 1331 quae
1689 1258 1937 1319 dixerim.

171 1426 418 1529 XXXVI,
502 1459 626 1518 114.
666 1454 849 1529 Neque
869 1460 885 1493 ¹
940 1455 1105 1513 etiam
1149 1455 1286 1514 mihi
1334 1456 1492 1515 lieuit
1508 1494 1528 1524 ,
1579 1474 1757 1532 neque
1804 1459 1937 1516 inte·

8 1592 9 1595 =
108 1572 275 1632 grum,
301 1554 435 1629 fuit,
473 1562 536 1620 ut
572 1571 755 1621 meum
788 1553 1025 1614 laborem
1058 1555 1340 1615 hominum
1371 1557 1628 1631 periculis
1659 1558 1936 1617 sublevan-

107 1657 204 1719 dis.
228 1673 336 1721 non
380 1656 731 1732 impertirem.
810 1654 946 1715 Nam
984 1672 1156 1729 quum
1191 1660 1432 1731 praemia
1471 1659 1606 1716 mihi
1651 1666 1804 1716 tanta
1840 1677 1943 1733 pro

12 1783 13 1787 ¹
59 1830 61 1833 Α
106 1757 206 1818 hac
245 1757 521 1828 industria
562 1758 673 1817 sint
719 1756 881 1823 data,
939 1765 1143 1830 quanta
1192 1766 1353 1818 antea
1403 1761 1644 1828 nemini,
1694 1760 1938 1825 labores,

106 1875 202 1935 per
238 1874 373 1934 quos
409 1874 476 1920 ea
516 1858 761 1932 ceperis„
804 1873 974 1932 quum
1014 1858 1240 1932 adeptus
1280 1860 1387 1926 εἰς,
1437 1860 1702 1935 deponere
1722 1904 1737 1927 ,
1795 1868 1941 1922 esset.

106 1959 341 2033 bominis
377 1964 434 2015 et
468 1959 637 2019 astuti
657 1964 713 2015 et
745 1959 965 2031 ingrati.
1043 1959 1232 2033 Itaque
1251 1966 1272 2006 ²
1311 1961 1499 2018 consul
1518 1960 1731 2020 delendi
1762 1963 1817 2019 C.
1842 1962 1935 2019 Pi-

105 2076 366 2129 sonem:
406 2060 538 2134 qui,
575 2059 705 2134 quia
741 2058 930 2115 consul
962 2058 1118 2117 sortis
1148 2067 1509 2136 constansque
1541 2060 1759 2126 suerat,
1794 2062 1935 2117 ineo.-

106 2161 280 2235 lumisi
300 2165 387 2222 est
412 2159 741 2233 reipublicae
771 2165 1135 2215 conservatus·
1222 2164 1344 2216 115.
1386 2159 1613 2221 Delendi
1650 2162 1782 2217 item
1813 2179 1935 2221 con-

108 2261 202 2326 sul
214 2260 432 2335 &Mur
444 2275 667 2329 enam,
703 2259 979 2327 consulem
1001 2259 1360 2332 designatum.
1438 2261 1653 2333 Magni.³
1690 2263 1836 2318 enim
1858 2263 1937 2319 in-

106 2368 308 2426 tereunt
327 2403 346 2428 ,
394 2359 457 2422 id
482 2360 624 2434 quod
655 2377 754 2432 ego
791 2358 980 2418 multis
1026 2360 1453 2433 repugnantibus
1491 2361 1578 2432 egi
1617 2367 1781 2434 atque
1818 2379 1934 2435 per·

105 2463 237 2534 feci,
275 2477 392 2529 esse
422 2458 676 2522 Kalendis
708 2459 820 2515 Ian.
855 2460 912 2515 iu
933 2459 1209 2533 republica
1244 2460 1353 2517 duo
1391 2461 1653 2518 consules.
1732 2462 1934 2519 Cuius⁴

105 2564 286 2626 totius.
319 2560 683 2624 accusationis
713 2566 895 2634 partes
934 2568 1091 2617 erant
1134 2568 1247 2618 tres
1265 2603 1282 2628 ,
1331 2579 1566 2636 quarum
1611 2580 1723 2620 una
1758 2565 1815 2620 in
1854 2581 1935 2622 re·

103 2663 461 2739 prehensione,
490 2661 636 2725 vitae
677 2661 1025 2727 versabatur,
1063 2661 1233 2722 altera
1279 2663 1336 2718 in
1374 2664 1724 2724 contentione,
1760 2664 1933 2736 digni-

102 2766 232 2825 tatis
244 2807 267 2833 ‚.
299 2765 462 2828 tertia
486 2764 543 2819 in
570 2762 890 2823 criminibus
915 2763 1173 2823 ambitus.
1247 2764 1671 2822 Acerbissimum
1689 2773 1712 2804 ⁸
1751 2773 1935 2824 autem

104 2866 249 2931 illud.
266 2872 387 2932 erat
405 2907 421 2932 ,
458 2864 602 2938 quod
638 2881 730 2921 eos
765 2870 1106 2925 accusatores
1145 2864 1375 2924 habebat
1404 2866 1655 2933 Murena,
1694 2885 1800 2923 non
1839 2869 1939 2940 qui

104 2968 224 3030 odio
263 2967 675 3034 inimicitiarum
723 2965 792 3021 ad
843 2965 1235 3033 accusandum,
1286 2967 1381 3025 sed
1426 2969 1520 3040 qui
1558 2967 1739 3023 studio
1776 2986 1932 3025 accu—

107 3067 260 3128 sandi
292 3068 362 3125 ad
390 3066 705 3124 inimicitias
736 3066 1154 3124 descendissent.
1233 3068 1368 3124 Nam
1383 3110 1398 3133 ,
1439 3075 1500 3123 ut
1531 3069 1779 3125 omittam
1811 3069 1930 3126 Ser·

106 3171 254 3227 vium
285 3168 621 3241 Sulpicium,
679 3184 838 3239 quem
871 3167 1112 3240 intelligo
1150 3186 1255 3224 non
1302 3169 1500 3224 iniuria
1551 3168 1607 3223 L.
1643 3169 1895 3228 Murenae
1916 3215 1929 3236 ‚

165 3436 205 3495 ¹)
235 3450 312 3497 pro
332 3437 506 3483 Murena
530 3450 567 3480 c.
599 3437 640 3480 4.
669 3435 753 3494 §8.
788 3461 846 3470 —
879 3437 919 3494 2)
951 3451 1027 3498 pro
1063 3435 1211 3482 Flacco
1243 3451 1278 3480 c.
1313 3437 1385 3480 39.
1413 3437 1528 3493 §98.
1563 3459 1621 3468 —
1651 3436 1693 3494 ³)
1726 3452 1801 3497 pro
1835 3441 1922 3483 Mu—

107 3527 209 3560 rena
236 3529 273 3561 c.
302 3515 375 3559 37.
409 3515 525 3573 979.
560 3539 618 3550 --
647 3515 688 3573 4)
720 3512 830 3561 ibid.
854 3530 889 3561 c.
916 3517 962 3565 5.
992 3516 1109 3574 511.
1144 3540 1200 3549 -
1234 3515 1275 3572 ⁵)
1306 3511 1417 3560 ibid.
1447 3526 1484 3559 c.
1517 3513 1591 3558 27.
1624 3515 1742 3572 §512
