2210 3970
243 211 350 263 852
652 212 1646 262 PLAEsToR‘lus—'Ponrnlus

309 361 361 402 M.
396 360 722 410 Plaetorius,
755 362 974 399 accusator
1007 360 1052 398 in
1087 372 1234 399 caussa
1272 360 1325 399 M.
1361 360 1523 400 Fonteii
1562 373 1603 414 p.
1639 360 1746 402 590.
1783 366 1950 414 praetor
1984 378 2078 405 cum
2162 354 2193 396 5³

245 428 445 467 Cicerone
465 455 477 476 ,
511 430 678 466 exercet
710 426 1000 478 quaestionem
1029 425 1142 465 inter
1176 425 1347 465 sicarios
1381 426 1490 466 594.

312 493 387 533 Cn.
422 492 696 539 Plancius,
743 495 942 544 quaestor
986 491 1032 531 in
1065 491 1303 532 Macedonia
1321 520 1333 543 ,
1384 491 1627 532 Ciceronem
1665 493 1852 533 exsulem
1897 508 1973 548 per
2013 509 2086 536 sex
2156 509 2191 563 3²

247 571 413 606 menses
448 570 592 597 secum
626 558 784 597 retinet
820 556 929 598 676.
963 557 1110 597 aedilis
1144 557 1391 610 designatus
1424 558 1668 598 defenditur
1693 573 1718 599 a
1745 559 1946 600 Cicerone
1977 559 2086 604 709.

312 625 540 664 Plancus
575 638 614 664 v.
649 624 874 664 Munatius.

314 691 359 730 L.
394 689 602 729 Plotius
638 690 781 730 Gallus
815 691 976 743 primus
1010 690 1163 729 Romae
1198 690 1345 730 Latine
1378 690 1502 731 docet
1534 691 1641 732 548.

315 757 528 796 Poesios
575 756 715 796 studio
759 746 1024 809 aliquantum
1070 743 1229 809 operae⁶
1256 756 1374 796 dedit
1417 757 1470 798 Π.
1503 757 1648 798 Cicero
1686 759 1803 799 540.
1829 760 1936 801 544.
1976 757 2084 803 657.

254 822 364 866 705.
409 823 610 869 ιιιιιίοιιειιι
641 823 682 862 ei
710 823 879 876 ope‘ram
912 823 1030 862 dedit
1062 824 1109 875 Q.
1139 822 1282 862 Cicero
1315 823 1422 862 522.

319 889 588 941 Pompeia,
639 888 727 928 filia
754 890 801 941 Q.
832 889 1017 941 Pompeii
1044 888 1141 927 Rufi
1177 889 1223 940 Q.
1247 888 1316 938 R,
1350 888 1534 928 Caesaris
1561 899 1664 928 uxor
1696 889 1806 930 648.

317 954 622 1008 Pompeiani
666 958 764 1007 post
809 954 971 994 cladem
1015 954 1292 994 Pharsalicam
1337 954 1564 1003 conferunt
1592 967 1638 994 se
1683 952 1728 995 in
1767 955 1948 996 Africam
1979 954 2088 999 751.

252 1034 339 1074 quo
372 1021 521 1060 Caesar
555 1033 626 1059 eos
664 1020 859 1073 sequitur
897 1018 1025 1061 758.-
1043 1023 1096 1059 et
1120 1020 1166 1059 in
1203 1032 1346 1072 pugna
1378 1019 1431 1060 ad
1462 1018 1673 1074 Thapsum
1706 1022 1840 1062 vineit
1870 1021 1981 1065 761.
2158 1035 2165 1079 ἰ

317 1088 365 1139 Q.
409 1087 685 1139 Pompeius
732 1087 898 1135 Rufus,
945 1099 1030 1126 cos.
1085 1078 1139 1141 (a.
1179 1077 1289 1143 666)
1339 1087 1447 1127 545.
1499 1087 1668 1141 capitali
1717 1088 1814 1128 odio
1862 1088 2039 1130 dissidet
2069 1102 2095 1130 a
2164 1135 2167 1137 ‚

251 1155 298 1195 P.
328 1148 513 1207 Sulpicio
544 1151 652 1194 547.
2169 1167 2174 1174 ’

319 1220 394 1259 Cn.
429 1220 674 1272 Pompeio
709 1218 901 1259 Straboni
934 1222 1122 1271 negatur
1148 1221 1335 1272 potestas
1380 1212 1564 1260 nominis
1597 1220 1814 1261 deserendi
1852 1222 1960 1263 520.
1995 1234 2095 1286 con
2160 1275 2162 1280 .

254 1286 439 1326 sulatum
475 1275 529 1342 (a.
563 1274 675 1341 665)
711 1286 820 1338 gerit
852 1286 960 1325 544.
1374 1320 1383 1331 ,
2161 1326 2164 1331 ,

323 1353 371 1405 Q.
405 1352 683 1405 Pompeius
716 1351 766 1390 A.
795 1351 839 1390 F.
869 1351 1143 1404 Bithynicus,
1177 1351 1350 1393 biennio
1382 1352 1514 1393 maior
1544 1365 1672 1406 quam
1704 1354 1874 1405 Cicero,
1907 1366 2092 1407 quocum
2179 1390 2181 1393 .

255 1423 300 1459 et
333 1419 516 1458 amicitia
550 1422 594 1457 et
621 1418 772 1458 studiis
802 1418 1056 1457 coniunctus
1091 1421 1157 1457 est
1190 1418 1298 1459 556.
2163 1429 2167 1437 ·

323 1485 398 1524 Cn.
434 1485 713 1537 Pompeius
748 1485 948 1536 Magnus,
981 1485 1169 1536 aequalis
1198 1485 1415 1537 Ciceroni,
1447 1489 1494 1526 et
1519 1485 1688 1538 eodem,
1722 1499 1810 1540 quo
1831 1487 1930 1535 ille,
1964 1484 2092 1526 natus
2154 1466 2178 1494 '⁴

255 1564 368 1592 anno
402 1551 510 1591 518.
556 1551 711 1602 gloriae
757 1551 987 1604 cupiditate
1021 1551 1074 1590 ad
1116 1550 1290 1591 bellicas
1332 1551 1479 1592 laudes
1503 1546 1782 1593 *abstrahitur
1818 1553 1926 1595 556.
1968 1552 2095 1606 profi·
2163 1547 2167 1558 ³

196 1616 205 1626 ’
255 1618 430 1658 ciscitur
454 1618 499 1662 in
528 1617 790 1670 Hispaniam,
824 1616 991 1657 Metello
1019 1608 1292 1657 auxiliaturus
1321 1621 1468 1658 centra
1492 1616 1720 1659 Sertorium
1753 1618 1861 1662 575.
1895 1619 2096 1660 acerrima
2163 1635 2175 1674 ³3

258 1683 415 1738 praelia
449 1683 558 1735 gerit
591 1681 698 1724 578.
745 1682 874 1722 finem
908 1683 1088 1736 imponit
1119 1683 1234 1723 bello
1267 1684 1375 1725 582.
1422 1697 1472 1724 ex
1504 1685 1599 1738 lege
1632 1685 1779 1726 Gellia
1800 1686 2000 1727 Cornelia·
2022 1698 2096 1740 po-
2164 1687 2173 1721 ἶ

256 1754 389 1790 testas
424 1750 464 1789 ei
497 1750 620 1788 datur
663 1749 849 1789 donandi
892 1749 1105 1789 civitatem
1140 1751 1246 1791 588.
1294 1741 1561 1813 consulatum
1606 1747 1659 1803 (a.
1692 1745 1805 1808 684)
1837 1753 1947 1805 gerit
1981 1751 2091 1792 584.

258 1829 309 1857 ex
336 1817 430 1868 lege
463 1816 629 1855 Manilia
662 1815 906 1869 praeficitur
938 1815 1051 1855 bello
1080 1816 1359 1856 Mithridatico
1392 1816 1499 1858 595.
1533 1810 1812 1858 llithridat'em
1843 1819 1962 1871 sugat
1983 1818 2092 1859 596.

256 1883 512 1935 tandemque
547 1882 679 1921 vincit
710 1882 818 1922 614.
861 1882 1079 1934 Tigranem
1125 1895 1303 1934 regnare
1334 1873 1454 1923 iubet
1491 1883 1599 1924 614.
1644 1884 1939 1938 Theophanem
1972 1885 2094 1938 Mity·

256 1950 453 1991 lenaeum
478 1949 647 1988 civitate
676 1948 805 1988 donat
831 1948 938 1988 614.
974 1948 1170 2001 Pompeio
1199 1948 1451 2002 supplicatio
1479 1949 1724 1990 decernitur
1755 1950 1862 1990 615.
1897 1951 1949 1991 ad
1976 1952 2096 1992 Pom·
2148 1939 2161 1950 ⁹

256 2016 400 2070 peium
429 2015 475 2054 in
503 2014 642 2054 Asiam
675 2014 818 2054 Cicero
845 2014 1075 2067 Epistolam
1107 2014 1255 2054 scribit
1283 2014 1335 2054 de
1363 2006 1491 2055 rebus
1520 2016 1608 2055 suis
1636 2016 1682 2055 in
1705 2017 1929 2058 consulatu
1963 2018 2094 2071 gestis

262 2082 371 2122 644.
407 2081 628 2134 Pompeius
658 2094 707 2120 ex
739 2081 852 2133 Syria
885 2080 1094 2120 decedens
1139 2094 1216 2134 per
1247 2080 1424 2121 biduum
1450 2082 1685 2136 triumphat
1713 2083 1822 2124 653.
1857 2084 2001 2125 laudat
2033 2075 2096 2125 Ci-

259 2161 456 2189 ceronem
490 2148 544 2187 ob
591 2148 856 2187 consulatum
895 2147 1065 2200 egregie
1105 2151 1271 2199 gestum
1302 2147 1411 2188 658.
1456 2148 1502 2189 L.
1539 2143 1678 2189 Flavio
1707 2144 1858 2190 ¹auctor
1891 2155 1958 2191 est
2000 2163 2096 2205 pro·
2151 2191 2154 2196 ,

259 2214 510 2267 mulgandae
554 2215 639 2266 legi
684 2214 869 2266 agrariae
907 2213 1016 2254 656.
1059 2214 1203 2253 Clodio
1246 2214 1414 2255 adiutor
1445 2218 1512 2255 est
1552 2216 1598 2255 in
1643 2216 1851 2257 eiiciendo
1894 2217 2106 2275 Cicerone?
2158 2214 2161 2217 “

266 2281 376 2322 664.
399 2281 506 2321 669.
544 2281 595 2320 de
630 2281 770 2320 reditu
798 2281 1010 2320 Ciceronis
1039 2293 1163 2333 agere
1191 2281 1331 2334 coepit
1362 2279 1472 2323 677.
1505 2294 1530 2322 a
1558 2281 1701 2323 Clodio
1720 2278 1901 2324 'insidias
1934 2283 2095 2338 patitur

266 2344 376 2390 678.
411 2351 558 2388 ornate
594 2347 697 2387 dicit
725 2347 778 2386 de
822 2347 957 2387 salute
990 2347 1202 2387 Ciceronis
1235 2347 1342 2388 688.
1389 2348 1586 2403 Pompeio
1615 2353 1790 2390 ⁴auctore
1823 2354 1996 2390 senatus
2029 2351 2094 2390 iu·
2143 2404 2153 2418 .

261 2415 374 2455 dicat
422 2427 555 2468 remp.
597 2414 808 2454 Ciceronis
847 2414 1035 2453 consiliis
1066 2427 1160 2454 esse
1204 2418 1493 2455 conservatam
1523 2413 1632 2458 687.
1678 2416 1827 2457 suadet
1867 2411 2004 2470 legem
2043 2414 2096 2458 de
2146 2427 2151 2462 ζ

261 2481 528 2521 restituendo
562 2481 759 2520 Cicerone
793 2480 900 2520 688.
936 2481 1131 2533 Pompeio
1165 2481 1442 2521 committitur
1473 2494 1574 2522 cura
1606 2492 1799 2523 annonae
1836 2482 1945 2524 691.
1979 2482 2098 2524 Ροιιι-

264 2548 386 2600 peius
422 2547 611 2586 defendit
643 2547 688 2585 L.
719 2546 957 2585 Cornelium
990 2545 1163 2585 Balbum
1196 2545 1304 2588 700.
1355 2547 1536 2588 alterum
1580 2549 1848 2588 consulatum
1895 2539 1949 2604 (a.
1983 2539 2095 2606 699)
2144 2548 2158 2585 ⁴².

262 2609 374 2666 gerit
405 2611 513 2654 702.
560 2625 734 2652 munera
769 2612 857 2651 edit
889 2611 1305 2664 magnificentissima
1335 2610 1444 2659 703
1479 2617 1649 2668 cooptat
1680 2615 1922 2656 Ciceronem
1960 2628 2098 2668 augu·
2161 2631 2163 2662 ς

262 2692 353 2729 rem
385 2677 493 2720 713.
538 2679 711 2718 tertium
765 2679 1031 2718 consulatum
1074 2666 1126 2733 (a.
1166 2668 1278 2734 702)
1322 2679 1432 2731 gerit
1471 2677 1579 2721 714.
1625 2681 1799 2721 sormam
1841 2682 2093 2727 iudiciorum
2153 2681 2157 2687 ’

265 2749 495 2785 commutat
514 2743 622 2786 715.
660 2745 862 2796 collegam
897 2744 977 2784 sibi
1005 2745 1050 2783 in
1083 2745 1308 2804 consulatu
1341 2745 1446 2798 legit
1474 2758 1672 2787 socerum
1699 2743 1823 2787 suum
1851 2746 1960 2791 718.
1995 2761 2092 2790 cum

261 2813 493 2862 Cicerone,
543 2812 589 2851 in
628 2811 886 2865 provinciam
910 2810 1260 2872 proficiscente,
1306 2811 1494 2852 triduum
1537 2813 1589 2854 de
1629 2826 1719 2868 rep.
1756 2814 1946 2868 loquitur
1982 2815 2091 2859 ⁷24.

260 2879 422 2919 resistit
460 2878 686 2925 Marcello,
731 2877 1008 2917 contendenti
1042 2881 1091 2917 ut
1135 2876 1355 2918 successor
1391 2879 1586 2920 mittatur
1629 2880 1791 2920 Caesari
1827 2882 1872 2922 in
1918 2883 2094 2924 Galliam
2142 2911 2143 2914 =

266 2943 375 2987 729.
413 2958 510 2984 cum
540 2945 738 2984 Cicerone
768 2957 791 2984 e
821 2944 1036 3002 provincia
1069 2943 1301 2984 decedente
1339 2944 1493 2985 iterum
1526 2945 1783 3000 colloquium
1817 2948 1945 2990 habet
1981 2947 2096 2992 732:
2138 2959 2142 2978 ’-

199 3014 203 3017 ’
261 3012 366 3051 ortis
395 3011 615 3050 discordiis
648 3011 843 3050 civilibus
874 3008 998 3061 734,
1033 3010 1182 3050 Caesar
1208 3001 1260 3051 ad
1287 3003 1561 3066 Pompeium,
1595 3024 1728 3065 quum
1760 3015 1924 3068 Capuae
1952 3021 2092 3068 esset,

263 3078 529 3117 conditiones
568 3077 701 3116 mittit
737 3076 845 3118 738.
891 3077 1114 3130 Pompeius
1148 3077 1278 3117 semel
1313 3078 1552 3131 iterumque
1586 3079 1826 3120 Ciceronem
1855 3082 2007 3123 invitat
2044 3087 2094 3124 ut
2137 3108 2142 3130 ς
2176 3129 2183 3135 ,

236 3144 311 3184 >ad
353 3156 399 3183 se
438 3142 582 3183 'veniat
613 3141 721 3184 740.
747 3141 868 3184 741.
914 3143 1056 3183 audita
1089 3143 1206 3183 clade
1251 3143 1502 3185 Corfiniensi
1542 3147 1707 3186 confert
1745 3159 1792 3187 se
1824 3143 2092 3190 Brundisium
2138 3176 2153 3186 .

265 3209 374 3252 741.
411 3210 484 3249 sed
520 3210 704 3249 adventu
738 3210 922 3249 Caesaris
962 3210 1060 3249 inde
1101 3209 1317 3249 discedere
1350 3215 1520 3252 coactus
1540 3242 1552 3262 ,
1594 3225 1691 3252 cum
1728 3214 1923 3254 omnibus
1957 3216 2090 3269 copiis
2125 3219 2127 3222 ⁴

259 3277 305 3315 in
343 3277 556 3315 Graeciam
601 3276 756 3315 traiicit
793 3274 900 3317 743.
947 3290 1032 3329 quo
1076 3277 1215 3329 ipsum
1259 3278 1453 3330 sequitur
1497 3279 1641 3318 Cicero
1684 3277 1811 3322 745.-
1838 3282 2058 3334 Pompeius
2077 3312 2090 3334 ,
2125 3318 2128 3322 ⁴

258 3343 502 3395 Dyrrhachii
536 3356 560 3382 a
588 3343 759 3381 Caesare
793 3342 991 3382 obsessus
1012 3372 1023 3394 ,
1057 3342 1238 3382 elabitur
1271 3347 1315 3383 et
1341 3344 1501 3385 bellum
1532 3346 1732 3386 transfert
1760 3347 1804 3386 in
1839 3347 2089 3388 Thessaliam
2131 3379 2158 3402 ⁴,

263 3406 373 3451 748.
408 3409 452 3447 in
487 3409 643 3461 praelio
671 3409 723 3447 ad
753 3409 994 3449 Pharsalum
1029 3410 1164 3449 victus
1198 3408 1289 3450 748
1312 3439 1322 3461 ,
1352 3411 1467 3463 sugit
1493 3412 1538 3454 in
1568 3411 1804 3467 Aegyptum
1823 3443 1834 3465 ,
1869 3413 1940 3454 ubi
1969 3414 2086 3455 iussu
2123 3414 2128 3421 ’
2155 3429 2157 3438 ’

255 3475 479 3529 Ptolemaei
512 3474 765 3515 interficitur
797 3474 905 3516 749.
2155 3479 2157 3481 ’
