2150 3990
258 235 356 285 152
557 237 627 283 f:
698 288 701 298 s
828 244 1034 283 menno
1083 245 1149 282 DE
1200 246 1335 283 νιτΑ
1387 246 1489 283 sm
1627 233 1649 254 ‘

256 380 406 434 illum
451 376 782 442 Cornelium,
833 378 899 433 ad
931 395 1090 450 quem
1130 396 1357 450 regnum
1387 379 1551 434 huius
1584 378 1921 451 urbis-'atque
1961 383 2059 436 ima

254 481 462 554 perium
500 478 776 550 pervenire
815 484 954 531 esset
987 495 1225 532 necesse:
1267 479 1488 533 Cinnam
1522 484 1644 532 ante
1678 495 1733 532 se
1771 486 1823 532 et
1853 479 2057 535 Sullam

254 579 448 634 fuisse:
491 578 842 647 eumdemque
868 577 1093 642 dixisse,
1121 578 1333 632 fatalem
1362 579 1503 633 hunc
1525 596 1638 634 esse
1659 596 1858 633 annum
1885 581 1951 634 ad
1976 583 2055 634 in-

253 682 472 734 teritum
506 677 668 730 huius
695 675 844 729 urbis
871 682 1030 746 atque
1056 677 1297 748 imperii,
1337 681 1429 749 qui
1462 685 1600 733 esset
1620 679 1859 733 decimus
1885 697 2061 733 annus

247 785 365 850 post
398 777 682 847 Virginum
716 775 1282 848 absolutionem,‚post
1314 779 1555 850 Capitolii
1581 787 1761 834 autem
1800 781 2060 834 incensio·

250 895 371 932 nem
410 877 714 931 vicesimus,
794 875 942 929 Hanc
982 882 1163 930 autem
1198 877 1427 948 Cethego
1465 881 1820 934 oumceteris
1853 887 2061 955 contro·

247 979 478 1033 versiam
511 975 678 1030 fuisse
717 975 998 1039 dixerunt,
1037 976 1178 1046 quod
1208 976 1432 1030 Lentulo
1470 969 1529 1032 et'
1561 978 1679 1032 aliis
1718 979 2058 1033 caedem-Sa-
2139 966 2142 970 ⁵

245 1075 547 1132 turnalibus
569 1064 576 1068 ’
598 1074 714 1128 fieri
771 1080 932 1145 atque
990 1074 1182 1129 Urbem
1242 1075 1453 1132 incendi
1511 1076 1771 1147 placeret,
1821 1078 2059 1149 Cethego
2086 1097 2091 1100 ’

245 1177 471 1233 nimium
506 1175 558 1231 id
598 1175 818 1247 longum
856 1174 1042 1230 videri.

319 1380 508 1436 XXIII.
589 1385 675 1435 71.
717 1380 791 1435 Ac
813 1396 879 1434 ne
899 1379 1118 1451 longum
1140 1381 1239 1444 sit,
1273 1379 1492 1434 tabellas
1513 1378 1737 1452 proferri
1771 1380 2060 1443 iussimus,

241 1498 376 1552 quae
414 1499 444 1535 a
476 1484 690 1553 quoque
721 1479 1039 1533 dicebantur
1071 1479 1241 1534 datae.
1322 1480 1563 1533 Primum
1603 1479 1935 1533 ostendimus
1967 1479 2058 1534 Ce-

238 1581 398 1652 thego
437 1576 681 1650 signum:
735 1578 998 1649 cognovit.
1087 1578 1192 1632 Nos
1228 1577 1402 1633 linum
1442 1578 1760 1633 incidimus:
1808 1578 2055 1650 legimus,

241 1680 371 1737 Erat
409 1680 673 1750 scriptum
713 1679 882 1749 ipsius
921 1694 1086 1732 manu
1123 1677 1466 1748 Allobrogum
1504 1680 1714 1732 senatui
1753 1685 1807 1732 et
1838 1680 2065 1751 populo,

241 1796 380 1844 sese,
407 1796 544 1850 quae
572 1795 757 1833 eorum
779 1778 970 1849 legatis
989 1778 1385 1844 confirmasset,
1412 1796 1534 1834 esse
1548 1778 1845 1836 facturum:
1879 1798 2067 1848 orare-7

242 1887 303 1937 ut
348 1882 478 1935 item
517 1879 595 1934 illi
640 1878 912 1944 facerent,
964 1896 1100 1950 quae
1139 1880 1242 1934 sibi
1281 1880 1443 1951 legati
1481 1897 1686 1950 eorumn-
1711 1882 2067 1953 recepissent,¹

242 1982 382 2036 Tum
420 1980 712 2051 CetheguS,
752 1981 845 2051 qui
876 1980 1054 2052 paullo
1085 1987 1210 2035 ante
1236 1980 1438 2053 aliquid
1463 1987 1643 2036 tamen
1677 1982 1742 2036 de
1774 1982 1963 2053 gladiis
1995 1983 2065 2037 ae

240 2082 396 2145 sicis,
447 2097 584 2152 quae
636 2080 778 2152 apud
823 2081 1002 2152 ipsum
1052 2086 1206 2135 erant
1257 2079 1614 2151 deprehensae
1634 2123 1649 2146 ‚
1674 2132 1677 2134 ,
1701 2082 2058 2153 respondisset

239 2166 567 2252 dixissetqu‘e
586 2220 602 2245 ,
641 2197 698 2234 se
730 2197 942 2251 semper
978 2179 1251 2234 bonorum.
1279 2178 1726 2235 ferramentorum
1759 2181 2058 2235 studiosum

242 2281 434 2347 fuisse,
474 2282 716 2336 recitatis
743 2281 940 2335 litteris
967 2279 1277 2335 debilitatus
1305 2286 1465 2351 atque
1493 2280 1760 2346 abiectuS‚
1787 2283 2060 2337 conscien-
2148 2339 2150 2341 .

240 2383 316 2437 tia
350 2382 658 2445 convictUS,
695 2387 914 2452 repente
953 2382 1231 2435 conticuit.
1313 2385 1399 2435 72.
1441 2381 1785 2436 Introductus
1823 2390 1904 2436 est
1944 2384 2059 2438 Sta-

241 2482 416 2536 tilius:
459 2482 706 2551 cognovit
740 2487 793 2534 et
821 2482 1036 2551 signum
1065 2487 1119 2534 et
1145 2497 1368 2534 manum
1402 2498 1572 2535 suam.
1632 2483 1905 2538 Recitatae
1933 2491 2059 2538 sunt
2144 2486 2150 2540 ζ

243 2582 464 2639 tabellae
509 2583 565 2636 in
603 2581 846 2636 eamdem
886 2581 995 2636 sere
1035 2582 1383 2636 sententiam:
1433 2581 1705 2637 confessus
1743 2591 1841 2638 est.
1922 2586 2058 2640 Tum
2146 2587 2147 2592 ’

242 2662 450 2737 ostendi
484 2680 704 2736 tabellas
729 2680 979 2745 Lentulo,
1007 2687 1061 2735 et
1089 2682 1359 2752 quaesivi,
1386 2690 1797 2753 cognosceretne
1823 2685 2067 2755 signum.¹

241 2772 462 2837 Annuit.
541 2781 639 2837 Est
663 2797 818 2844 vero,
837 2781 1096 2851 inquam,
1129 2781 1345 2851 signum
1371 2788 1589 2847 notum,
1621 2785 1799 2854 imago
1830 2786 1915 2838 avi
1950 2787 2060 2848 tui,

244 2882 529 2940 clarissimi
567 2882 708 2945 viri,
758 2882 852 2952 qui
903 2882 1104 2934 amavit
1152 2882 1309 2935 unice
1353 2883 1584 2953 patriam
1624 2891 1677 2938 et
1716 2886 1858 2938 cives
1910 2902 2063 2939 suos:

245 3000 380 3055 quae
413 2981 630 3054 quidem
657 2988 710 3055 te
743 2999 774 3037 a
801 2987 952 3035 tanto
985 2980 1184 3035 scelere
1204 2982 1367 3035 etiam
1400 2989 1552 3037 muta
1581 3000 1832 3038 revocare
1859 2984 2058 3039 debuit.
2146 2995 2147 2998 ’

244 3085 520 3154 Leguntur
559 3082 743 3139 eadem
781 3082 988 3136 ratione
1026 3081 1093 3135 ad
1131 3088 1377 3137 senatum
1410 3082 1750 3154 Allobrogum
1783 3084 2062 3156 populum·
2139 3071 2142 3077 ¹

245 3200 348 3255 que
379 3182 617 3238 litterae:
658 3182 705 3237 si
736 3180 868 3252 quid
906 3180 971 3235 de
991 3180 1075 3237 his
1103 3181 1262 3236 rebus
1283 3182 1460 3238 dicere
1479 3184 1659 3248 vellet,
1700 3183 1802 3238 feci
1833 3192 2062 3256 potesta-

246 3291 375 3339 tem.
451 3283 626 3353 Atque
670 3281 758 3335 ille
796 3282 970 3353 primo
1021 3281 1237 3351 quidem
1284 3284 1531 3352 negavit:
1583 3290 1702 3354 post
1739 3291 1920 3339 autem
1968 3286 2062 3339 ali·
2120 3335 2122 3337 .

246 3388 473 3455 quanm,
524 3388 635 3434 toto
681 3383 788 3435 iam
828 3381 1025 3435 indicio
1070 3382 1307 3452 exposito
1357 3388 1516 3452 atque
1567 3382 1742 3447 edito,
1795 3387 2057 3440 surrexit:

244 3482 507 3556 quaesivit
539 3498 581 3534 a>
607 3481 769 3534 Gallis
790 3524 803 3543 ‚
844 3481 973 3551 quid
1007 3480 1105 3534 sibi
1139 3488 1275 3534 esset
1310 3497 1435 3540 cum
1469 3483 1561 3535 iis:
1602 3484 1944 3552 quamohrem
1974 3485 2059 3538 do-
