2150 3990
170 249 274 299 266
769 259 979 298 cicnao
1025 262 1094 297 Dc
1143 260 1280 298 viu
1327 261 1432 298 sm

163 395 484 450 amoenitate
522 408 689 465 paene
725 394 870 449 solus
915 395 1165 459 relictuS,
1219 411 1283 449 ex
1329 394 1418 448 illo
1463 393 1709 449 cubiculo
1742 410 1868 458 suo,
1919 413 1981 450 ex

161 514 268 568 quo
319 494 421 549 sibi
469 494 782 550 Stabianum
827 496 1187 567 perforaverat
1226 502 1279 550 et
1323 494 1648 567 patefecerat
1684 495 1946 550 Misenum
1967 538 1984 560 ,

162 597 429 651 matutina
485 603 726 667 tempora
764 596 1104 651 lectiunculis
1144 596 1527 661 consumebat,
1575 596 1809 667 reliquas
1859 612 1986 649 vero

160 696 479 769 partesvdiei
506 696 853 751 consumebat
885 698 953 750 iis
973 697 1444 762 delectationibus,
1484 713 1617 769 quas
1638 697 1740 751 sibi
1774 697 1887 768 ipse
1919 695 1985 750 ad

159 797 447 852 arbitrium
480 813 640 850 suum
669 802 1085 866 comparaverat.
1164 797 1299 851 Nam
1321 803 1337 834 ¹
1374 815 1462 852 me
1486 813 1655 869 quum
1689 802 1847 851 antea
1878 802 1989 850 tae-

160 898 345 962 debat,
386 912 554 967 quum
587 902 642 948 et
680 901 826 948 aetas
858 902 911 948 et
951 896 1172 948 ambitio
1203 912 1290 950 me
1322 896 1667 963 hortabatur,
1707 905 1759 952 et
1791 897 1987 952 licebat

160 998 390 1066 denique
410 1037 425 1059 ,
484 1011 645 1065 quem
686 994 927 1049 nolebam
951 1037 965 1059 ,
1025 1011 1130 1049 non
1169 995 1487 1058 defendere3
1545 1003 1665 1050 tum
1702 1013 1828 1051 vero
1886 999 1985 1052 hoc

162 1103 399 1168 tempore
430 1097 540 1150 vita
579 1095 726 1150 nulla
764 1102 896 1150 erat.
976 1095 1159 1167 Neque
1191 1096 1337 1151 enim
1371 1085 1609 1151 fructum
1644 1096 1815 1152 ullum
1847 1096 1986 1151 labo-

158 1198 235 1252 ris
287 1195 663 1268 exspectabam
683 1239 698 1261 ,
750 1202 804 1250 et
857 1195 1085 1268 cogebar
1123 1212 1530 1268 nonnumquam
1581 1196 1825 1251 homines
1882 1213 1987 1251 non

158 1298 358 1369 optime
410 1296 475 1351 de
526 1314 613 1351 me
665 1297 888 1351 meritos
907 1338 923 1362 ,
981 1303 1176 1368 rogatu
1215 1313 1431 1362 eorum,
1479 1297 1577 1368 qui
1620 1296 1754 1352 bene
1805 1298 1988 1352 meriti

156 1403 312 1454 erant
332 1439 346 1462 ,
400 1396 698 1452 defendere.
791 1400 881 1451 61.
925 1396 1070 1452 Sed²
1123 1397 1254 1452 haec
1306 1397 1525 1452 ferenda
1574 1403 1763 1464 erant;
1815 1414 1988 1469 neque

156 1497 606 1554 committendum
625 1541 641 1564 ,
682 1504 743 1553 ut
776 1505 870 1553 aut
902 1499 1051 1569 spei,
1091 1503 1185 1552 aut
1212 1497 1525 1569 cogitationi
1557 1497 1857 1552 amicorum
1890 1514 1988 1569 ego

155 1599 368 1654 viderer
418 1598 678 1654 defuisse:
732 1599 1053 1670 praesertim
1099 1614 1269 1669 quum
1290 1640 1305 1663 ,
1357 1599 1577 1653 tametsi
1620 1597 1677 1652 id
1715 1597 1988 1653 difficilius

155 1699 321 1754 fuerit
340 1741 356 1763 ,
395 1705 578 1754 tamen
618 1716 683 1754 ex
722 1699 822 1754 hoc
854 1698 1035 1753 labore
1072 1714 1326 1770 magnam
1365 1699 1598 1769 gratiam
1620 1700 1989 1770 magnamque

156 1799 477 1870 dignitatem
536 1817 710 1854 essem
762 1799 1101 1855 collecturus
1181 1800 1370 1871 Itaque
1389 1842 1405 1866 ‚
1463 1806 1524 1854 ut
1584 1801 1652 1855 iis
1710 1800 1988 1872 placebat,

156 1901 415 1957 dabamus
466 1918 682 1973 operam
704 1944 719 1966 ‚
772 1918 839 1956 ne
878 1902 1037 1956 cuius
1075 1903 1319 1956 animum
1359 1900 1751 1957 offenderemus
1770 1943 1786 1966 ‚
1827 1907 1989 1973 atque

154 2010 217 2058 ut
267 2004 434 2057 etiam
474 2002 541 2057 ab
581 2004 649 2057 iis
690 2003 851 2075 ipsiS,
904 2003 998 2075 qui
1038 2018 1136 2058 nos
1174 2019 1301 2058 cum
1339 2003 1564 2059 Caesare
1602 2009 1714 2057 tam
1767 2003 1987 2058 coniun-

156 2111 270 2159 ctos
298 2104 576 2169 dolebant,
611 2103 984 2175 diligeremur,
1010 2105 1076 2159 ab
1109 2105 1297 2176 aequis
1314 2120 1466 2167 vero,
1506 2110 1602 2159 aut
1622 2105 1783 2159 etiam
1806 2121 1837 2158 a
1869 2121 1987 2177 pro-

154 2206 334 2277 pensis
373 2206 430 2260 in
469 2205 608 2261 hanc
647 2211 886 2279 partem,
938 2205 1284 2264 vehementer
1322 2211 1377 2261 et
1415 2205 1716 2261 coleremur
1745 2212 1800 2260 et
1845 2222 1988 2260 ama-

154 2322 356 2361 remur.
454 2307 609 2362 Diem
629 2313 652 2345 ³
703 2312 885 2362 autem
924 2307 1068 2361 ,scito
1107 2306 1272 2361 fuisse
1311 2305 1552 2370 nullum,
1603 2322 1710 2378 quo
1755 2305 1842 2361 die
1880 2322 1985 2361 non

157 2406 386 2462 dixerim
425 2425 522 2479 pro
560 2425 666 2463 reo.

232 2606 392 2662 XXV.
473 2609 561 2660 62.
604 2605 832 2678 Itaque4
872 2622 1041 2677 quum
1082 2606 1370 2669 Reatini,
1409 2606 1504 2677 qui
1549 2611 1730 2659 essent
1781 2607 1838 2659 in
1884 2605 1986 2661 fide

155 2723 302 2772 mea,
342 2723 430 2761 me
469 2723 623 2762 suam
661 2705 931 2779 publicam
972 2722 1218 2760 caussam
1258 2704 1327 2760 de
1363 2705 1538 2760 Velini
1578 2703 1903 2760 fluminibusv
1933 2712 1985 2760 et

155 2807 422 2864 cuniculis
451 2807 608 2880 'apud
654 2807 751 2862 hos
790 2807 1035 2862 consules
1081 2823 1239 2879 agere
1283 2806 1606 2869 voluissent,
1659 2823 1765 2860 non
1803 2807 1986 2862 existi-

156 2909 328 2974 mavi,
368 2926 456 2964 me
495 2925 668 2981 neque
712 2909 964 2980 dignitati
1003 2907 1371 2981 praefecturae
1410 2907 1761 2979 gravissimae
1811 2923 1986 2978 neque

119 3053 122 3055 .
156 3011 279 3067 fidei
312 3027 463 3066 meae
495 3012 628 3066 satis
667 3027 782 3066 esse
810 3009 1107 3075 facturum,
1149 3011 1255 3065 nisi
1291 3026 1380 3064 me
1412 3025 1659 3064 caussam
1692 3008 1839 3063 illam
1878 3025 1985 3062 non

156 3112 348 3168 solum·
375 3112 619 3167 homines
640 3155 653 3177 ‚
708 3110 801 3166 sed
845 3113 1009 3167 etiam
1047 3111 1198 3167 locus
1236 3113 1351 3184 ipse
1389 3111 1646 3183 lacusque
1696 3109 1982 3164 docuisset.

157 3198 414 3268 Reatini⁵
456 3230 541 3268 me
583 3213 648 3268 ad
688 3229 786 3268 sua
825 3212 1001 3282 τέμπη
1033 3213 1339 3277 duxerunt,
1381 3218 1441 3266 ut
1479 3226 1694 3282 agerem
1734 3225 1981 3265 caussam

216 3480 258 3534 ἰ)
279 3476 390 3521 lbid.
423 3479 506 3534 94.
542 3504 597 3510 -
633 3477 740 3536 2)ad
763 3482 813 3537 Q.
842 3476 1096 3523 fratremn.
1126 3481 1196 3522 16.
1227 3479 1311 3535 §L
1346 3502 1402 3510 -
1437 3474 1603 3535 ³)1bid.
1638 3478 1718 3520 111.
1747 3478 1788 3518 3.
1817 3477 1979 3532 51.-

156 3557 199 3612 4)
233 3571 307 3616 pro
335 3557 493 3599 Scauro
510 3571 544 3599 c.
563 3558 602 3598 2.
633 3558 656 3612 ᾗ
677 3558 747 3600 27.
768 3556 833 3612 (in
853 3555 954 3600 edit.
973 3553 1125 3601 Nobbii
1146 3572 1184 3617 p.
1206 3551 1360 3615 1299.)
1380 3582 1434 3590 -—
1454 3558 1495 3616 ⁵)
1527 3555 1578 3602 ad
1599 3558 1688 3601 Ait.
1709 3559 1777 3601 lv.
1800 3558 1869 3599 15.
1897 3555 1919 3610 ᾗ
1940 3558 1981 3598 5.
