<?xml version="1.0" encoding="UTF-8"?>
<!DOCTYPE html PUBLIC "-//W3C//DTD XHTML 1.0 Transitional//EN"
    "http://www.w3.org/TR/xhtml1/DTD/xhtml1-transitional.dtd">
<html xmlns="http://www.w3.org/1999/xhtml" xml:lang="en" lang="en">
 <head>
  <title>
</title>
<meta http-equiv="Content-Type" content="text/html;charset=utf-8" />
  <meta name='ocr-system' content='tesseract 3.04.00' />
  <meta name='ocr-capabilities' content='ocr_page ocr_carea ocr_par ocr_line ocrx_word'/>
</head>
<body>
  <div class='ocr_page' id='page_1' title='image "./mtulliiciceronis00suriuoft/mtulliiciceronis00suriuoft_0172.png"; bbox 0 0 2150 3990; ppageno 0'>
   <div class='ocr_carea' id='block_1_1' title="bbox 277 317 1999 354">
    <p class='ocr_par' dir='ltr' id='par_1_1' title="bbox 277 317 1999 354">
     <span class='ocr_line' id='line_1_1' title="bbox 277 317 1999 354; baseline 0.003 -18"><span class='ocrx_word' id='word_1_1' title='bbox 277 317 945 350; x_wconf 55' lang='grc' dir='ltr'><strong>ΜΙΜΙΜΠΜΨΜΙἯ</strong></span> <span class='ocrx_word' id='word_1_2' title='bbox 951 321 1463 342; x_wconf 64' lang='lat' dir='ltr'><strong>mmm</strong></span> <span class='ocrx_word' id='word_1_3' title='bbox 1472 320 1885 354; x_wconf 44' lang='lat' dir='ltr'><strong>nmpffiww</strong></span> <span class='ocrx_word' id='word_1_4' title='bbox 1891 321 1999 342; x_wconf 61' lang='lat' dir='ltr'><strong>w!</strong></span> 
     </span>
    </p>
   </div>
   <div class='ocr_carea' id='block_1_2' title="bbox 842 1292 1413 1363">
    <p class='ocr_par' dir='ltr' id='par_1_2' title="bbox 842 1292 1413 1363">
     <span class='ocr_line' id='line_1_2' title="bbox 842 1292 1413 1363; baseline -0.002 -14"><span class='ocrx_word' id='word_1_5' title='bbox 842 1293 1040 1351; x_wconf 70' lang='lat' dir='ltr'><strong>mann</strong></span> <span class='ocrx_word' id='word_1_6' title='bbox 1081 1292 1413 1363; x_wconf 75' lang='lat' dir='ltr'><strong>QUARTUS.</strong></span> 
     </span>
    </p>
   </div>
   <div class='ocr_carea' id='block_1_3' title="bbox 214 1493 2045 3274">
    <p class='ocr_par' dir='ltr' id='par_1_3' title="bbox 214 1493 2045 3274">
     <span class='ocr_line' id='line_1_3' title="bbox 295 1493 2042 1568; baseline -0.001 -19"><span class='ocrx_word' id='word_1_7' title='bbox 295 1493 335 1550; x_wconf 92' lang='grc' dir='ltr'><strong>Ι.</strong></span> <span class='ocrx_word' id='word_1_8' title='bbox 420 1500 465 1549; x_wconf 91' lang='grc'><strong>1.</strong></span> <span class='ocrx_word' id='word_1_9' title='bbox 508 1493 771 1568; x_wconf 82' lang='lat' dir='ltr'>Equidem</span> <span class='ocrx_word' id='word_1_10' title='bbox 794 1503 809 1534; x_wconf 90' lang='lat'><strong>¹</strong></span> <span class='ocrx_word' id='word_1_11' title='bbox 852 1496 1196 1552; x_wconf 83' lang='lat' dir='ltr'><strong>vehementer</strong></span> <span class='ocrx_word' id='word_1_12' title='bbox 1231 1494 1428 1561; x_wconf 79' lang='lat' dir='ltr'><strong>laetor,</strong></span> <span class='ocrx_word' id='word_1_13' title='bbox 1487 1510 1615 1551; x_wconf 86' lang='lat' dir='ltr'><strong>eum</strong></span> <span class='ocrx_word' id='word_1_14' title='bbox 1657 1493 1823 1554; x_wconf 82' lang='lat' dir='ltr'><strong>fuisse</strong></span> <span class='ocrx_word' id='word_1_15' title='bbox 1860 1510 1946 1550; x_wconf 89' lang='lat' dir='ltr'><strong>me</strong></span> <span class='ocrx_word' id='word_1_16' title='bbox 1986 1495 2042 1549; x_wconf 85' lang='lat' dir='ltr'><strong>in</strong></span> 
     </span>
     <span class='ocr_line' id='line_1_4' title="bbox 222 1594 2045 1668; baseline 0.002 -20"><span class='ocrx_word' id='word_1_17' title='bbox 222 1596 371 1649; x_wconf 87' lang='lat' dir='ltr'><strong>exitu</strong></span> <span class='ocrx_word' id='word_1_18' title='bbox 404 1595 713 1651; x_wconf 89' lang='lat' dir='ltr'><strong>consulatus</strong></span> <span class='ocrx_word' id='word_1_19' title='bbox 733 1639 748 1662; x_wconf 90' lang='lat'><em>,</em></span> <span class='ocrx_word' id='word_1_20' title='bbox 802 1598 865 1651; x_wconf 76' lang='lat' dir='ltr'><strong>in·</strong></span> <span class='ocrx_word' id='word_1_21' title='bbox 891 1610 1051 1667; x_wconf 83' lang='lat' dir='ltr'><strong>quem</strong></span> <span class='ocrx_word' id='word_1_22' title='bbox 1073 1638 1088 1662; x_wconf 93' lang='lat'><strong><em>,</em></strong></span> <span class='ocrx_word' id='word_1_23' title='bbox 1141 1596 1187 1650; x_wconf 90' lang='lat' dir='ltr'><strong>si</strong></span> <span class='ocrx_word' id='word_1_24' title='bbox 1220 1596 1344 1667; x_wconf 82' lang='lat' dir='ltr'><strong>quis</strong></span> <span class='ocrx_word' id='word_1_25' title='bbox 1383 1601 1633 1668; x_wconf 80' lang='lat' dir='ltr'><strong>cuperet,</strong></span> <span class='ocrx_word' id='word_1_26' title='bbox 1685 1594 1890 1651; x_wconf 74' lang='lat' dir='ltr'><strong>nullam</strong></span> <span class='ocrx_word' id='word_1_27' title='bbox 1922 1607 2045 1651; x_wconf 48' lang='lat' dir='ltr'><strong>coa*</strong></span> 
     </span>
     <span class='ocr_line' id='line_1_5' title="bbox 222 1694 2044 1770; baseline 0.001 -22"><span class='ocrx_word' id='word_1_28' title='bbox 222 1696 499 1751; x_wconf 90' lang='lat' dir='ltr'><strong>tumeliam</strong></span> <span class='ocrx_word' id='word_1_29' title='bbox 539 1696 712 1752; x_wconf 88' lang='lat' dir='ltr'><strong>iacere</strong></span> <span class='ocrx_word' id='word_1_30' title='bbox 761 1697 1013 1770; x_wconf 90' lang='lat' dir='ltr'><strong>potuerit.</strong></span> <span class='ocrx_word' id='word_1_31' title='bbox 1101 1694 1316 1751; x_wconf 86' lang='lat' dir='ltr'><strong>Etenim</strong></span> <span class='ocrx_word' id='word_1_32' title='bbox 1336 1701 1376 1761; x_wconf 82' lang='lat'><strong>²,</strong></span> <span class='ocrx_word' id='word_1_33' title='bbox 1434 1696 1489 1750; x_wconf 91' lang='lat' dir='ltr'><strong>in</strong></span> <span class='ocrx_word' id='word_1_34' title='bbox 1535 1712 1642 1769; x_wconf 85' lang='lat' dir='ltr'><strong>qua</strong></span> <span class='ocrx_word' id='word_1_35' title='bbox 1693 1697 1915 1752; x_wconf 87' lang='lat' dir='ltr'><strong>civitate</strong></span> <span class='ocrx_word' id='word_1_36' title='bbox 1956 1713 2044 1752; x_wconf 88' lang='lat' dir='ltr'><strong>res</strong></span> 
     </span>
     <span class='ocr_line' id='line_1_6' title="bbox 218 1795 2043 1869; baseline 0.001 -19"><span class='ocrx_word' id='word_1_37' title='bbox 218 1801 397 1851; x_wconf 85' lang='lat' dir='ltr'><strong>tantas</strong></span> <span class='ocrx_word' id='word_1_38' title='bbox 436 1798 749 1868; x_wconf 82' lang='lat' dir='ltr'><strong>gessissem,</strong></span> <span class='ocrx_word' id='word_1_39' title='bbox 801 1797 1185 1860; x_wconf 79' lang='lat' dir='ltr'><strong>memineram3</strong></span> <span class='ocrx_word' id='word_1_40' title='bbox 1226 1797 1283 1851; x_wconf 92' lang='lat' dir='ltr'><strong>in</strong></span> <span class='ocrx_word' id='word_1_41' title='bbox 1320 1807 1430 1869; x_wconf 61' lang='lat' dir='ltr'><strong>qua</strong></span> <span class='ocrx_word' id='word_1_42' title='bbox 1472 1795 1605 1859; x_wconf 77' lang='lat' dir='ltr'><strong>urhe</strong></span> <span class='ocrx_word' id='word_1_43' title='bbox 1656 1813 1925 1863; x_wconf 84' lang='lat' dir='ltr'><strong>versarer,</strong></span> <span class='ocrx_word' id='word_1_44' title='bbox 1964 1797 2043 1852; x_wconf 89' lang='lat' dir='ltr'><strong>in·</strong></span> 
     </span>
     <span class='ocr_line' id='line_1_7' title="bbox 218 1895 2044 1970; baseline 0.002 -21"><span class='ocrx_word' id='word_1_45' title='bbox 218 1895 538 1967; x_wconf 86' lang='lat' dir='ltr'><strong>telligebam.</strong></span> <span class='ocrx_word' id='word_1_46' title='bbox 636 1896 859 1951; x_wconf 88' lang='lat' dir='ltr'><strong>Plenum</strong></span> <span class='ocrx_word' id='word_1_47' title='bbox 910 1895 1086 1951; x_wconf 84' lang='lat' dir='ltr'><strong>forum</strong></span> <span class='ocrx_word' id='word_1_48' title='bbox 1143 1902 1260 1952; x_wconf 88' lang='lat' dir='ltr'><strong>erat</strong></span> <span class='ocrx_word' id='word_1_49' title='bbox 1310 1912 1496 1952; x_wconf 91' lang='lat' dir='ltr'><strong>eorum</strong></span> <span class='ocrx_word' id='word_1_50' title='bbox 1531 1896 1866 1962; x_wconf 81' lang='lat' dir='ltr'><strong>hominum,</strong></span> <span class='ocrx_word' id='word_1_51' title='bbox 1911 1913 2044 1970; x_wconf 88' lang='lat' dir='ltr'><strong>quos</strong></span> 
     </span>
     <span class='ocr_line' id='line_1_8' title="bbox 219 1995 2044 2068; baseline 0.002 -18"><span class='ocrx_word' id='word_1_52' title='bbox 219 2012 316 2066; x_wconf 86' lang='lat' dir='ltr'><strong>ego</strong></span> <span class='ocrx_word' id='word_1_53' title='bbox 347 2012 378 2050; x_wconf 91' lang='lat' dir='ltr'><strong>a</strong></span> <span class='ocrx_word' id='word_1_54' title='bbox 423 1997 624 2051; x_wconf 91' lang='lat' dir='ltr'><strong>civium</strong></span> <span class='ocrx_word' id='word_1_55' title='bbox 669 1997 970 2052; x_wconf 90' lang='lat' dir='ltr'><strong>cervicibus</strong></span> <span class='ocrx_word' id='word_1_56' title='bbox 1009 1995 1349 2068; x_wconf 87' lang='lat' dir='ltr'><strong>depuleram,</strong></span> <span class='ocrx_word' id='word_1_57' title='bbox 1406 2012 1439 2051; x_wconf 87' lang='lat' dir='ltr'><strong>a</strong></span> <span class='ocrx_word' id='word_1_58' title='bbox 1476 1997 1613 2052; x_wconf 89' lang='lat' dir='ltr'><strong>meis</strong></span> <span class='ocrx_word' id='word_1_59' title='bbox 1664 2014 1769 2052; x_wconf 92' lang='lat' dir='ltr'><strong>non</strong></span> <span class='ocrx_word' id='word_1_60' title='bbox 1810 2014 2044 2053; x_wconf 89' lang='lat' dir='ltr'><strong>remove·</strong></span> 
     </span>
     <span class='ocr_line' id='line_1_9' title="bbox 218 2095 2043 2168; baseline 0.001 -20"><span class='ocrx_word' id='word_1_61' title='bbox 218 2111 352 2149; x_wconf 90' lang='lat' dir='ltr'><strong>ram.</strong></span> <span class='ocrx_word' id='word_1_62' title='bbox 432 2095 636 2150; x_wconf 91' lang='lat' dir='ltr'><strong>Horum</strong></span> <span class='ocrx_word' id='word_1_63' title='bbox 669 2114 767 2168; x_wconf 90' lang='lat' dir='ltr'><strong>ego</strong></span> <span class='ocrx_word' id='word_1_64' title='bbox 805 2095 949 2151; x_wconf 88' lang='lat' dir='ltr'><strong>faces</strong></span> <span class='ocrx_word' id='word_1_65' title='bbox 987 2097 1194 2168; x_wconf 89' lang='lat' dir='ltr'><strong>eripere</strong></span> <span class='ocrx_word' id='word_1_66' title='bbox 1233 2095 1299 2151; x_wconf 86' lang='lat' dir='ltr'><strong>de</strong></span> <span class='ocrx_word' id='word_1_67' title='bbox 1337 2095 1587 2150; x_wconf 85' lang='lat' dir='ltr'><strong>manibus</strong></span> <span class='ocrx_word' id='word_1_68' title='bbox 1626 2101 1680 2150; x_wconf 90' lang='lat' dir='ltr'><strong>et</strong></span> <span class='ocrx_word' id='word_1_69' title='bbox 1719 2095 1924 2167; x_wconf 83' lang='lat' dir='ltr'><strong>gladios</strong></span> <span class='ocrx_word' id='word_1_70' title='bbox 1956 2113 2043 2151; x_wconf 87' lang='lat' dir='ltr'><strong>ex-</strong></span> 
     </span>
     <span class='ocr_line' id='line_1_10' title="bbox 216 2195 2044 2268; baseline 0.001 -19"><span class='ocrx_word' id='word_1_71' title='bbox 216 2202 467 2267; x_wconf 88' lang='lat' dir='ltr'><strong>torquere</strong></span> <span class='ocrx_word' id='word_1_72' title='bbox 517 2197 704 2268; x_wconf 89' lang='lat' dir='ltr'><strong>potui,</strong></span> <span class='ocrx_word' id='word_1_73' title='bbox 764 2197 906 2252; x_wconf 91' lang='lat' dir='ltr'><strong>sieut</strong></span> <span class='ocrx_word' id='word_1_74' title='bbox 945 2195 1080 2251; x_wconf 81' lang='lat' dir='ltr'><strong>feci:</strong></span> <span class='ocrx_word' id='word_1_75' title='bbox 1133 2195 1438 2251; x_wconf 89' lang='lat' dir='ltr'><strong>voluntates</strong></span> <span class='ocrx_word' id='word_1_76' title='bbox 1483 2211 1610 2251; x_wconf 91' lang='lat' dir='ltr'><strong>vero</strong></span> <span class='ocrx_word' id='word_1_77' title='bbox 1653 2195 2044 2252; x_wconf 87' lang='lat' dir='ltr'><strong>consceleratas</strong></span> 
     </span>
     <span class='ocr_line' id='line_1_11' title="bbox 216 2295 2041 2369; baseline 0.001 -19"><span class='ocrx_word' id='word_1_78' title='bbox 216 2313 278 2351; x_wconf 88' lang='lat' dir='ltr'><strong>ae</strong></span> <span class='ocrx_word' id='word_1_79' title='bbox 342 2295 574 2352; x_wconf 85' lang='lat' dir='ltr'><strong>nefarias</strong></span> <span class='ocrx_word' id='word_1_80' title='bbox 632 2313 730 2352; x_wconf 91' lang='lat' dir='ltr'><strong>nec</strong></span> <span class='ocrx_word' id='word_1_81' title='bbox 788 2314 980 2353; x_wconf 89' lang='lat' dir='ltr'><strong>sanare</strong></span> <span class='ocrx_word' id='word_1_82' title='bbox 1035 2298 1188 2369; x_wconf 91' lang='lat' dir='ltr'><strong>potui</strong></span> <span class='ocrx_word' id='word_1_83' title='bbox 1245 2313 1345 2352; x_wconf 91' lang='lat' dir='ltr'><strong>nec</strong></span> <span class='ocrx_word' id='word_1_84' title='bbox 1407 2296 1609 2353; x_wconf 90' lang='lat' dir='ltr'><strong>tollere.</strong></span> <span class='ocrx_word' id='word_1_85' title='bbox 1702 2297 1879 2366; x_wconf 84' lang='lat' dir='ltr'><strong>Quare</strong></span> <span class='ocrx_word' id='word_1_86' title='bbox 1936 2314 2041 2352; x_wconf 92' lang='lat' dir='ltr'><strong>non</strong></span> 
     </span>
     <span class='ocr_line' id='line_1_12' title="bbox 215 2395 2038 2470; baseline 0.001 -20"><span class='ocrx_word' id='word_1_87' title='bbox 215 2412 363 2451; x_wconf 90' lang='lat' dir='ltr'><strong>eram</strong></span> <span class='ocrx_word' id='word_1_88' title='bbox 401 2397 645 2462; x_wconf 81' lang='lat' dir='ltr'><strong>neseiUS,</strong></span> <span class='ocrx_word' id='word_1_89' title='bbox 684 2403 884 2469; x_wconf 84' lang='lat' dir='ltr'><strong>quanto</strong></span> <span class='ocrx_word' id='word_1_90' title='bbox 922 2397 1162 2470; x_wconf 91' lang='lat' dir='ltr'><strong>periculo</strong></span> <span class='ocrx_word' id='word_1_91' title='bbox 1206 2397 1443 2452; x_wconf 79' lang='lat' dir='ltr'><strong>viverem</strong></span> <span class='ocrx_word' id='word_1_92' title='bbox 1488 2396 1545 2451; x_wconf 91' lang='lat' dir='ltr'><strong>in</strong></span> <span class='ocrx_word' id='word_1_93' title='bbox 1591 2401 1742 2451; x_wconf 92' lang='lat' dir='ltr'><strong>tanta</strong></span> <span class='ocrx_word' id='word_1_94' title='bbox 1793 2395 2038 2452; x_wconf 87' lang='lat' dir='ltr'><strong>multitu·</strong></span> 
     </span>
     <span class='ocr_line' id='line_1_13' title="bbox 215 2495 2042 2569; baseline 0.001 -19"><span class='ocrx_word' id='word_1_95' title='bbox 215 2495 341 2551; x_wconf 85' lang='lat' dir='ltr'><strong>dine</strong></span> <span class='ocrx_word' id='word_1_96' title='bbox 367 2496 762 2569; x_wconf 88' lang='lat' dir='ltr'><strong>improborum,</strong></span> <span class='ocrx_word' id='word_1_97' title='bbox 801 2513 1008 2568; x_wconf 88' lang='lat' dir='ltr'><strong>quuum</strong></span> <span class='ocrx_word' id='word_1_98' title='bbox 1048 2495 1182 2551; x_wconf 90' lang='lat' dir='ltr'><strong>mihi</strong></span> <span class='ocrx_word' id='word_1_99' title='bbox 1206 2497 1303 2551; x_wconf 92' lang='lat' dir='ltr'><strong>uni</strong></span> <span class='ocrx_word' id='word_1_100' title='bbox 1343 2512 1470 2551; x_wconf 90' lang='lat' dir='ltr'><strong>cum</strong></span> <span class='ocrx_word' id='word_1_101' title='bbox 1502 2495 1752 2550; x_wconf 86' lang='lat' dir='ltr'><strong>omnibus</strong></span> <span class='ocrx_word' id='word_1_102' title='bbox 1783 2495 2042 2568; x_wconf 83' lang='lat' dir='ltr'><strong>improbis</strong></span> 
     </span>
     <span class='ocr_line' id='line_1_14' title="bbox 214 2595 2040 2669; baseline -0.002 -16"><span class='ocrx_word' id='word_1_103' title='bbox 214 2603 495 2653; x_wconf 85' lang='lat' dir='ltr'><strong>aeternum</strong></span> <span class='ocrx_word' id='word_1_104' title='bbox 532 2596 770 2652; x_wconf 89' lang='lat' dir='ltr'><strong>viderem</strong></span> <span class='ocrx_word' id='word_1_105' title='bbox 808 2596 1007 2652; x_wconf 85' lang='lat' dir='ltr'><strong>bellum</strong></span> <span class='ocrx_word' id='word_1_106' title='bbox 1052 2613 1169 2652; x_wconf 88' lang='lat' dir='ltr'><strong>esse</strong></span> <span class='ocrx_word' id='word_1_107' title='bbox 1207 2602 1535 2669; x_wconf 90' lang='lat' dir='ltr'><strong>susceptum.</strong></span> <span class='ocrx_word' id='word_1_108' title='bbox 1615 2595 1780 2650; x_wconf 90' lang='lat' dir='ltr'><strong>Nemo</strong></span> <span class='ocrx_word' id='word_1_109' title='bbox 1798 2601 1820 2634; x_wconf 79' lang='lat'>³</span> <span class='ocrx_word' id='word_1_110' title='bbox 1860 2602 2040 2651; x_wconf 88' lang='lat' dir='ltr'><strong>tamen</strong></span> 
     </span>
     <span class='ocr_line' id='line_1_15' title="bbox 214 2695 2038 2770; baseline -0.002 -17"><span class='ocrx_word' id='word_1_111' title='bbox 214 2714 302 2753; x_wconf 90' lang='lat' dir='ltr'><strong>me</strong></span> <span class='ocrx_word' id='word_1_112' title='bbox 321 2698 640 2753; x_wconf 86' lang='lat' dir='ltr'><strong>tenuissima</strong></span> <span class='ocrx_word' id='word_1_113' title='bbox 673 2697 978 2770; x_wconf 83' lang='lat' dir='ltr'><strong>suspicione</strong></span> <span class='ocrx_word' id='word_1_114' title='bbox 995 2698 1343 2770; x_wconf 82' lang='lat' dir='ltr'><strong>perstrinxit,</strong></span> <span class='ocrx_word' id='word_1_115' title='bbox 1383 2713 1544 2769; x_wconf 90' lang='lat' dir='ltr'><strong>quem</strong></span> <span class='ocrx_word' id='word_1_116' title='bbox 1576 2713 1683 2751; x_wconf 89' lang='lat' dir='ltr'><strong>non</strong></span> <span class='ocrx_word' id='word_1_117' title='bbox 1715 2695 2038 2768; x_wconf 84' lang='lat' dir='ltr'><strong>perculerim</strong></span> 
     </span>
     <span class='ocr_line' id='line_1_16' title="bbox 214 2795 2038 2871; baseline -0.001 -17"><span class='ocrx_word' id='word_1_118' title='bbox 214 2816 276 2854; x_wconf 91' lang='lat' dir='ltr'><strong>ac</strong></span> <span class='ocrx_word' id='word_1_119' title='bbox 294 2798 663 2871; x_wconf 83' lang='lat' dir='ltr'><strong>perfregerim.</strong></span> <span class='ocrx_word' id='word_1_120' title='bbox 705 2802 755 2852; x_wconf 77' lang='lat'><strong>2.</strong></span> <span class='ocrx_word' id='word_1_121' title='bbox 778 2797 965 2870; x_wconf 87' lang='lat' dir='ltr'><strong>Itaque</strong></span> <span class='ocrx_word' id='word_1_122' title='bbox 985 2803 1007 2836; x_wconf 75' lang='lat'>⁴</span> <span class='ocrx_word' id='word_1_123' title='bbox 1034 2815 1132 2869; x_wconf 88' lang='lat' dir='ltr'><strong>ego</strong></span> <span class='ocrx_word' id='word_1_124' title='bbox 1151 2797 1360 2853; x_wconf 89' lang='lat' dir='ltr'><strong>Metello</strong></span> <span class='ocrx_word' id='word_1_125' title='bbox 1379 2795 1648 2869; x_wconf 85' lang='lat' dir='ltr'><strong>praesenti</strong></span> <span class='ocrx_word' id='word_1_126' title='bbox 1668 2796 1863 2850; x_wconf 88' lang='lat' dir='ltr'><strong>restiti.</strong></span> <span class='ocrx_word' id='word_1_127' title='bbox 1904 2795 2038 2852; x_wconf 90' lang='lat' dir='ltr'><strong>Nam</strong></span> 
     </span>
     <span class='ocr_line' id='line_1_17' title="bbox 214 2896 2038 2970; baseline -0.002 -15"><span class='ocrx_word' id='word_1_128' title='bbox 214 2901 271 2954; x_wconf 92' lang='lat' dir='ltr'><strong>in</strong></span> <span class='ocrx_word' id='word_1_129' title='bbox 322 2906 513 2955; x_wconf 89' lang='lat' dir='ltr'><strong>senatu</strong></span> <span class='ocrx_word' id='word_1_130' title='bbox 558 2899 673 2954; x_wconf 88' lang='lat' dir='ltr'><strong>Kal.</strong></span> <span class='ocrx_word' id='word_1_131' title='bbox 709 2898 819 2954; x_wconf 90' lang='lat' dir='ltr'><strong>Ian.</strong></span> <span class='ocrx_word' id='word_1_132' title='bbox 861 2899 940 2953; x_wconf 91' lang='lat' dir='ltr'><strong>sic</strong></span> <span class='ocrx_word' id='word_1_133' title='bbox 972 2915 1098 2953; x_wconf 91' lang='lat' dir='ltr'><strong>cum</strong></span> <span class='ocrx_word' id='word_1_134' title='bbox 1130 2915 1192 2953; x_wconf 91' lang='lat' dir='ltr'><strong>eo</strong></span> <span class='ocrx_word' id='word_1_135' title='bbox 1230 2898 1295 2953; x_wconf 89' lang='lat' dir='ltr'><strong>de</strong></span> <span class='ocrx_word' id='word_1_136' title='bbox 1327 2896 1603 2970; x_wconf 85' lang='lat' dir='ltr'><strong>republica</strong></span> <span class='ocrx_word' id='word_1_137' title='bbox 1641 2896 1937 2969; x_wconf 89' lang='lat' dir='ltr'><strong>disputavi,</strong></span> <span class='ocrx_word' id='word_1_138' title='bbox 1977 2904 2038 2952; x_wconf 89' lang='lat' dir='ltr'><strong>ut</strong></span> 
     </span>
     <span class='ocr_line' id='line_1_18' title="bbox 214 2996 2034 3068; baseline -0.002 -13"><span class='ocrx_word' id='word_1_139' title='bbox 214 3001 439 3056; x_wconf 85' lang='lat' dir='ltr'><strong>sentiret</strong></span> <span class='ocrx_word' id='word_1_140' title='bbox 476 2999 579 3055; x_wconf 87' lang='lat' dir='ltr'><strong>sihi</strong></span> <span class='ocrx_word' id='word_1_141' title='bbox 619 3015 744 3054; x_wconf 90' lang='lat' dir='ltr'><strong>cum</strong></span> <span class='ocrx_word' id='word_1_142' title='bbox 788 2999 904 3054; x_wconf 86' lang='lat' dir='ltr'><strong>viro</strong></span> <span class='ocrx_word' id='word_1_143' title='bbox 936 2998 1062 3053; x_wconf 84' lang='lat' dir='ltr'><strong>sorti</strong></span> <span class='ocrx_word' id='word_1_144' title='bbox 1108 3005 1162 3053; x_wconf 91' lang='lat' dir='ltr'><strong>et</strong></span> <span class='ocrx_word' id='word_1_145' title='bbox 1207 2998 1476 3053; x_wconf 87' lang='lat' dir='ltr'><strong>constanti</strong></span> <span class='ocrx_word' id='word_1_146' title='bbox 1515 3013 1631 3052; x_wconf 90' lang='lat' dir='ltr'><strong>esse</strong></span> <span class='ocrx_word' id='word_1_147' title='bbox 1668 2996 2034 3068; x_wconf 84' lang='lat' dir='ltr'><strong>pugnandum.</strong></span> 
     </span>
     <span class='ocr_line' id='line_1_19' title="bbox 215 3096 2038 3173; baseline -0.003 -17"><span class='ocrx_word' id='word_1_148' title='bbox 215 3102 274 3157; x_wconf 89' lang='lat' dir='ltr'><strong>A.</strong></span> <span class='ocrx_word' id='word_1_149' title='bbox 318 3100 369 3155; x_wconf 86' lang='lat' dir='ltr'><strong>d.</strong></span> <span class='ocrx_word' id='word_1_150' title='bbox 410 3100 632 3155; x_wconf 85' lang='lat' dir='ltr'><strong>tertium</strong></span> <span class='ocrx_word' id='word_1_151' title='bbox 677 3098 808 3155; x_wconf 84' lang='lat' dir='ltr'><strong>Non.</strong></span> <span class='ocrx_word' id='word_1_152' title='bbox 856 3099 1067 3154; x_wconf 88' lang='lat' dir='ltr'><strong>Ianuar.</strong></span> <span class='ocrx_word' id='word_1_153' title='bbox 1116 3115 1284 3171; x_wconf 90' lang='lat' dir='ltr'><strong>quum</strong></span> <span class='ocrx_word' id='word_1_154' title='bbox 1323 3114 1508 3173; x_wconf 74' lang='lat' dir='ltr'><strong>agere¹</strong></span> <span class='ocrx_word' id='word_1_155' title='bbox 1533 3097 1794 3169; x_wconf 88' lang='lat' dir='ltr'><strong>coepisset</strong></span> <span class='ocrx_word' id='word_1_156' title='bbox 1813 3136 1828 3160; x_wconf 87' lang='lat'><em>,</em></span> <span class='ocrx_word' id='word_1_157' title='bbox 1875 3096 2038 3151; x_wconf 88' lang='lat' dir='ltr'><strong>tertio</strong></span> 
     </span>
     <span class='ocr_line' id='line_1_20' title="bbox 215 3179 2034 3274; baseline -0.003 -18"><span class='ocrx_word' id='word_1_158' title='bbox 215 3218 424 3274; x_wconf 89' lang='lat' dir='ltr'><strong>quoque</strong></span> <span class='ocrx_word' id='word_1_159' title='bbox 449 3201 609 3257; x_wconf 86' lang='lat' dir='ltr'><strong>verbo</strong></span> <span class='ocrx_word' id='word_1_160' title='bbox 628 3200 884 3256; x_wconf 87' lang='lat' dir='ltr'><strong>orationis</strong></span> <span class='ocrx_word' id='word_1_161' title='bbox 916 3179 1047 3255; x_wconf 29' lang='lat' dir='ltr'><strong>suae*</strong></span> <span class='ocrx_word' id='word_1_162' title='bbox 1063 3215 1149 3255; x_wconf 90' lang='lat' dir='ltr'><strong>me</strong></span> <span class='ocrx_word' id='word_1_163' title='bbox 1175 3198 1499 3273; x_wconf 85' lang='lat' dir='ltr'><strong>appellabat,</strong></span> <span class='ocrx_word' id='word_1_164' title='bbox 1539 3197 1672 3253; x_wconf 90' lang='lat' dir='ltr'><strong>mihi</strong></span> <span class='ocrx_word' id='word_1_165' title='bbox 1699 3196 2034 3257; x_wconf 86' lang='lat' dir='ltr'><strong>minabatur;</strong></span> 
     </span>
    </p>
   </div>
   <div class='ocr_carea' id='block_1_4' title="bbox 218 3365 431 3381">
    <p class='ocr_par' dir='ltr' id='par_1_4' title="bbox 218 3365 431 3381">
     <span class='ocr_line' id='line_1_21' title="bbox 218 3365 431 3381; baseline 0 609"><span class='ocrx_word' id='word_1_166' title='bbox 218 3365 431 3381; x_wconf 95' lang='lat' dir='ltr'><strong> </strong></span> 
     </span>
    </p>
   </div>
   <div class='ocr_carea' id='block_1_5' title="bbox 214 3453 2031 3597">
    <p class='ocr_par' dir='ltr' id='par_1_5' title="bbox 214 3453 2031 3597">
     <span class='ocr_line' id='line_1_22' title="bbox 275 3453 2031 3519; baseline -0.003 -16"><span class='ocrx_word' id='word_1_167' title='bbox 275 3462 314 3517; x_wconf 86' lang='lat'><strong>¹)</strong></span> <span class='ocrx_word' id='word_1_168' title='bbox 345 3473 420 3519; x_wconf 84' lang='lat' dir='ltr'><strong>pro</strong></span> <span class='ocrx_word' id='word_1_169' title='bbox 434 3456 556 3502; x_wconf 86' lang='lat' dir='ltr'><strong>Sulla</strong></span> <span class='ocrx_word' id='word_1_170' title='bbox 573 3472 608 3502; x_wconf 84' lang='lat' dir='ltr'><strong>e.</strong></span> <span class='ocrx_word' id='word_1_171' title='bbox 629 3459 670 3501; x_wconf 88' lang='lat'><strong>7.</strong></span> <span class='ocrx_word' id='word_1_172' title='bbox 688 3459 712 3515; x_wconf 57' lang='grc' dir='ltr'>ᾗ</span> <span class='ocrx_word' id='word_1_173' title='bbox 731 3459 803 3501; x_wconf 85' lang='grc'><strong>23.</strong></span> <span class='ocrx_word' id='word_1_174' title='bbox 837 3482 895 3491; x_wconf 91' lang='lat'><strong>—-</strong></span> <span class='ocrx_word' id='word_1_175' title='bbox 929 3454 1090 3515; x_wconf 77' lang='lat' dir='ltr'><strong>2)1bid.</strong></span> <span class='ocrx_word' id='word_1_176' title='bbox 1108 3471 1146 3500; x_wconf 88' lang='lat' dir='ltr'><strong>e.</strong></span> <span class='ocrx_word' id='word_1_177' title='bbox 1165 3458 1205 3499; x_wconf 84' lang='lat'><strong>9.</strong></span> <span class='ocrx_word' id='word_1_178' title='bbox 1240 3456 1264 3514; x_wconf 82' lang='lat'>§</span> <span class='ocrx_word' id='word_1_179' title='bbox 1284 3457 1356 3502; x_wconf 85' lang='lat'><strong>28.</strong></span> <span class='ocrx_word' id='word_1_180' title='bbox 1390 3481 1448 3489; x_wconf 90' lang='lat'><strong>-—</strong></span> <span class='ocrx_word' id='word_1_181' title='bbox 1482 3457 1523 3515; x_wconf 84' lang='lat'><strong>5)</strong></span> <span class='ocrx_word' id='word_1_182' title='bbox 1557 3453 1667 3501; x_wconf 85' lang='lat' dir='ltr'><strong>lbid.</strong></span> <span class='ocrx_word' id='word_1_183' title='bbox 1686 3471 1724 3500; x_wconf 86' lang='lat' dir='ltr'><strong>e.</strong></span> <span class='ocrx_word' id='word_1_184' title='bbox 1744 3457 1814 3500; x_wconf 82' lang='lat'><strong>16.</strong></span> <span class='ocrx_word' id='word_1_185' title='bbox 1838 3455 1862 3512; x_wconf 80' lang='lat'>§</span> <span class='ocrx_word' id='word_1_186' title='bbox 1883 3456 1953 3499; x_wconf 78' lang='lat'><strong>46.</strong></span> <span class='ocrx_word' id='word_1_187' title='bbox 1973 3476 2031 3488; x_wconf 91' lang='lat'>-</span> 
     </span>
     <span class='ocr_line' id='line_1_23' title="bbox 214 3531 1500 3597; baseline -0.003 -16"><span class='ocrx_word' id='word_1_188' title='bbox 214 3538 253 3596; x_wconf 68' lang='lat'><strong>4)</strong></span> <span class='ocrx_word' id='word_1_189' title='bbox 287 3535 418 3597; x_wconf 76' lang='lat' dir='ltr'><strong>Epist.</strong></span> <span class='ocrx_word' id='word_1_190' title='bbox 450 3533 503 3580; x_wconf 82' lang='lat' dir='ltr'><strong>ad</strong></span> <span class='ocrx_word' id='word_1_191' title='bbox 531 3531 754 3581; x_wconf 80' lang='lat' dir='ltr'><strong>Metellum</strong></span> <span class='ocrx_word' id='word_1_192' title='bbox 781 3532 970 3581; x_wconf 83' lang='lat' dir='ltr'><strong>Celerem</strong></span> <span class='ocrx_word' id='word_1_193' title='bbox 1004 3532 1078 3590; x_wconf 85' lang='lat' dir='ltr'><strong>(ad</strong></span> <span class='ocrx_word' id='word_1_194' title='bbox 1106 3536 1221 3579; x_wconf 85' lang='lat' dir='ltr'><strong>Fam.</strong></span> <span class='ocrx_word' id='word_1_195' title='bbox 1248 3535 1295 3580; x_wconf 90' lang='lat' dir='ltr'><strong>V.</strong></span> <span class='ocrx_word' id='word_1_196' title='bbox 1316 3535 1357 3578; x_wconf 78' lang='lat'><strong>2.</strong></span> <span class='ocrx_word' id='word_1_197' title='bbox 1391 3533 1500 3593; x_wconf 65' lang='lat'><strong>58.)</strong></span> 
     </span>
    </p>
   </div>
  </div>
 </body>
</html>
