2210 3970
298 264 403 315 768
761 276 1094 314 ANNALES
1152 277 1657 315 CICERONIANI.

1044 480 1358 487 -ψ

574 612 829 668 ANNUS
894 612 1139 668 VITAE
1197 611 1623 668 CICERONIS
1681 612 1838 666 LXII.

635 765 744 822 [Kal.
781 771 946 811 Ianuar.
979 769 1108 809 incid.
1143 769 1190 808 in
1224 770 1265 810 d.
1305 770 1327 808 1
1361 769 1526 811 Ianuar.
1563 768 1622 809 45
1655 784 1692 810 a.
1721 764 1784 821 C.]

291 921 328 949 a.
349 903 394 949 U.
412 908 454 948 C.
837 908 930 948 Cos.
964 908 1006 948 C.
1041 906 1211 946 IULIUS
1245 905 1439 946 CAESAR
1471 907 1542 947 IV.
1949 920 1986 948 a.
2003 906 2053 947 A.
2073 908 2116 949 C.

327 998 436 1042 709.
968 999 1059 1038 sine
1095 998 1269 1050 collega.
1997 1000 2075 1039 45.

354 1131 530 1172 Sueton.
570 1130 682 1171 Caes.
715 1143 751 1172 c.
772 1130 844 1171 76.
880 1128 1073 1171 Tertium
1101 1133 1144 1170 et
1170 1132 1380 1187 quartum
1404 1125 1683 1171 consulatum
1704 1126 1838 1170 titulo
1871 1134 1999 1171 tenus
2018 1142 2117 1187 ges-

289 1204 378 1261 sit,
417 1211 649 1248 contentus
686 1203 935 1248 dictaturae
960 1213 1209 1265 potestate,
1243 1205 1439 1249 decretae
1481 1223 1580 1250 cum
1616 1204 1920 1248 consulatibus
1948 1204 2087 1248 simul
2101 1223 2116 1246 .-

291 1289 425 1343 atque
460 1289 650 1343 utroque
681 1297 794 1325 armo
828 1283 951 1327 binos
983 1283 1184 1327 consules
1216 1283 1454 1327 substituit
1486 1283 1574 1327 sibi
1599 1283 1648 1326 in
1679 1289 1824 1326 ternos
1853 1282 2117 1326 noviss-imos

292 1377 461 1405 menses
493 1364 554 1419 (v,
581 1361 634 1406 ad
666 1377 704 1405 a.
728 1362 832 1405 709.
859 1363 969 1419 13.).
1050 1360 1126 1404 Dio
1153 1373 1289 1405 xnn.
1322 1375 1358 1405 ο.
1377 1364 1449 1405 33.
1480 1366 1520 1406 1.
1572 1359 1945 1422 Ἐδικτατόρευε
1972 1359 2025 1407 δὲ
2058 1360 2117 1419 δὴ

294 1441 434 1497 τότε,
479 1444 560 1486 καὶ
593 1438 778 1491 ὕπατος
806 1437 900 1499 ὀψέ
933 1455 1049 1484 ποτε
1086 1442 1167 1484 καὶ
1197 1436 1274 1483 ἐπ’
1307 1437 1455 1499 ἐξόδῳ
1491 1444 1579 1486 τοῦ
1615 1441 1751 1495 ἔτους
1783 1445 1841 1502 [a.
1860 1446 1907 1487 U.
1926 1446 1966 1487 C.
1988 1445 2115 1500 708.]

290 1520 592 1578 ἀπεδείχθη,
629 1523 716 1565 τοῦ
742 1517 959 1563 Λεπίδου
986 1515 1039 1563 έν
1073 1523 1129 1578 τῇ
1160 1517 1405 1580 ἱππαρχία
1434 1518 1516 1564 τὸν
1541 1520 1693 1582 δῆμον
1721 1521 1770 1574 ἐς
1801 1526 1950 1568 τοῦτο
1977 1539 2117 1567 συνα-

289 1601 541 1663 γαγόντος·
588 1599 862 1659 ἱππάρχησε
894 1599 982 1661 γὰρ
1016 1601 1097 1643 καὶ
1132 1598 1265 1656 τότε,
1317 1598 1467 1651 αὐτὸς
1511 1599 1683 1647 ἑαυτὸν
1710 1601 1763 1647 ἐν
1806 1606 1862 1661 τῇ
1910 1601 2115 1663 ὑπατείᾳ

292 1677 503 1725 ἐπειπὼν
535 1677 776 1738 ἵππαρχον
809 1677 938 1740 παροὶ
966 1678 1023 1723 τά
1051 1679 1245 1737 πάτρια.

366 1773 429 1848 (¹)
473 1774 655 1828 Cicero
692 1774 845 1827 initio
866 1772 920 1829 h.
946 1789 993 1826 a.
1016 1771 1097 1825 vel
1127 1773 1402 1844 superiore
1432 1782 1687 1841 exeunte,
1722 1778 1885 1831 missa
1918 1777 2110 1832 Teren-

290 1878 401 1941 tia,
443 1874 725 1930 Publiliam
765 1875 1028 1945 virginem
1069 1890 1290 1928 uxorem
1326 1874 1497 1931 duxit.
1538 1895 1610 1933 ix.
1654 1895 1700 1932 ο.
1725 1882 1777 1933 8.
1813 1881 1900 1932 24.

351 1976 541 2036 Quintil.
560 1989 623 2020 Vl.
641 1992 677 2019 e.
696 1981 736 2020 3.
757 1979 827 2019 75.
851 1975 996 2018 Cicero
1012 1973 1374 2033 obiurgantibuS‚
1400 1977 1519 2036 quod
1532 1979 1849 2039 sexagenarius
1866 1977 2112 2022 Publiliam

289 2055 503 2115 virginem
520 2052 744 2110 duxisset,
774 2055 900 2097 cras
926 2052 1036 2095 mul
1044 2053 1060 2095 i
1068 2070 1122 2096 er
1143 2054 1222 2097 eri
1230 2061 1276 2109 t,
1297 2055 1460 2114 inquit.
1496 2055 1709 2100 Plutarch.
1729 2057 1810 2100 Cio.
1830 2073 1865 2100 o.
1880 2059 1951 2099 41.
1967 2060 2007 2099 3.
2042 2058 2108 2115 Τῇ

292 2132 346 2180 δὲ
363 2137 591 2196 Τερεντίᾳ
607 2136 688 2179 καὶ
719 2135 898 2184 ταύτας
934 2133 1045 2188 (τῆς
1071 2131 1369 2184 διαστάσεως
1399 2135 1688 2195 προφάσεις)
1717 2133 1980 2197 ἀρνουμένῃ
1996 2136 2109 2195 λαμ·

290 2215 416 2276 πράν
449 2213 646 2271 ἐποίησε
665 2213 748 2271 τήν
766 2211 1029 2275 ἀπολογίαν
1055 2211 1206 2265 αὐτὸς
1223 2211 1432 2268 ἐκεῖνος,
1457 2214 1558 2273 μετ’
1580 2214 1638 2259 οὐ
1669 2215 1825 2259 πολύν
1840 2215 2019 2275 χρόνον
2032 2213 2110 2276 γή-

290 2311 380 2355 μας
404 2295 651 2355 πάρθενον
666 2327 678 2350 ,
701 2290 764 2344 ὣς
786 2290 872 2352 μὲν
891 2290 915 2349 ἢ
935 2296 1163 2353 Τερεντία
1179 2292 1498 2354 κατεφήμιζεν
1512 2327 1523 2348 ,
1545 2291 1686 2355 ἔρωτι
1706 2295 1788 2350 τῆς
1807 2292 1955 2354 ὥρας,
1975 2291 2037 2345 ὡς
2055 2291 2109 2339 δὲ

289 2379 447 2437 Τίρων
468 2373 495 2419 ὁ
514 2377 601 2419 τοῦ
621 2372 893 2434 Κικέρωνος
909 2371 1236 2434 ἀπελεύθερος
1254 2371 1485 2436 γέγραφεν
1501 2409 1512 2429 ,
1551 2372 1786 2434 εὐπορίας
1812 2371 1971 2419 ἕνεκεν
1988 2373 2109 2435 πρὸς

286 2453 516 2499 διάλυσιν
544 2452 762 2498 δανείων.
827 2447 926 2497 5Ην
954 2454 1041 2515 γὰρ
1059 2452 1085 2513 ἦ
1103 2461 1218 2506 παῖς
1235 2454 1424 2516 σφόδρα
1443 2456 1650 2500 πλουσία
1667 2489 1679 2511 ,
1715 2455 1799 2498 καὶ
1821 2452 1904 2510 τήν
1932 2452 2108 2499 οὐσίαν

289 2533 440 2590 αὐτῆς
484 2531 510 2577 ὁ
544 2535 757 2594 Κικέρων
792 2529 842 2575 ἐν
871 2534 1036 2577 πίστει
1078 2535 1375 2595 κληρονόμος
1408 2532 1735 2591 ἀπολειφθεὶς
1768 2531 2106 2589 διεφύλαττεν.

289 2613 524 2670 Ὀφείλων
553 2609 606 2657 δὲ
639 2612 822 2662 πολλὰς
848 2611 1085 2672 μυριάδας
1117 2611 1211 2657 ὑπὸ
1241 2613 1332 2657 τῶν
1367 2614 1523 2670 φίλων
1556 2616 1637 2657 καὶ
1674 2615 1862 2657 οἰκείων
1895 2609 2105 2669 ἐπείσθη

290 2693 376 2749 τήν
410 2690 564 2736 παῖδα
595 2693 740 2752 γῆμαι
772 2695 880 2753 παρ’
914 2690 1107 2749 ἡλικίαν
1143 2694 1224 2737 καὶ
1259 2693 1376 2744 τούς
1409 2692 1666 2743 δανειστάς
1698 2690 1968 2741 ἀπαλλάξαι
2003 2699 2105 2744 τοῖς

284 2770 470 2829 ἐκείνης
492 2772 803 2832 χρησάμενον.
869 2770 1132 2823 Ἀντώνιος
1158 2769 1212 2817 δὲ
1237 2775 1323 2816 τοὺ
1353 2773 1503 2834 γάμου
1525 2774 1761 2831 μνησθεὶς
1787 2770 1838 2816 ἐν
1863 2779 1968 2824 ταῖς
1986 2772 2105 2833 πρὸς

286 2853 404 2903 τούς
437 2851 772 2902 Φιλιππικούς
804 2848 1121 2913 ἀντιγραφαῖς
1153 2849 1376 2910 ἐκβαλεῖν
1411 2850 1561 2897 αὐτόν
1578 2867 1699 2908 φησι
1733 2858 1961 2913 γυναῖκα,
1994 2852 2106 2912 παρ’
2190 2907 2192 2910 Ι

287 2925 315 2991 ᾗ
347 2929 584 2994 γεγήρακε.
647 2929 829 2973 Calenus
860 2945 926 2990 ap.
958 2930 1135 2973 Dionem
1162 2941 1285 2973 Χινι.
1313 2946 1348 2975 c.
1369 2934 1439 2976 18.
1470 2934 1510 2974 3.
1547 2934 1632 2982 Τίς
1661 2931 1702 2975 δ’
1734 2931 1824 2976 οὐκ
1859 2925 1990 2976 οἶδεν
2023 2931 2107 2976 ὅτι

233 3038 237 3041 -
287 3012 373 3070 τήν
406 3007 494 3071 μὲν
527 3016 726 3072 γυναῖκα
761 3006 845 3065 τήν
877 3006 1112 3070 προτέραν
1146 3007 1232 3067 τήν
1264 3010 1503 3055 τεκοῦσάν
1532 3026 1613 3055 σοι
1647 3009 1736 3055 δι”ο
1772 3009 1913 3056 τέκνα
1945 3009 2104 3070 ἐξέβα·

282 3094 383 3148 λες,
430 3088 598 3151 ἑτέραν
642 3087 696 3134 δὲ
733 3087 1025 3154 ἑπεσηγάγου
1072 3089 1318 3152 παρθένον
1357 3087 1625 3153 ὑπεργήρως
1669 3087 1765 3145 ὢν,
1809 3089 1875 3135 ἵν’
1922 3089 1976 3135 ἐκ
2021 3092 2103 3147 τῆς

287 3172 460 3220 οὐσίας
503 3167 653 3226 αὐτῆς
698 3169 756 3213 τά
795 3167 1090 3230 δανείσματα
1127 3168 1392 3231 ἀποτίσῃς;
1443 3173 1524 3215 καὶ
1561 3169 1667 3215 οὐδ’
1716 3168 1902 3229 ε’κείνην
1933 3168 2102 3230 μέντοι

287 3250 515 3306 κατέσχες
538 3247 638 3294 κτὲ.

360 3337 421 3412 (2)
466 3337 669 3401 Tullia,
725 3335 993 3391 Ciceronis
1034 3335 1168 3399 filia,
1226 3343 1342 3408 post
1383 3335 1673 3390 divortium
1714 3354 1835 3391 eum
1877 3336 2099 3393 Lentulo

282 3438 547 3495 Dolabella
566 3437 765 3491 factum
785 3479 800 3500 ,
843 3437 1039 3491 Romae
1062 3436 1281 3491 filiolum
1317 3439 1522 3510 peperit
1541 3445 1593 3493 et
1617 3438 1791 3510 paullo
1811 3445 1927 3508 post
1956 3437 2096 3492 diem

282 3558 440 3597 suum
477 3539 620 3593 obiit.
664 3557 731 3592 1x.
774 3542 932 3592 o.18.
967 3542 1035 3592 52
1077 3555 1192 3609 sqq.
