2150 3990
552 212 602 265 ι.
630 212 712 266 νι.
755 229 801 266 c.
827 211 913 267 x1.
958 212 996 285 5
1023 215 1089 265 25
1131 240 1205 249 -
1244 227 1289 261 υ.
1316 208 1427 262 xu.
1473 209 1510 281 g
1538 211 1622 262 29.
1896 209 2000 261 249

181 363 331 419 valde
365 362 727 420 illiberaliter:
770 361 1130 419 Tusculanam
1162 360 1342 416 villam
1384 358 1694 431 quingentis
1734 355 2004 411 millibus:

182 464 528 521 Formianum
587 464 696 519 H-S
754 463 1002 520 ducentis
1051 459 1445 534 quinquaginta
1502 456 1756 512 millibus,
1860 455 2007 523 Quae

180 565 481 620 aestimatio
526 580 631 619 non
683 564 840 620 modo
890 563 1235 620 vehementer
1271 559 1338 616 ab
1377 560 1579 632 optimo
1618 573 1828 630 quoque
1851 598 1864 620 ,
1915 553 2007 610 sed

178 664 344 719 etiam
382 678 414 718 a
450 661 602 734 plebe
646 663 1075 736 reprehenditur.
1153 662 1310 718 Dices
1330 702 1346 726 ,
1397 658 1527 732 quid
1570 659 1741 730 igitur
1788 671 2010 712 caussae

178 762 316 819 fuit?
395 763 595 819 Dicunt
627 763 704 818 illi
741 764 988 836 quidem,
1016 762 1275 838 pudorem
1303 776 1513 824 meum;
1544 758 1686 832 quod
1720 773 1893 830 neque
1919 774 2006 813 ne-

178 864 352 936 garim
378 879 552 936 neque
579 864 952 922 vehementius
977 864 1312 940 postularim.
1391 862 1496 920 Sed
1522 879 1629 918 non
1656 867 1739 917 est
1763 860 1841 915 id:
1883 875 2008 914 nam

175 963 275 1019 hoc
313 964 531 1037 quidem
571 967 736 1022 etiam
768 966 1072 1040 profuisset.
1152 966 1353 1022 Verum
1393 964 1557 1021 iidem
1598 962 1700 1029 illi,
1741 962 1835 1035 qui
1874 959 2009 1016 mihi
2102 960 2109 965 '

177 1064 370 1137 pinnas
396 1066 728 1133 inciderant,
768 1068 1018 1124 nolebant
1050 1067 1262 1124 easdem
1296 1067 1524 1123 renasci.
1604 1068 1693 1120 28.
1735 1063 1849 1118 lta¹
1893 1069 2009 1116 tum

177 1171 333 1221 erant
370 1181 458 1221 res
496 1172 743 1229 nostrae;
782 1173 846 1223 ut
884 1168 941 1222 in
973 1167 1261 1233 secundis,
1301 1167 1511 1228 fluxam
1550 1172 1612 1220 ut
1651 1166 1708 1219 in
1740 1163 2009 1227 adversiS,

172 1266 357 1322 bonae.
435 1267 496 1322 In
518 1272 539 1304 ²
578 1283 638 1322 re
676 1273 859 1322 autem
899 1266 1183 1331 familiari,
1236 1284 1375 1339 quae
1413 1264 1865 1338 quemadmodum
1906 1262 2007 1317 sra-

171 1372 260 1422 cta
279 1405 295 1430 ,
335 1364 622 1437 dissipata,
661 1346 871 1437 direpta
909 1371 1086 1428 esset,
1127 1380 1284 1419 nemo
1324 1364 1639 1435 ignorabat,
1679 1363 1832 1418 valde
1868 1361 2007 1417 labo-

175 1464 428 1524 rabamus
465 1470 522 1521 et
552 1464 721 1521 Attici
758 1465 867 1520 mei
901 1480 1007 1519 non
1046 1470 1159 1519 tam
1205 1463 1558 1531 facultatum,
1610 1481 1745 1536 quas
1781 1480 1881 1535 ego
1920 1479 2008 1517 no·

173 1572 317 1623 stras
347 1580 468 1626 esse,
485 1581 696 1640 semper
728 1565 993 1631 iudicavi,
1033 1581 1197 1638 quam
1224 1565 1573 1621 consiliorum
1593 1565 1661 1621 ad
1687 1564 2013 1637 colligendas

170 1665 668 1724 et'constituendas
706 1665 965 1739 reliquias
997 1671 1211 1722 nostras
1250 1665 1641 1739 indigebamus,
1719 1665 1790 1721 Et
1828 1672 2009 1721 tamen

172 1767 227 1823 in
266 1773 450 1825 nostro
482 1773 630 1825 statu
649 1810 665 1834 ,
705 1767 847 1841 quod
881 1766 1197 1824 difficillime
1229 1769 1539 1841 recuperari
1573 1784 1727 1841 posse
1759 1767 2008 1823 arbitrati

171 1883 396 1935 sumus,
455 1868 792 1943 splendorem
840 1874 1088 1925 nostrum
1129 1867 1283 1924 illum
1322 1867 1589 1924 sorensem
1627 1874 1682 1923 et
1722 1868 1778 1922 in
1818 1875 2009 1923 senatu

172 1969 554 2027 auctoritatem
587 1974 641 2025 et
667 1967 810 2042 apud
843 1969 988 2025 viros
1014 1968 1179 2025 bonos
1210 1970 1474 2042 gratiam,
1508 1970 1683 2042 magis
1721 1986 1884 2041 quam
1921 1986 2008 2042 op·

170 2075 413 2126 taramus
434 2111 450 2136 ,
488 2070 765 2126 consecuti
805 2086 1012 2126 sumus.
1092 2069 1372 2125 Alterius⁸
1410 2069 1555 2124 vitae
1599 2069 1867 2142 quoddam
1908 2069 2007 2124 ini-

170 2169 308 2225 tium
342 2169 702 2226 ordiehamur.
782 2170 853 2225 Et
884 2175 1067 2225 tamen
1094 2168 1341 2248 quidam,
1380 2169 1475 2242 qui
1508 2185 1605 2223 nos
1638 2168 1887 2224 absentes
1918 2169 2006 2224 de·

169 2268 450 2326 fenderant
468 2313 484 2336 ,
513 2268 842 2343 incipiebant
861 2269 1237 2343 praesentibus
1256 2268 1466 2325 occulte
1487 2269 1676 2334 irasci,
1705 2275 1889 2341 aperte
1928 2271 2005 2325 in·

165 2368 365 2427 videre.
445 2373 533 2426 29.
574 2370 732 2442 Ego⁴
769 2385 896 2425 vero
933 2400 1011 2411 —-
1048 2370 1180 2442 qui,
1219 2370 1267 2425 si
1294 2369 1552 2442 loquebar
1590 2369 1656 2425 de
1695 2370 1969 2442 repubIIea
1992 2415 2005 2435 ‚

166 2470 308 2544 quod
340 2470 646 2545 oportebat,
679 2471 931 2533 insanus;
971 2470 1041 2535 si,
1082 2469 1224 2543 quod
1257 2487 1391 2543 opus
1424 2476 1569 2536 erat,
1609 2487 1798 2526 servus
1823 2473 2004 2527 existi-

167 2571 388 2635 mabam
426 2573 474 2628 si
507 2571 748 2628 tacebam
770 2614 785 2637 ‚
824 2587 1111 2644 oppressus
1142 2578 1197 2626 et
1229 2576 1420 2644 captus
1457 2603 1534 2612 —
1571 2578 1836 2643 quantum
1856 2579 1878 2609 ⁵
1918 2590 2004 2645 po-

124 2671 128 2675 ’
171 2672 290 2738 tui,
329 2689 418 2729 me
449 2671 515 2728 ab
545 2672 798 2728 omnibus
830 2671 1093 2728 molestiis
1124 2679 1179 2727 et
1211 2671 1503 2744 angoribus
1535 2671 1734 2727 abduxi
1768 2680 2004 2728 transtu·

166 2771 310 2843 lique
355 2774 602 2829 animum
642 2772 710 2829 ad
749 2789 812 2829 ea
833 2815 847 2839 ,
887 2772 1085 2845 quibus
1124 2771 1391 2828 secundae
1436 2789 1523 2828 res
1561 2778 1826 2827 ornantur
1845 2815 1860 2838 ,
1914 2773 2002 2827 ad-

169 2887 354 2928 versae
397 2871 741 2929 adiuvantur.
822 2873 1113 2946 Angebar⁸
1152 2873 1296 2928 enim
1319 2915 1333 2937 ,
1374 2879 1428 2927 et
1468 2873 1702 2927 maxime
1734 2873 1969 2944 angebar
1991 2916 2003 2937 ,

169 2971 371 3033 nullam
410 2987 528 3027 esse
565 2972 955 3046 rempublicam
976 3015 990 3038 ‚
1043 2972 1190 3028 nulla
1229 2973 1463 3034 iudicia;
1504 2979 1857 3045 nostrumque
1903 2974 2002 3028 hoe

165 3079 380 3146 tempus
426 3073 649 3136 aetatis,
702 3072 844 3145 quod
884 3074 940 3128 in
981 3074 1073 3129 illa
1117 3075 1440 3130 auctoritate
1490 3074 1760 3128 senatoria
1813 3075 2002 3130 florere

167 3172 425 3239 debebat,
466 3181 561 3230 aut
602 3172 800 3230 forensi
840 3173 1020 3230 labore
1060 3176 1284 3240 iactari,
1326 3183 1420 3230 aut
1466 3175 1773 3230 domesticis
1806 3175 2003 3231 litteris

231 3365 267 3420 ¹)
300 3361 354 3408 ad
391 3367 483 3407 Λα.
519 3365 588 3408 ιν.
631 3367 672 3410 1.
699 3366 845 3422 §a—
880 3369 918 3425 2)
954 3365 1062 3411 ibid.
1097 3369 1182 3424 §a
1219 3393 1273 3398 -
1309 3367 1349 3423 5)
1383 3362 1491 3408 ibid.
1530 3367 1553 3422 §
1585 3369 1625 3411 s.
1660 3393 1717 3399 —
1751 3368 1791 3425 ιἰ)
1824 3366 1876 3411 ad
1910 3370 2001 3413 Au.

170 3439 241 3482 lv.
279 3442 321 3483 6.
355 3441 444 3497 §2
479 3467 536 3474 —
570 3443 610 3499 ⁵)
643 3442 775 3502 Epist.
805 3443 856 3487 ad
885 3444 1113 3491 Lucceium
1145 3444 1218 3501 (ad
1238 3446 1355 3489 Fam.
1382 3445 1430 3488 V.
1453 3447 1522 3488 13.
1558 3447 1667 3502 §5.)
1703 3472 1758 3478 —
1794 3448 1833 3504 5)
1867 3445 1918 3490 ad
1948 3451 2000 3504 Q.

168 3518 347 3565 fratrem
382 3522 459 3566 111.
491 3526 517 3566 5
537 3525 627 3566 816.
663 3521 745 3578 §AE
