2210 3970
302 249 569 291 runnu
618 246 1685 291 o·zns-s1.rur.r.1uscicea0.
1843 240 1952 291 859

180 388 384 432 Tulliae
430 389 570 443 gentis
605 389 722 444 origo
757 402 799 444 p.
835 388 942 431 515.
978 401 1027 430 ea
1061 401 1167 443 gens
1195 389 1479 444 exstinguitur
1512 390 1556 431 iu
1590 393 1725 431 morte
1757 391 1807 432 Ι.
1828 391 1951 432 Tullii

112 454 332 499 Ciceronis¹
356 454 408 497 ΙΙ.
441 455 521 497 tilii
557 455 665 499 827.

175 524 220 564 L.
257 522 472 563 Tullius
513 519 657 564 Cicero
702 511 896 579 (patruus
933 511 1134 580 Oratoris)
1179 535 1275 563 cum
1319 523 1505 564 Antonio
1534 524 1579 565 in
1606 523 1789 566 Ciliciam
1824 523 1950 581 proii-

107 588 283 630 cisoitur
315 588 424 630 520.

178 653 222 696 1..
258 653 466 696 Tullius
499 655 642 696 Cicero
676 657 720 697 L.
750 655 794 696 1².
831 645 977 712 (frater
1020 654 1222 711 patruelis
1255 646 1455 713 Oratoris)
1499 656 1675 697 Athenis
1719 655 1839 697 audit
1864 655 1950 696 An·

108 719 297 763 tiochum
334 719 445 763 559.
476 719 528 761 11.
558 720 748 762 Ciceroni
786 720 968 762 Siciliam
1001 723 1241 777 peragranti
1285 726 1335 764 ut
1378 722 1522 764 Verris
1564 723 1748 764 facinora
1792 735 1949 777 cogno·

109 791 230 840 scat,
263 798 403 827 comes
437 788 500 828 est
536 785 644 830 587.
678 788 856 828 moritur
892 786 1000 829 592.

110 859 114 862 ”
172 852 224 895 n.
259 850 466 894 'rullius
499 851 642 894 Cicero
661 843 798 910 (pater
814 843 1015 913 Orator-is)
1033 865 1165 908 eques
1187 853 1295 895 515.
1314 867 1400 908 quo
1416 867 1530 896 anno
1546 859 1739 906 mortuus
1757 855 1813 896 sit
1833 854 1943 897 606.

172 918 223 962 Π.
258 916 467 960 Tullius
501 918 667 962 Ciceros

112 982 114 985 ’
174 975 244 1044 (1.)
279 983 449 1041 quando
477 990 603 1027 natus
637 987 694 1027 sit
722 986 830 1030 515.
865 987 956 1028 eius
990 990 1187 1042 parente·
1222 986 1329 1029 515.
1363 988 1497 1043 patria
1531 986 1638 1029 516.
1674 989 1803 1028 frater
1834 987 1945 1029 522.

106 1050 334 1109 propinqui
375 1055 420 1093 et
464 1051 707 1093 consobrini
746 1053 854 1095 533.
900 1053 1078 1094 Graecas
1120 1053 1284 1095 litteras
1329 1054 1504 1096 docetur
1536 1056 1644 1097 583.
1690 1055 1803 1095 inter
1846 1066 1947 1095 con·

105 1116 336 1176 discipulos
370 1117 530 1159 eminet
563 1118 798 1159 litterarum
833 1119 974 1160 studio
1012 1121 1119 1161 538.
1152 1120 1260 1163 540.
1293 1134 1405 1161 anno
1437 1122 1587 1162 aetatis
1625 1132 1696 1161 xvr
1729 1120 1773 1161 in
1807 1120 1946 1161 forum

107 1183 226 1227 venit
263 1181 371 1226 540.
418 1188 558 1238 togam
602 1185 764 1226 virilem
808 1185 937 1226 sumit
975 1185 1083 1227 548.
1135 1184 1251 1227 Arati
1296 1187 1588 1229 Phaenomena
1627 1186 1772 1228 Latine
1807 1186 1947 1228 reddit

109 1251 217 1294 544.
250 1249 370 1292 lurisv
397 1247 534 1291 civilis
568 1250 709 1292 studio
742 1263 912 1306 operam
940 1250 1036 1304 dat,
1071 1266 1095 1293 a
1124 1257 1242 1307 patro
1275 1253 1483 1295 deductus
1517 1254 1570 1295 ad
1604 1253 1840 1295 Scaevolam
1874 1266 1947 1295 au·

107 1328 254 1372 gurem
275 1316 382 1360 544.
417 1329 529 1358 anno
557 1319 706 1359 aetatis
735 1328 839 1359 xvm
870 1317 1022 1359 militat
1053 1319 1098 1359 in
1132 1319 1317 1361 exercitu
1343 1320 1527 1375 Pompeii
1549 1321 1655 1361 544.
1692 1318 1811 1360 audit
1843 1333 1947 1374 quo-

107 1382 209 1427 tidie
255 1383 577 1426 concionantem
623 1384 666 1426 P.
702 1384 935 1439 Sulpicium
969 1385 1123 1426 Rufum
1157 1385 1266 1428 546.
1312 1399 1480 1440 operam
1514 1387 1587 1427 dat
1631 1378 1818 1427 Phaedro
1852 1386 1947 1440 Epi·

103 1455 249 1493 'cureo'
279 1453 324 1493 et
363 1448 531 1492 Philoni
570 1448 817 1492 Academico
867 1450 974 1493 549.
1021 1452 1187 1493 confert
1231 1465 1277 1493 se
1319 1451 1371 1493 ad
1416 1452 1653 1494 Scaevolam
1698 1452 1946 1508 pontificem

103 1515 226 1560 550:
252 1513 366 1559 anno
410 1516 560 1559 aetatis
589 1521 658 1559 m
691 1516 840 1565 scribit
874 1517 1004 1559 libros
1038 1518 1091 1560 de
1131 1518 1383 1560 Inventione
1422 1520 1529 1561 555.
1574 1519 1815 1560 declamitat
1847 1530 1946 1560 cuni

106 1580 354 1639 aequalibus
391 1581 580 1626 55sscin
615 1583 832 1626 dialectica
869 1590 1087 1626 exercetur
1114 1598 1139 1626 a
1166 1584 1343 1626 Diodoto
1376 1587 1515 1627 Stoico
1548 1586 1655 1627 556.
1692 1586 1946 1641 Xenophon·

105 1649 160 1692 tis
191 1647 518 1692 'oeconomicum
551 1650 698 1692 Latine
744 1649 882 1692 reddit
926 1649 1033 1694 557.
1080 1651 1133 1693 ad
1170 1663 1340 1693 caussas
1385 1652 1501 1694 adire
1546 1651 1689 1707 coepit
1706 1682 1719 1704 ,
1765 1664 1946 1706 quarum

103 1718 236 1773 prima
280 1716 362 1759 fliit
403 1718 594 1774 privata,
641 1729 725 1772 qua
775 1730 888 1758 anno
938 1719 1086 1759 aetatis
1123 1729 1221 1759 xxvr
1261 1718 1452 1761 defendit
1493 1719 1538 1760 Ρ.
1578 1719 1797 1773 Quintium
1834 1717 1944 1760 564.

103 1780 266 1825 Moloni
300 1780 462 1825 Rhodio
506 1795 675 1838 operam
720 1782 791 1824 dat
830 1782 936 1825 565.
989 1784 1089 1826 item
1127 1785 1276 1826 Roscio
1310 1790 1355 1826 et
1398 1786 1563 1840 Aesopo
1602 1784 1709 1826 566.
1757 1784 1948 1826 defendit

103 1850 192 1892 Sex.
227 1847 426 1902 Roscium
470 1847 715 1891 Amerinum
757 1849 863 1891 566.
911 1850 1012 1891 item
1058 1852 1295 1892 Arretinum
1329 1852 1548 1892 mulierem
1587 1852 1694 1892 568.
1737 1851 1780 1891 in
1822 1853 1946 1892 Grae·

104 1913 211 1958 ciam
256 1912 540 1972 proficiscitur
577 1915 685 1958 569.
732 1916 910 1973 Athenis
951 1916 1071 1958 audit
1115 1917 1370 1958 Antiochum
1409 1918 1516 1959 569.
1565 1919 1665 1959 item
1712 1918 1944 1958 Phaedrum

104 1988 150 2025 et
180 1980 391 2024 Zenonem
428 1977 537 2026 570.
585 1994 683 2024 cum
726 1981 867 2023 Attico
907 1983 1100 2024 initiatur
1155 1984 1366 2037 mysteriis
1411 1984 1637 2025 Eleusiniis
1677 1982 1784 2027 570.
1830 1984 1944 2039 apud

104 2050 361 2100 Demetrium
400 2050 551 2103 Syrum
585 2054 804 2090 exercetur
837 2048 944 2092 578.
997 2048 1135 2091 Asiam
1177 2062 1403 2105 peragrans
1436 2063 1605 2106 operam
1649 2052 1721 2091 dat
1766 2051 1945 2091 clarissi-

105 2116 185 2158 mis
219 2112 460 2157 rhetoribus
493 2113 601 2159 573.
653 2116 846 2157 Rhodum
891 2114 1176 2170 proficiscitur
1219 2122 1264 2158 et
1297 2117 1415 2157 audit
1464 2118 1618 2158 iterum
1654 2117 1857 2159 mononem
1898 2122 1943 2159 et

104 2181 372 2225 Posidonium
406 2179 514 2225 573.
561 2181 773 2236 Smyrnam
808 2183 1091 2237 proficiscitur
1123 2183 1176 2223 ad
1210 2184 1253 2224 P.
1276 2183 1482 2224 Rutilium
1513 2184 1667 2224 Rufum
1706 2181 1814 2227 574.

171 2238 262 2308 (11.)
305 2249 363 2290 Ex
390 2249 542 2290 itinere
574 2249 746 2289 Romam
781 2247 890 2289 redit
918 2253 1015 2303 post
1042 2250 1261 2290 biennium
1295 2249 1402 2293 574.
1444 2251 1635 2291 defendit
1669 2250 1717 2304 Q.
1746 2250 1942 2292 Roscium

103 2314 355 2358 comoedum
399 2313 506 2358 576.
551 2314 602 2356 fit
634 2317 839 2369 Quaestor
887 2314 994 2359 577.
1041 2316 1231 2357 defendit
1275 2317 1532 2368 Titinniam‚
1582 2317 1726 2358 Cottae
1771 2330 1941 2358 uxorem

109 2379 217 2427 577.
252 2391 365 2423 anno
381 2382 532 2423 aetatis
555 2392 668 2422 xxxn
701 2383 1046 2436 Quaesturam
1080 2384 1189 2436 gerit
1216 2383 1258 2423 in
1279 2384 1418 2424 Sicilia
1445 2390 1490 2424 et
1517 2385 1777 2424 frumentum
1811 2385 1944 2425 mittit

103 2448 273 2491 Romam
307 2444 433 2493 577.—
461 2447 634 2502 indagat
673 2448 916 2503 sepulcrum
962 2449 1221 2490 Archimedis
1252 2447 1359 2492 577.
1407 2450 1597 2492 defendit
1636 2451 1801 2503 aliquot
1827 2451 1944 2491 iuve-

106 2530 182 2557 nes
224 2517 432 2557 Romanos
465 2514 573 2558 578.
614 2528 638 2556 e
678 2515 893 2569 provincia
932 2515 1142 2556 decedens
1176 2516 1414 2557 Orationem
1450 2517 1578 2557 habet
1611 2516 1794 2570 Lilybaei
1833 2516 1941 2559 579.

102 2581 223 2637 'venit
265 2580 462 2634 Puteolos
498 2579 606 2625 579.
654 2581 763 2622 redit
799 2581 970 2621 Romam
1005 2580 1112 2624 579.
1158 2582 1210 2622 de
1240 2582 1369 2623 nimia
1411 2582 1567 2637 gloriae
1607 2583 1836 2638 cupiditate
1870 2585 1944 2624 ali·

104 2653 311 2706 quantum
355 2649 536 2690 remittit
567 2648 675 2689 580.
720 2647 909 2688 defendit
952 2647 1004 2688 n.
1037 2649 1222 2689 Tullium
1266 2651 1373 2690 583.
1420 2663 1444 2690 a
1483 2649 1633 2690 siculis
1674 2657 1846 2704 rogatur
1891 2656 1941 2691 ut

104 2726 294 2757 caussam
319 2723 440 2755 suam
468 2713 672 2767 suscipiat
705 2718 851 2754 contra
884 2714 928 2754 C.
957 2713 1131 2754 Verrem
1165 2716 1272 2756 585.
1321 2728 1417 2756 cum
1449 2715 1497 2768 Q.
1524 2715 1701 2757 Caecilio
1734 2717 1787 2757 de
1818 2729 1942 2757 accu-

105 2783 268 2824 satione
296 2779 534 2834 contendit
553 2780 660 2821 585.
696 2780 740 2819 in
773 2791 900 2832 quem
933 2779 1171 2830 Orationem
1193 2780 1322 2821 habet
1340 2811 1352 2832 ‚
1392 2794 1502 2834 quae
1521 2783 1695 2823 ‘dicitur
1728 2783 1940 2824 Divinatio

105 2851 151 2891 in
180 2847 406 2890 Caecilium
438 2845 546 2888 586.
582 2844 741 2886 Aedilis
776 2850 943 2886 creatur
978 2845 1092 2901 prior
1125 2847 1292 2887 cunctis
1333 2847 1543 2902 suffragiis
1575 2848 1682 2890 586.
1718 2854 1849 2890 totam
1883 2850 1943 2890 Si·

105 2915 242 2958 ciliam
278 2917 473 2969 peragrat
512 2917 561 2954 ut
607 2912 766 2953 scelera
802 2912 944 2952 Verris
988 2913 1032 2952 in
1067 2913 1157 2967 ipsa
1197 2914 1412 2967 provincia
1448 2921 1676 2969 cognoscat
1713 2917 1821 2958 586.
1862 2917 1942 2957 Ro-

103 2995 213 3024 mam
240 2977 371 3022 redux
397 2980 631 3021 Siculorum
651 2991 840 3019 caussam
871 2978 1051 3033 suscipit
1079 2984 1225 3020 contra
1255 2981 1527 3022 Hortensium
1559 2980 1667 3024 587.
1702 2983 1940 3024 Orationem

102 3048 232 3091 habet
256 3047 302 3088 in
331 3045 530 3099 Verrem,
558 3058 667 3100 quae
696 3045 851 3085 dicitur
878 3045 999 3085 Actio
1027 3046 1159 3099 prima
1192 3045 1299 3090 587.
1333 3061 1445 3088 anno
1467 3049 1617 3090 aetatis
1644 3060 1800 3090 mvm
1828 3063 1940 3090 sum-

104 3122 171 3156 ina
226 3112 484 3155 abstinentia
535 3112 881 3152 Aedilitatem
936 3113 1045 3165 gerit
1088 3113 1195 3153 589.
1241 3113 1431 3154 defendit
1480 3116 1530 3156 Μ.
1564 3116 1784 3156 Fonteium
1828 3117 1937 3158 589.

103 3182 151 3224 A.
182 3181 399 3222 Caecinam
432 3180 539 3221 590.
585 3180 630 3219 Ρ.
661 3178 840 3232 Oppium
878 3179 985 3219 593.
1032 3184 1199 3233 praetor
1232 3181 1502 3222 renuntiatur
1539 3182 1646 3223 593.
1683 3197 1796 3223 anno
1828 3188 1940 3224 aeta-

103 3249 160 3290 tis
189 3259 257 3289 xm
290 3246 495 3300 singulari
538 3245 747 3300 probitate
780 3245 1083 3286 Praeturam
1128 3247 1239 3299 gerit
1277 3247 1384 3288 594.
1420 3249 1508 3301 agit
1541 3262 1731 3290 caussam
1759 3251 1803 3290 C.
1833 3251 1939 3290 Lici-

105 3316 166 3356 nii
198 3315 323 3355 macri
355 3313 463 3354 595.
514 3312 752 3352 Orationem
790 3311 919 3352 habet
963 3325 1039 3365 pro
1073 3311 1165 3365 lege
1199 3313 1363 3354 Manilia
1401 3315 1508 3356 595.
1555 3330 1631 3369 pro
1665 3316 1713 3356 A.
1744 3316 1939 3357 Cluentio

104 3381 227 3423 Avito
265 3379 372 3423 597.
409 3393 485 3434 pro
518 3378 766 3420 Scamandro
799 3379 906 3419 598.
947 3391 1024 3432 pro
1058 3379 1107 3418 M.
1138 3380 1378 3432 Fundanio,
1413 3382 1455 3421 C.
1486 3383 1706 3430 Orchivio‚
1741 3384 1783 3424 C.
1814 3384 1942 3423 Mani-

103 3449 160 3490 lio
199 3449 306 3489 598.
352 3449 594 3500 frequentat
638 3445 803 3485 scholas
842 3445 892 3484 Μ.
928 3445 1101 3484 Antonii
1147 3447 1383 3500 Gniphonis
1421 3449 1529 3489 599.
1577 3463 1625 3489 ex
1659 3457 1854 3504 praetura
1895 3451 1939 3489 in

106 3515 360 3570 provinciam
390 3515 450 3554 ire
481 3517 647 3553 recusat
684 3511 791 3553 601.
827 3513 870 3552 G.
900 3512 1136 3552 Cornelium
1165 3513 1353 3554 defendit
1390 3515 1496 3555 601.
1533 3517 1641 3568 petit
1673 3518 1939 3557 consulatum

312 3593 314 3595 ’
1513 3581 1608 3623 76*
