2210 3970
565 250 618 304 L.
646 248 755 306 vn.
799 248 949 304 clv,
993 247 1032 320 g
1064 251 1120 301 11
1167 278 1241 286 -
1281 264 1325 300 c.
1357 247 1437 301 vi.
1483 248 1633 320 §122
1910 248 2014 299 297

201 418 446 459 sermone
485 400 872 458 celebrabatur.
949 399 1099 470 Εςοι
1139 404 1358 461 autem,
1399 403 1461 452 ut
1498 414 1654 471 saepe
1694 400 1906 454 Atticus
1938 418 2024 458 mc

197 508 509 559 currentem
541 499 789 556 hortatus
816 505 961 564 erat,
999 496 1238 571 quotidie
1273 496 1597 562 meditabar,
1635 499 2027 572 praecipiebam

198 603 373 668 meis,·
405 599 676 656 faciebam
726 599 982 672 denique,
1021 603 1103 653 jut
1145 611 1362 652 summa
1403 597 1666 654 modestia
1710 605 1765 654 et
1815 617 2026 659 summa

201 700 527 758 abstinentia
557 715 758 756 munus
783 699 884 756 hoc
909 697 1398 756 extraordinarium
1430 697 1854 756 traduceremus.
1941 708 2025 759 14.

202 801 383 861 Pridie
401 806 425 840 ²
454 799 632 856 Nonas
659 799 842 869 Quint.
865 798 1241 873 proficiscebar
1258 797 1484 855 Athenis
1505 839 1520 864 ,
1544 815 1715 873 quum
1750 800 1822 856 ihi
1843 801 2029 861 decem

198 904 350 978 ipsos
367 901 602 958 ·t'uissem
631 900 762 957 dies,
843 900 1076 956 Venerat
1102 900 1467 974 Pomptiniusz
1505 917 1614 956 una
1639 901 1736 957 Cn.
1759 901 2033 967 Volusius;

192 1003 390 1061 aderat
427 1006 712 1076 quaestor:
763 1018 908 1057 unus
953 1000 1166 1057 Tullius
1199 1000 1401 1057 aberat.
1478 1001 1772 1078 Ἀφρακτα
1807 1003 2034 1063 Rhodio·

203 1121 335 1164 rum
341 1125 358 1169 ,·
415 1110 471 1160 et
506 1102 727 1175 δίκροτοι
755 1101 1200 1178 Mitylenaeomm
1239 1101 1499 1159 habebam
1521 1143 1536 1169 ‚
1582 1110 1638 1159 et
1674 1103 1880 1177 aliquid
1919 1111 2035 1165 lna·

201 1211 413 1265 κόπων.
492 1203 775 1275 Negotium
797 1208 819 1244 ⁸
857 1219 1116 1275 maguum
1136 1206 1254 1258 erat
1273 1203 1552 1275 navigare,
1583 1210 1748 1277 atque
1766 1203 1822 1260 id
1850 1221 2036 1264 mense

199 1303 447 1375 Quintili.
526 1303 702 1375 Igitur
731 1310 883 1358 sexto
913 1303 1132 1357 demum
1164 1302 1253 1357 die
1285 1301 1476 1358 Delum
1514 1302 1740 1358 Athenis
1765 1307 2034 1362 venimus:

199 1420 331 1462 nam
388 1404 562 1479 pridie
611 1402 788 1459 Nonas
845 1401 1068 1470 Quintil.
1117 1418 1148 1456 a
1200 1402 1420 1456 Piraeeo
1463 1401 1532 1457 ad
1577 1402 1819 1469 Zostera,
1880 1414 2036 1462 vento

199 1504 462 1569 molesto,
502 1503 596 1576 qui
636 1518 732 1558 nos
770 1501 968 1557 ibidem
1009 1500 1174 1556 Nonis
1206 1502 1398 1557 tenuit.
1479 1503 1539 1557 Α.
1575 1501 1626 1557 d.
1662 1521 1770 1559 vm.
1813 1504 1940 1561 ldus
1972 1508 2036 1563 ad

205 1606 323 1664 Ceo¹
356 1602 609 1661 iucunde.
660 1601 820 1658 lude
870 1602 1109 1676 Gyarum
1169 1617 1328 1657 saevo
1384 1609 1572 1667 vento,
1615 1607 1730 1658 ‘non
1782 1605 2038 1663 adverso:

203 1706 335 1765 hine
368 1706 630 1782 Scyrum.
670 1703 795 1760 inde
813 1702 1035 1770 Delum,
1069 1710 1299 1776 utroque
1336 1703 1530 1768 citius,
1569 1720 1732 1776 quam
1753 1706 2041 1774 vellemus,

207 1806 433 1866 cursum
468 1803 817 1863 confecimus,
914 1802 1188 1859 Imbecilla
1226 1810 1357 1859 sunt
1390 1809 1643 1876 ἄφρακτα
1681 1805 2039 1865 Rhodiorum:

202 1916 262 1968 et
292 1908 457 1975 nihil,
495 1906 638 1982 quod
674 1907 859 1963 minus
891 1904 1121 1962 fluctum
1161 1903 1309 1962 ferre
1346 1906 1532 1979 possit.
1612 1906 1799 1980 ltaque
1836 1910 2040 1966 erat-in

209 2010 389 2069 animo
424 2005 563 2066 nihil
601 2006 885 2071 festinare,
925 2005 1054 2063 Delo
1093 2022 1190 2063 nec
1229 2022 1446 2062 movere
1460 2047 1474 2071 ,
1515 2007 1620 2062 nisi
1659 2009 1839 2065 omnia
1878 2016 2042 2080 ἀκρο-

208 2112 402 2184 'notun
438 2114 590 2181 οὔρια
619 2105 892 2162 vidissem.

289 2307 377 2364 vl.
463 2307 551 2364 1³5.
588 2307 861 2382 Ephesum
882 2311 903 2347 ⁴
935 2307 1182 2363 venimus
1209 2324 1256 2362 a.
1279 2307 1331 2362 d.
1354 2324 1423 2362 xi.
1448 2307 1563 2363 Kal.
1594 2308 1741 2364 Sext.
1821 2310 2044 2382 Naviga-

217 2409 398 2466 vimus
438 2408 563 2464 *sine
606 2409 829 2464 timore·
857 2415 911 2463 et
957 2409 1075 2463 sine
1121 2422 1354 2469 nausea;
1406 2406 1501 2462 sed
1547 2408 1783 2474 tardius,
1831 2418 2048 2484 propter

204 2508 607 2584 aphractorum>
627 2507 958 2564 Rhodiorum
986 2506 1427 2563 imbecillitatem.
1486 2507 1793 2565 Concursus
1832 2510 2048 2583 legatio·

216 2620 377 2675 num,
417 2609 761 2683 privatorum*
789 2614 846 2664 et
877 2606 1210 2664 incredibilis
1239 2607 1536 2664 multitutlo
1565 2609 1703 2666 mihi
1732 2612 1841 2667 iam
1875 2611 2048 2679 Sami,

217 2709 311 2767 sed
342 2707 645 2766 mirabilem
685 2709 741 2763 in
779 2707 1000 2764 modum
1032 2707 1230 2781 Ephesi
1270 2715 1485 2781 praesto
1523 2708 1642 2764 suit.
1723 2710 2049 2779 Decumani‚

217 2827 281 2866 ac
313 2810 360 2866 si
385 2809 651 2864 venissem
689 2823 815 2863 cum
849 2808 1103 2881 imperio,
1142 2809 1333 2865 Graeci
1366 2810 1520 2882 quasi
1553 2809 1784 2883 Ephesio
1814 2817 2047 2885 praetori

216 2926 278 2966 se
315 2908 520 2965 alacres
553 2906 894 2970 obtulerunt3
944 2923 1053 2982 qua
1069 2916 1092 2948 ⁶
1130 2908 1443 2965 celebritate
1483 2909 1618 2965 nihil
1657 2927 1746 2966 me
1791 2929 2047 2986 umquam

217 3008 505 3067 delectavit
541 3009 731 3080 magis.
811 3009 950 3065 Tum
969 3013 992 3047 ⁶
1031 3009 1274 3067 triduum
1314 3009 1447 3067 illud
1468 3052 1483 3075 ,
1534 3009 1677 3083 quod
1715 3027 1815 3083 ego
1851 3013 2049 3086 Ephesi

206 3116 583 3169 commoratus
621 3124 773 3174 sum,
813 3108 1151 3166 familiariter
1182 3129 1398 3168 mecum
1431 3111 1534 3167 suit
1574 3111 1635 3179 Q.
1663 3112 1875 3169 Mucius
1908 3115 1964 3170 P.
1986 3115 2047 3172 F.

162 3295 167 3301 .
208 3212 501 3276 Scaevola,
543 3212 618 3277 is,
658 3229 689 3266 a
721 3227 827 3283 quo
853 3212 1056 3285 Appius
1088 3214 1343 3285 petierat,
1378 3221 1469 3277 ut,
1509 3213 1639 3269 dum
1668 3215 1783 3286 ipse
1814 3214 2050 3285 abesset,

227 3333 438 3351 -p--

287 3397 324 3453 ι)
357 3394 465 3440 ibid.
493 3398 541 3441 v.
573 3398 615 3440 s.
649 3396 674 3451 §
705 3397 744 3438 1.
778 3419 836 3427 -
870 3395 906 3451 ι)
938 3391 1049 3439 ibid.
1082 3397 1337 3453 v.11.§4.
1373 3419 1429 3426 -
1463 3394 1505 3453 5)
1534 3392 1646 3441 ibid.
1682 3398 1728 3441 v.
1762 3400 1834 3442 12.
1869 3401 1954 3456 §1.
1988 3427 2044 3432 —

226 3473 268 3529 4)
299 3469 410 3518 ibid.
439 3475 487 3518 V.
525 3475 595 3518 13.
627 3472 711 3530 51.
747 3497 804 3505 --
836 3473 877 3530 ⁵)
909 3470 1017 3518 lbid.
1037 3475 1175 3518 v.20.
1210 3475 1293 3529 §L
1330 3498 1386 3506 -
1419 3474 1459 3530 6)
1491 3472 1623 3535 Epist.
1647 3474 1698 3520 ad
1728 3473 1916 3537 Appium
1948 3477 2046 3521 Pul·

229 3548 382 3595 chrum
414 3550 489 3609 (ad
513 3553 629 3596 Fam.
657 3551 737 3594 ΙΙΙ.
773 3553 811 3594 5.
848 3552 956 3607 §5.)
