2210 3970
265 216 373 268 856
805 224 1567 264 SENATU—-SILANUS,

263 371 475 410 senatores
493 395 504 416 ,
556 377 687 417 quum
736 367 896 403 vestem
952 366 1190 404 mutassent
1232 364 1279 403 in
1322 364 1444 404 luctu
1488 364 1700 405 Ciceronis
1719 393 1731 416 ,
1773 379 1798 405 a
1847 367 2091 409 consulibus

261 434 463 474 iubentur
497 431 548 470 ad
583 443 707 470 suum
739 430 940 470 vestitum
974 429 1111 469 redire
1139 443 1182 482 p.
1212 429 1320 469 668.
1809 444 1814 447 “

326 500 371 538 in
406 499 599 537 Senatu
633 496 866 536 recitantur
897 494 1063 535 litterae
1091 495 1260 548 publice
1289 496 1439 535 missae
1473 494 1580 537 726.
1611 497 1720 538 805.
1753 498 1862 539 810.

325 563 862 604 senatusconsultum
894 562 940 600 in
969 562 1258 601 coniuratione
1287 562 1487 602 Catilinae
1509 562 1617 603 621.
1652 563 1704 604 de
1733 565 1959 618 puniendis
1989 578 2089 606 con-

258 631 405 670 iuratis
443 630 550 670 639.
585 629 637 668 de
671 628 811 668 reditu
854 627 1066 668 Ciceronis
1104 626 1212 667 685.
1252 626 1361 669 687.
1400 627 1509 668 689.
1545 628 1597 668 de
1624 630 1852 683 provinciis
1891 629 2000 673 722.
2036 633 2089 672 de

258 696 481 750 postulatis
515 695 698 735 Caesaris
731 692 840 736 734.
872 691 980 736 736.
1017 693 1068 733 de
1098 693 1385 733 confirmando
1414 694 1664 747 Octaviano,
1698 697 1750 736 de
1785 697 2004 738 laudandis
2031 698 2092 738 le-

255 762 449 816 gionibus
469 791 482 814 ,
515 762 568 802 de
602 760 789 801 ornando
822 759 871 801 Ι).
900 760 1028 800 Bruto
1058 758 1166 802 797.
1202 759 1255 800 de
1287 760 1493 800 mittenda
1525 760 1736 813 legatione
1775 763 1829 803 ad
1855 763 2088 805 Antonium

255 829 365 870 800.
1406 839 1409 842 “

321 896 374 935 de
408 895 465 934 Se
475 908 504 933 n
514 907 537 933 e
548 907 570 933 c
581 898 635 933 tu
645 898 694 933 te
730 892 876 933 scribit
908 893 1050 931 Cicero
1083 890 1193 933 784.

319 962 345 1001 S
354 973 378 1000 e
387 974 414 1013 p
425 961 515 1000 tim
525 960 539 999 i
549 973 578 998 u
588 972 607 998 s
641 960 805 999 Camers
840 972 864 998 a
898 957 1074 997 Catilina
1103 957 1299 997 dimissus
1327 959 1374 998 in
1403 970 1551 1010 agrum
1584 959 1785 1000 Picenum
1818 961 1843 1001 6
1851 960 1874 1000 1
1883 961 1926 1002 9.

318 1028 364 1068 L.
399 1027 613 1078 Sergius
659 1025 834 1066 Catilina
878 1023 1060 1063 Africam
1092 1028 1261 1076 praetor
1293 1024 1459 1064 obtinet
1491 1024 1602 1066 599.
1643 1027 1934 1068 coniuratione
1979 1028 2087 1068 facta

252 1105 423 1133 manum
466 1098 584 1146 parat
617 1091 670 1131 ad
702 1091 872 1132 caedem
918 1103 1026 1130 coss.
1061 1089 1172 1130 dess.
1205 1090 1314 1132 600.
1360 1103 1436 1143 spe
1470 1102 1546 1130 sua
1590 1091 1818 1133 frustratus
1863 1094 2087 1134 consilium

251 1159 389 1200 caedis
422 1159 564 1198 differt
600 1157 710 1197 601:
745 1160 966 1197 accusatus
1000 1156 1330 1209 repetundarum
1362 1156 1603 1198 defenditur
1635 1158 1688 1198 ab
1720 1159 1943 1200 Hortensio
1976 1160 2085 1200 601.

251 1226 519 1280 consulatum
552 1228 703 1278 petens
737 1228 961 1278 superatur
993 1235 1017 1262 a
1056 1222 1255 1266 Cicerone
1288 1222 1397 1264 604.
1442 1223 1555 1277 capit
1586 1225 1809 1266 consilium
1850 1226 2089 1280 opprimen-

252 1293 329 1332 dae
369 1292 473 1346 reip.
513 1290 620 1331 605.
668 1303 745 1344 per
788 1290 973 1330 Fulviam
1017 1288 1250 1329 coniuratio
1295 1289 1486 1335 Ciceroni
1530 1290 1723 1343 proditur
1759 1292 1868 1333 609.
1913 1292 2087 1333 Catilina

251 1371 382 1399 novas
416 1358 580 1398 tabulas
622 1357 848 1410 pollicetur
881 1355 988 1396 610.
1035 1355 1174 1395 omnia
1214 1356 1388 1399 molitur
1421 1359 1471 1395 ut
1514 1357 1667 1397 consul
1693 1357 1769 1398 fiat
1805 1358 1914 1399 613.
1949 1359 2088 1412 repul·

253 1438 340 1465 sam
368 1437 516 1477 passus
551 1424 744 1464 coniurat
761 1423 812 1463 de
847 1422 973 1463 caede
1002 1422 1226 1461 consulum
1260 1427 1305 1463 et
1337 1425 1537 1474 senatus,
1571 1422 1624 1463 de
1647 1423 1855 1465 incendiis
1890 1425 2013 1465 Urbis
2042 1430 2087 1465 et

250 1491 525 1545 opprimenda
556 1503 646 1543 rep.
686 1487 794 1531 617.
842 1494 981 1543 partes
1034 1488 1336 1528 coniurationis
1388 1489 1502 1529 inter
1551 1489 1688 1529 socios
1738 1490 1940 1531 describit
1975 1491 2085 1532 619.

250 1558 502 1611 suspicionis
536 1555 729 1596 vitandae
764 1568 912 1596 caussa
945 1556 990 1594 in
1023 1547 1200 1594 liberam'
1230 1567 1275 1594 se
1308 1555 1400 1609 ipse
1434 1555 1560 1595 offert
1593 1556 1827 1597 custodiam
1864 1557 1973 1598 622.
2009 1571 2085 1611 spe

250 1637 326 1663 sua
354 1623 506 1663 excidit
519 1633 529 1642 ·’
539 1636 671 1675 quum
704 1621 988 1662 interficiendi
1017 1621 1260 1660 Ciceronem
1287 1625 1379 1662 tum
1413 1621 1656 1674 occupandi,
1675 1623 1944 1670 consulatum
1975 1623 2083 1665 622.

246 1690 506 1730 coniuratos>
533 1693 738 1729 convocat
769 1689 815 1729 in
829 1727 834 1729 Δ
849 1689 1018 1728 domum
1050 1687 1102 1728 Μ.
1130 1688 1286 1728 Laecae
1318 1687 1427 1729 628.
1461 1687 1568 1728 duos
1608 1690 1913 1746 coniurationis
1947 1690 2084 1730 socios

249 1756 379 1796 mittit
423 1756 475 1795 ad
519 1756 761 1796 Ciceronem
794 1753 1137 1795 interficiendum
1157 1783 1169 1804 ,
1215 1754 1290 1806 qui
1330 1754 1452 1794 domo
1497 1755 1781 1796 excluduntur
1813 1756 1922 1798 624.
1966 1756 2084 1796 venit

247 1823 293 1862 in
328 1826 520 1863 senatum
540 1851 552 1873 ‚
604 1822 679 1861 ubi
711 1821 922 1861 Ciceronis
968 1820 1163 1860 Oratione
1209 1824 1470 1873 perterretur
1502 1819 1612 1861 625.-
1657 1822 1767 1874 fugit
1798 1822 1852 1863 ad
1883 1822 2083 1862 Manlium

251 1888 360 1930 626.
410 1903 434 1929 a
478 1892 628 1929 senatu
678 1887 814 1927 hostis
863 1887 1074 1927 iudicatur
1111 1884 1221 1927 627.
1267 1886 1406 1926 victus
1447 1900 1471 1926 a
1517 1886 1568 1926 M.
1607 1887 1773 1931 Petreio
1790 1917 1802 1940 ,
1854 1888 2080 1929 fortissime

246 1968 440 2009 pugnans
475 1955 716 1995 confoditur
747 1953 856 1995 643.

312 2023 568 2062 Serranus
603 2034 642 2060 v.
679 2020 847 2060 Atilius.

311 2089 578 2128 Sertorius
613 2088 659 2126 in
693 2087 891 2140 Hispania
923 2085 1083 2126 bellum
1117 2086 1227 2138 gerit
1259 2084 1367 2129 571.
1401 2085 1509 2129 575.
1539 2084 1647 2128 578.
1688 2088 1796 2129 582.

310 2155 361 2195 Μ.
398 2154 680 2203 Servilius,
715 2153 813 2194 trib.
849 2153 907 2206 pl.
950 2152 1146 2206 producit
1179 2152 1422 2193 Ciceronem
1449 2154 1495 2193 in
1525 2154 1773 2193 concionem
1804 2155 1913 2194 808.

179 2268 182 2271 ,
310 2222 358 2274 Q.
394 2221 652 2260 Servilius
687 2220 862 2273 Caepio,
897 2231 982 2259 cos.
1020 2214 1071 2270 (a.
1106 2208 1218 2276 648)
1257 2218 1364 2260 515.
1401 2220 1580 2270 iudicia,
1615 2232 1724 2273 quae
1758 2233 1808 2260 ex
1841 2221 1935 2272 lege
1970 2219 2080 2260 Sem·

244 2288 392 2343 pronia
421 2300 552 2341 penes
581 2287 747 2339 equites
782 2290 928 2337 erant,
963 2285 1152 2325 restituit
1185 2286 1450 2326 senatoribus
1483 2286 1592 2327 518.

309 2355 353 2395 C.
388 2353 645 2394 Servilius
681 2354 882 2404 Glaucia,
917 2355 1083 2406 praetor
1117 2351 1342 2392 seditiosus
1376 2352 1632 2393 interficitur
1670 2350 1779 2395 527.

309 2421 354 2460 Ρ.
391 2420 649 2460 Servilius
699 2420 849 2459 Rullus
869 2448 881 2470 ,
924 2418 1022 2459 trib.
1068 2417 1127 2470 pl.
1173 2418 1310 2470 legem
1354 2419 1438 2458 fert
1482 2419 1684 2472 agrariam
1703 2448 1715 2470 ,
1766 2431 1893 2471 quam
1937 2418 2080 2460 Cicero

241 2486 376 2527 tribus
412 2486 677 2526 Orationibus
712 2485 903 2525 dissolvit
931 2485 1041 2525 608.

307 2553 354 2592 P.
388 2553 648 2592 Servilius
695 2552 814 2591 Vatia
848 2552 1058 2590 Isauricus
1093 2550 1136 2589 C.
1164 2550 1205 2588 F.
1243 2562 1330 2590 cos.
1369 2540 1423 2604 (a.
1458 2541 1570 2605 675)
1609 2542 1716 2591 568'.
1753 2563 1851 2590 reus
1885 2553 2020 2592 sactus
2054 2566 2079 2592 a

239 2619 424 2659 Lucullis
464 2615 571 2659 537.
617 2617 830 2657 Metellum
876 2630 972 2655 cum
1023 2615 1223 2654 Cicerone
1269 2616 1464 2655 conciliat
1499 2614 1607 2658 687.
1656 2617 1806 2656 suadet
1849 2617 1987 2669 legem
2025 2618 2078 2657 de

238 2685 502 2726 restituendo
537 2685 735 2723 Cicerone
775 2683 882 2723 688.
1638 2722 1640 2724 .

306 2753 351 2791 Ρ.
387 2751 646 2791 Servilius
699 2750 819 2789 Vatia
871 2749 1082 2788 Isauricus
1130 2748 1174 2788 P.
1208 2748 1250 2787 F.
1299 2760 1384 2788 cos.
1421 2737 1474 2804 (a.
1509 2738 1620 2805 706)
1659 2746 1768 2790 747.
1813 2747 1979 2801 legatus
2024 2750 2078 2789 ad

236 2818 468 2858 Antonium
496 2816 740 2856 decernitur
771 2816 880 2856 809.
915 2828 1060 2868 pacem
1084 2826 1170 2854 non
1201 2818 1348 2854 censet
1377 2827 1473 2854 cum
1501 2813 1686 2854 Antonio
1711 2815 1943 2855 faciendam
1969 2815 2078 2857 810.

242 2916 244 2918 .
305 2885 349 2924 Ρ.
385 2884 619 2933 Sextius,
654 2882 752 2922 trib.
788 2883 846 2935 pl.
882 2881 1094 2922 Ciceronis
1129 2880 1311 2920 reditum
1346 2881 1515 2922 adiuvat
1552 2880 1803 2930 684685.
1838 2881 2078 2922 defenditur

239 2965 263 2991 a
296 2951 495 2990 Cicerone
529 2950 637 2989 695.

208 3006 212 3010 ⁴
304 3017 449 3057 Sicca
481 3017 724 3056 Ciceronem
757 3016 943 3054 exsulem
976 3015 1022 3053 in
1064 3013 1243 3053 fundum
1278 3026 1402 3053 suum
1436 3013 1588 3066 excipit
1620 3011 1727 3055 675.

238 3115 242 3118 »
305 3082 490 3123 Sicilia
535 3083 639 3122 duos
686 3086 931 3134 quaestores
977 3081 1132 3120 habere
1179 3080 1288 3120 solet
1326 3079 1433 3123 577.
1484 3081 1628 3120 Cicero
1661 3080 1845 3132 Lilybaei
1879 3083 2078 3133 quaestor

239 3153 306 3188 est
337 3148 444 3191 577.
479 3150 525 3189 in
561 3148 741 3188 Siciliam
775 3148 1060 3201 proficiscitur
1095 3150 1145 3186 ut
1173 3146 1314 3186 Verris
1349 3145 1508 3187 scelera
1542 3150 1769 3198 cognoscat
1801 3146 1908 3187 586.
1943 3151 2078 3187 trans—

234 3228 457 3267 gressurus
501 3228 551 3254 eo
593 3215 814 3265 exsulans,
865 3214 1113 3267 prohibetur
1156 3226 1181 3252 a
1226 3213 1268 3253 C.
1305 3213 1478 3265 Virgilio
1511 3210 1619 3254 676.
1666 3214 1888 3265 Syracusas
1927 3214 2074 3263 venit,

234 3282 487 3321 traiecturus
522 3282 567 3320 in
602 3281 814 3321 Graeciam
837 3279 938 3322 '788
968 3293 1031 3333 sq.

304 3348 471 3387 Siculi
516 3347 726 3387 inauditos
766 3348 948 3386 honores
984 3346 1223 3398 excogitant
1256 3346 1302 3385 in
1347 3346 1616 3397 Ciceronem,
1661 3349 1929 3399 quaestorem
1966 3343 2074 3387 577.

234 3414 562 3468 repetundarum
596 3414 814 3467 postulant
846 3414 889 3454 C.
921 3414 1092 3453 Verrem
1131 3412 1236 3452 585.

302 3479 509 3520 Silanus
544 3493 585 3519 v.
619 3480 783 3521 lunius.
1216 3488 1221 3490 ’
