2210 3970
271 285 377 337 698
599 292 603 295 ’
733 301 1056 338 ANNALES
1114 302 1614 341 c1csnoN1AN1.

272 430 358 488 τήν
383 428 557 491 ἄρκτον
583 433 913 493 μετεστράφη,
946 436 1026 478 καὶ
1052 432 1240 492 λαμπάς
1268 431 1362 478 ἀπὸ
1391 436 1473 491 τῆς
1498 431 1792 494 μεσημβρίας
1821 429 2089 495 ὁρμηθεῖσα

273 510 395 571 πρὸς
429 508 601 571 βορέαν
644 510 801 570 διῇξε,
849 516 997 565 λύκος
1042 529 1092 558 τε
1126 511 1174 564 ἐς
1217 512 1300 570 τήν
1332 515 1481 558 πόλιν
1517 511 1727 570 ἐσῆλθε,
1778 516 1858 559 καὶ
1891 515 2093 573 σεισμὸς

274 587 490 651 ἐγένετο,
531 590 623 634 τῶν
651 608 702 636 τε
734 593 947 638 πολιτῶν
978 590 1106 644 τινὲς
1140 601 1384 654 κεραυνοῖς
1415 591 1727 655 ἐφθάρησαν,
1762 596 1843 638 καὶ
1875 592 2095 654 θόρυβος

277 666 330 712 ἐν
364 668 428 729 τῷ
458 672 650 733 Λατίνῳ
670 669 763 715 ὑπὸ
795 674 876 735 γῆς
911 672 1213 731 ἐξηκούσθη·
1251 675 1330 717 καὶ
1362 672 1486 718 αὐτοὶ
1518 673 1565 718 οἱ
1594 674 1791 731 μάντεις
1818 672 2096 718 ἀκέσασθαι

278 748 575 805 θελήσαντες
611 748 899 813 ὀργίζεσθαί
934 769 1079 809 σφισι
1114 751 1373 812 δαιμόνιόν
1412 770 1459 798 τι
1495 751 1558 804 ὡς
1599 755 1681 797 καὶ
1717 754 1859 814 ἱερῶν
1893 752 2036 798 τινῶν
2067 751 2098 810 ἢ

279 831 467 889 χωρίων
510 829 606 886 οὐχ
643 830 789 875 ὁσίων
823 831 1176 890 ἕποικουμὲνων
1204 831 1408 891 ἔφασαν)
1447 830 1666 877 ἐνταῦθα
1707 833 1733 878 o‘
1754 832 1980 885 Κλώδιος
2015 831 2100 877 τὸν

275 907 528 968 Κικέρωνα
571 909 853 970 μεταλαβὼν
892 911 955 973 τῷ
990 929 1040 956 τε
1073 914 1199 973 λόγῳ
1239 912 1393 962 πολύς
1433 910 1670 967 ἐνέκειτο,
1716 915 1796 959 ὅτι
1833 912 1887 958 τὸ
1924 912 2101 971 ἔδαφος

278 989 361 1044 τῆς
407 991 565 1040 οἰκίας
603 989 859 1051 ἱερωμένον
900 993 956 1047 τῇ
1003 992 1294 1052 Ἐλευθερία
1335 991 1734 1053 κατῳκοδόμησε,
1787 996 1868 1037 καὶ
1910 991 2099 1050 ἐπῆλθέ

278 1080 396 1110 ποτε
437 1063 513 1111 ἒπό
559 1066 683 1114 αὐτὸ
719 1067 782 1121 ὡς
816 1072 895 1114 καὶ
931 1069 983 1114 ἐκ
1020 1071 1262 1128 θεμελίων
1306 1063 1458 1121 αὖθις
1491 1069 1642 1129 αὐτην
1681 1072 1982 1135 ἀναιρήσων.
2017 1075 2100 1118 καὶ

279 1144 372 1190 οὐκ
401 1146 599 1204 ἐποίησε
630 1148 720 1208 μὲν
760 1152 930 1205 τοῦτο,
967 1148 994 1194 ό
1025 1150 1111 1212 γάρ
1142 1151 1315 1194 Μίλων
1346 1147 1602 1195 ἐκώλυσεν.

359 1283 422 1356 (⁸)
466 1285 525 1338 In
567 1293 757 1340 senatu
803 1304 969 1358 quum
1012 1304 1225 1341 summa
1263 1286 1526 1341 dissensio
1561 1294 1702 1342 esset
1744 1288 1809 1343 de
1841 1287 2108 1360 stipendio

281 1385 551 1439 exercitus
590 1386 829 1440 Caesaris
869 1387 1039 1459 deque
1080 1387 1261 1441 decem
1303 1387 1526 1457 legatiS,
1565 1388 1749 1443 Cicero
1788 1406 1892 1443 non
1934 1388 2107 1443 solum

278 1482 548 1550 decrevit,
589 1487 679 1540 sed
719 1489 918 1553 etiam,
962 1495 1022 1542 ut
1064 1495 1281 1543 senatus
1322 1487 1663 1554 decerneret,
1701 1487 1977 1544 laboravit.
2018 1506 2109 1542 vu.

269 1601 329 1638 e.
352 1589 442 1640 45.
492 1592 613 1641 115.

345 1684 428 1729 Cic.
462 1685 514 1729 ad
546 1690 586 1731 Ρ.
606 1687 846 1732 Lentulum
877 1690 951 1745 (ad
984 1693 1102 1734 Fam.
1139 1703 1170 1734 1.
1198 1693 1235 1734 7.
1268 1691 1364 1748 10.)
1411 1687 1541 1747 Quod
1565 1688 1726 1733 scribis
1763 1697 1806 1734 te
1832 1687 1944 1734 velle
1971 1689 2112 1744 scire,

283 1762 365 1821 qui
395 1763 459 1806 sit
486 1764 757 1824 reipublicae
793 1774 942 1811 status
959 1789 977 1823 ;
1008 1783 1180 1811 summa
1208 1767 1425 1811 dissensio
1457 1775 1527 1811 est
1545 1801 1557 1819 .,
1590 1767 1671 1810 sed
1695 1768 1914 1811 contentio
1941 1766 2110 1826 dispar.

282 1839 392 1882 Nam
425 1841 505 1900 qui
525 1841 633 1900 plus
665 1842 852 1902 opibus⁷
886 1846 1054 1900 armis,
1079 1846 1287 1906 potentia
1318 1844 1496 1899 valent,
1523 1845 1772 1906 profecisse
1799 1851 1973 1888 tantum
2000 1842 2112 1886 mihi

272 1912 488 1961 'videntur
517 1918 720 1962 stultitia
758 1928 801 1963 et
832 1922 1135 1966 inconstantia
1166 1921 1544 1978 adversariorum,
1590 1930 1643 1966 ut
1675 1923 1808 1966 etiam
1841 1921 2112 1966 auctoritate

273 1997 376 2039 ’iam
396 1997 507 2057 plus
543 1997 750 2042 valerent.
815 2001 1005 2060 Itaque,
1031 2001 1274 2061 perpaucis
1299 1999 1660 2055 adversantibus,
1694 2002 1867 2056 omnia,
1911 2016 2023 2061 quae
2056 2015 2111 2043 ne

272 2089 361 2134 per
382 2074 602 2134 populum
629 2075 805 2135 quidem
833 2079 929 2121 sine
952 2079 1168 2122 seditione
1199 2094 1247 2121 se
1274 2079 1454 2138 assequi
1472 2094 1608 2139 posse
1640 2078 1998 2133 arbitrabantur,
2025 2093 2111 2138 per

283 2161 484 2197 senatum
518 2155 741 2198 consecuti
772 2162 903 2198 sunt:
944 2173 1045 2198 nam
1078 2163 1122 2199 et
1150 2156 1422 2216 stipendium
1459 2157 1639 2199 Caesari
1668 2156 1890 2200 decretum
1925 2163 2023 2210 est,
2067 2161 2111 2198 et

284 2229 428 2274 decem
463 2231 621 2292 legati,
668 2240 733 2288 et,
778 2249 830 2276 ne
862 2233 955 2294 lege
985 2235 1243 2294 Sempronia
1286 2235 1443 2296 [quam
1476 2238 1518 2278 C.
1548 2234 1763 2278 Gracchus
1795 2233 1905 2277 tussit
1937 2250 1974 2277 a.
2008 2236 2112 2289 631,

287 2307 363 2352 cfr.
388 2309 471 2354 Cic.
506 2327 581 2371 pro
609 2313 742 2354 Domo
769 2327 846 2355 sua
874 2327 908 2354 c.
929 2314 970 2355 9.
999 2315 1072 2355 24.
1102 2311 1288 2360 Sallust.
1313 2318 1409 2374 lug.
1439 2329 1474 2357 c.
1495 2315 1592 2371 27.]
1617 2311 1945 2366 succederetur,
1964 2309 2115 2370 facile

278 2387 534 2446 perfectum
566 2396 646 2432 est.
711 2405 786 2448 pro
811 2388 942 2433 Balbo
968 2406 1004 2434 c.
1025 2392 1096 2434 27.
1123 2394 1194 2435 61.
1233 2392 1275 2435 C.
1299 2393 1525 2435 Gaesarem
1549 2397 1733 2434 senatus
1759 2397 1802 2433 et
1828 2405 1986 2450 genere
2010 2404 2116 2447 sup·

248 2463 251 2467 ’
282 2463 580 2524 plicationum
611 2467 888 2527 amplissimo
926 2469 1101 2512 ornavit
1128 2476 1171 2512 et
1203 2485 1382 2513 numero
1416 2468 1586 2512 dierum
1612 2485 1720 2512 novo
1759 2470 1819 2526 [v.
1859 2466 1915 2511 ad
1944 2483 1981 2510 a.
2013 2469 2118 2511 697.

290 2545 402 2600 16.].
466 2543 612 2599 Idem,
645 2545 693 2587 in
721 2546 946 2604 ‹tregustiis
973 2546 1164 2601 aerarii,
1199 2548 1403 2590 victorem
1427 2546 1669 2590 exercitum
1691 2545 1911 2606 stipendio
1940 2544 2119 2605 affecit:

288 2619 551 2680 imperatori
581 2619 726 2664 decem
766 2620 934 2681 legatos
972 2620 1187 2678 decrevit,
1239 2623 1334 2685 lege
1370 2625 1631 2684 Sempronia
1669 2623 1984 2667 succedendum
2033 2637 2120 2666 non

293 2699 478 2741 censuit.
542 2699 712 2741 Harum
738 2714 815 2758 ego
841 2700 1161 2743 sententiarum
1184 2708 1226 2744 et
1235 2703 1446 2761 princeps
1462 2708 1505 2744 et
1532 2708 1688 2744 auctor
1704 2700 1802 2759 sui.
1868 2700 1944 2743 Dio
1961 2711 2118 2743 xxxlx.

299 2791 335 2820 c.
354 2779 427 2819 25.
463 2779 504 2819 1.
542 2777 595 2821 ‘O
617 2774 670 2821 δὲ
698 2776 758 2834 δή
789 2774 992 2837 Καῖσαρ
1025 2776 1378 2837 αὐξανόμενος,
1414 2783 1494 2825 καὶ
1529 2779 1556 2824 o‘
1589 2779 1738 2838 δῆμος
1764 2780 1821 2824 τά
1843 2794 1902 2824 ’τε
1936 2795 2124 2840 κατειρ-

297 2853 508 2916 γασμένα
555 2855 687 2918 αὐτῷ
720 2854 980 2915 θαυμάζων
1018 2856 1141 2902 ὥστε
1175 2862 1255 2904 καὶ
1291 2857 1344 2903 ἑκ
1382 2862 1464 2916 τῆς
1509 2857 1684 2918 βουλῆς
1723 2857 1898 2920 ἄνδρας
1936 2856 1999 2910 ὡς
2039 2860 2120 2903 καὶ

299 2933 381 2980 ἐπὶ
425 2934 804 2996 δεδουλωμένοις
836 2937 1078 2988 παντελῶς
1112 2945 1216 2990 τοῖς
1249 2940 1501 2991 Γαλάταις
1534 2937 1853 2994 ἀποστεῖλαι,
1891 2940 1971 2982 καὶ
2003 2936 2122 2998 πρὸς

300 3016 385 3068 τάς
420 3014 501 3062 ἀπ’
549 3017 703 3062 αὐτοῦ
734 3013 937 3067 ἐλπίδας
978 3015 1298 3079 ἐπαιρόμενος
1337 3018 1470 3063 ὥστε·
1499 3021 1577 3063 καὶ
1612 3016 1832 3079 χρήματά
1877 3018 1924 3063 οἱ
1965 3018 2121 3062 πολλὰ

287 3098 651 3154 ψηφίσασθαι,
682 3095 850 3146 δεινῶς
877 3094 1028 3141 αὐτὸν
1055 3096 1361 3158 (Πομπήιον)
1398 3095 1529 3154 ἠνία.

376 3234 438 3307 (⁹)
482 3234 580 3289 Ubi
619 3233 924 3289 Orationem
947 3236 1001 3289 in
1043 3244 1232 3291 senatu
1267 3236 1455 3291 habuit
1494 3237 1558 3291 de
1581 3237 1864 3308 provinciis
1894 3236 2125 3290 consula-

286 3324 479 3399 ribus,
532 3335 814 3390 Gabinium
871 3343 924 3390 et
970 3337 1214 3391 Pisonem
1258 3357 1285 3393 e
1328 3339 1484 3412 Syria
1523 3345 1576 3392 et
1618 3337 1922 3392 Macedonia
1975 3337 2128 3410 (quas

288 3435 391 3504 ¹isti
427 3451 529 3488 non
565 3453 629 3489 ex
667 3437 1127 3492 senatusconsulto
1163 3440 1339 3502 nacti,
1377 3438 1469 3493 sed
1503 3456 1566 3493 ex
1600 3439 1713 3510 lege
1749 3437 1925 3492 Clodia
1964 3438 2036 3508 [v.
2060 3434 2127 3491 ad

303 3552 349 3589 a.
383 3539 508 3591 696.
538 3539 570 3590 8
594 3543 646 3591 et
671 3538 784 3609 51.]
805 3578 822 3603 ‚
851 3545 1067 3610 propter
1099 3557 1259 3611 quam
1285 3540 1553 3596 Ciceronis
1579 3539 1893 3611 relegationi
1930 3552 2127 3594 annue-
