<?xml version="1.0" encoding="UTF-8"?>
<!DOCTYPE html PUBLIC "-//W3C//DTD XHTML 1.0 Transitional//EN"
    "http://www.w3.org/TR/xhtml1/DTD/xhtml1-transitional.dtd">
<html xmlns="http://www.w3.org/1999/xhtml" xml:lang="en" lang="en">
 <head>
  <title>
</title>
<meta http-equiv="Content-Type" content="text/html;charset=utf-8" />
  <meta name='ocr-system' content='tesseract 3.04.00' />
  <meta name='ocr-capabilities' content='ocr_page ocr_carea ocr_par ocr_line ocrx_word'/>
</head>
<body>
  <div class='ocr_page' id='page_1' title='image "./mtulliiciceronis00suriuoft/mtulliiciceronis00suriuoft_0132.png"; bbox 0 0 2150 3990; ppageno 0'>
   <div class='ocr_carea' id='block_1_1' title="bbox 277 263 1525 313">
    <p class='ocr_par' dir='ltr' id='par_1_1' title="bbox 277 263 1525 313">
     <span class='ocr_line' id='line_1_1' title="bbox 277 263 1525 313; baseline 0.001 -1"><span class='ocrx_word' id='word_1_1' title='bbox 277 263 372 312; x_wconf 78' lang='lat'>114</span> <span class='ocrx_word' id='word_1_2' title='bbox 878 274 1084 311; x_wconf 71' lang='lat' dir='ltr'>menno</span> <span class='ocrx_word' id='word_1_3' title='bbox 1132 276 1199 312; x_wconf 72' lang='lat' dir='ltr'>nn</span> <span class='ocrx_word' id='word_1_4' title='bbox 1250 275 1383 312; x_wconf 68' lang='grc' dir='ltr'>νιτΑ</span> <span class='ocrx_word' id='word_1_5' title='bbox 1424 278 1525 313; x_wconf 60' lang='lat' dir='ltr'>son</span> 
     </span>
    </p>
   </div>
   <div class='ocr_carea' id='block_1_2' title="bbox 217 408 2096 2085">
    <p class='ocr_par' dir='ltr' id='par_1_2' title="bbox 217 408 2096 2085">
     <span class='ocr_line' id='line_1_2' title="bbox 267 408 2085 482; baseline 0.002 -21"><span class='ocrx_word' id='word_1_6' title='bbox 267 409 386 463; x_wconf 81' lang='lat' dir='ltr'>culo</span> <span class='ocrx_word' id='word_1_7' title='bbox 424 408 687 471; x_wconf 59' lang='lat' dir='ltr'>civitam,</span> <span class='ocrx_word' id='word_1_8' title='bbox 729 420 899 478; x_wconf 83' lang='lat' dir='ltr'>neque</span> <span class='ocrx_word' id='word_1_9' title='bbox 952 423 1288 463; x_wconf 88' lang='lat' dir='ltr'>communem</span> <span class='ocrx_word' id='word_1_10' title='bbox 1337 417 1538 463; x_wconf 83' lang='lat' dir='ltr'>metum</span> <span class='ocrx_word' id='word_1_11' title='bbox 1593 410 1861 473; x_wconf 86' lang='lat' dir='ltr'>omnium,</span> <span class='ocrx_word' id='word_1_12' title='bbox 1915 426 2085 482; x_wconf 84' lang='lat' dir='ltr'>neque</span> 
     </span>
     <span class='ocr_line' id='line_1_3' title="bbox 267 507 2083 581; baseline 0.001 -19"><span class='ocrx_word' id='word_1_13' title='bbox 267 509 534 581; x_wconf 80' lang='lat' dir='ltr'><strong>propriam</strong></span> <span class='ocrx_word' id='word_1_14' title='bbox 565 507 940 561; x_wconf 86' lang='lat' dir='ltr'>nonnullorum</span> <span class='ocrx_word' id='word_1_15' title='bbox 970 508 1034 561; x_wconf 88' lang='lat' dir='ltr'>de</span> <span class='ocrx_word' id='word_1_16' title='bbox 1056 510 1169 580; x_wconf 90' lang='lat' dir='ltr'>ipso</span> <span class='ocrx_word' id='word_1_17' title='bbox 1197 510 1553 580; x_wconf 78' lang='lat' dir='ltr'><strong>suspicionem</strong></span> <span class='ocrx_word' id='word_1_18' title='bbox 1575 514 1669 562; x_wconf 79' lang='lat' dir='ltr'>aut</span> <span class='ocrx_word' id='word_1_19' title='bbox 1690 508 1967 562; x_wconf 79' lang='lat' dir='ltr'>infitiando</span> <span class='ocrx_word' id='word_1_20' title='bbox 1989 508 2083 563; x_wconf 89' lang='lat' dir='ltr'>tol-</span> 
     </span>
     <span class='ocr_line' id='line_1_4' title="bbox 264 604 2086 685; baseline 0.001 -24"><span class='ocrx_word' id='word_1_21' title='bbox 264 609 402 672; x_wconf 83' lang='lat' dir='ltr'>lere,</span> <span class='ocrx_word' id='word_1_22' title='bbox 442 614 536 662; x_wconf 85' lang='lat' dir='ltr'>aut</span> <span class='ocrx_word' id='word_1_23' title='bbox 575 604 962 685; x_wconf 78' lang='lat' dir='ltr'>dissimulando</span> <span class='ocrx_word' id='word_1_24' title='bbox 994 607 1178 662; x_wconf 83' lang='lat' dir='ltr'>sedare</span> <span class='ocrx_word' id='word_1_25' title='bbox 1211 607 1456 662; x_wconf 88' lang='lat' dir='ltr'>voluisse.</span> <span class='ocrx_word' id='word_1_26' title='bbox 1537 608 1595 662; x_wconf 80' lang='lat' dir='ltr'>In</span> <span class='ocrx_word' id='word_1_27' title='bbox 1630 619 1735 679; x_wconf 86' lang='lat' dir='ltr'>quo</span> <span class='ocrx_word' id='word_1_28' title='bbox 1767 607 1968 679; x_wconf 77' lang='lat' dir='ltr'>collega</span> <span class='ocrx_word' id='word_1_29' title='bbox 2000 620 2086 663; x_wconf 66' lang='lat' dir='ltr'>su‘-</span> 
     </span>
     <span class='ocr_line' id='line_1_5' title="bbox 265 707 2086 780; baseline 0.001 -19"><span class='ocrx_word' id='word_1_30' title='bbox 265 709 511 763; x_wconf 80' lang='lat' dir='ltr'>stinendo</span> <span class='ocrx_word' id='word_1_31' title='bbox 554 714 715 780; x_wconf 90' lang='lat' dir='ltr'>atque</span> <span class='ocrx_word' id='word_1_32' title='bbox 754 707 1104 771; x_wconf 79' lang='lat' dir='ltr'>moderandO,</span> <span class='ocrx_word' id='word_1_33' title='bbox 1158 723 1333 761; x_wconf 88' lang='lat' dir='ltr'>meam</span> <span class='ocrx_word' id='word_1_34' title='bbox 1373 709 1427 761; x_wconf 92' lang='lat' dir='ltr'>in</span> <span class='ocrx_word' id='word_1_35' title='bbox 1468 709 1619 762; x_wconf 90' lang='lat' dir='ltr'>illum</span> <span class='ocrx_word' id='word_1_36' title='bbox 1660 708 2047 780; x_wconf 79' lang='lat' dir='ltr'>indulgentiam</span> <span class='ocrx_word' id='word_1_37' title='bbox 2071 753 2086 774; x_wconf 86' lang='lat'><em>,</em></span> 
     </span>
     <span class='ocr_line' id='line_1_6' title="bbox 270 807 2087 878; baseline -0.001 -15"><span class='ocrx_word' id='word_1_38' title='bbox 270 810 609 863; x_wconf 82' lang='lat' dir='ltr'>coniunctam</span> <span class='ocrx_word' id='word_1_39' title='bbox 642 825 768 862; x_wconf 92' lang='lat' dir='ltr'>cum</span> <span class='ocrx_word' id='word_1_40' title='bbox 803 822 1012 861; x_wconf 89' lang='lat' dir='ltr'>summa</span> <span class='ocrx_word' id='word_1_41' title='bbox 1053 807 1293 861; x_wconf 87' lang='lat' dir='ltr'>custodia</span> <span class='ocrx_word' id='word_1_42' title='bbox 1328 807 1678 878; x_wconf 87' lang='lat' dir='ltr'>reipublicae,</span> <span class='ocrx_word' id='word_1_43' title='bbox 1719 824 1841 863; x_wconf 88' lang='lat' dir='ltr'>vere</span> <span class='ocrx_word' id='word_1_44' title='bbox 1868 809 2087 862; x_wconf 82' lang='lat' dir='ltr'>laudare</span> 
     </span>
     <span class='ocr_line' id='line_1_7' title="bbox 266 905 2088 980; baseline 0 -18"><span class='ocrx_word' id='word_1_45' title='bbox 266 911 442 980; x_wconf 85' lang='lat' dir='ltr'>quivis</span> <span class='ocrx_word' id='word_1_46' title='bbox 482 908 696 962; x_wconf 78' lang='lat' dir='ltr'>solebat.</span> <span class='ocrx_word' id='word_1_47' title='bbox 778 912 865 961; x_wconf 77' lang='lat'>54.</span> <span class='ocrx_word' id='word_1_48' title='bbox 908 908 1041 961; x_wconf 90' lang='lat' dir='ltr'>Nam</span> <span class='ocrx_word' id='word_1_49' title='bbox 1065 913 1082 943; x_wconf 89' lang='lat'><strong>¹</strong></span> <span class='ocrx_word' id='word_1_50' title='bbox 1118 906 1251 960; x_wconf 90' lang='lat' dir='ltr'>mihi</span> <span class='ocrx_word' id='word_1_51' title='bbox 1291 905 1508 976; x_wconf 83' lang='lat' dir='ltr'>quidem</span> <span class='ocrx_word' id='word_1_52' title='bbox 1548 909 1701 978; x_wconf 88' lang='lat' dir='ltr'>quasi</span> <span class='ocrx_word' id='word_1_53' title='bbox 1741 908 1871 963; x_wconf 87' lang='lat' dir='ltr'>haec</span> <span class='ocrx_word' id='word_1_54' title='bbox 1910 908 2088 962; x_wconf 89' lang='lat' dir='ltr'>condi-</span> 
     </span>
     <span class='ocr_line' id='line_1_8' title="bbox 268 1006 2087 1073; baseline -0.001 -10"><span class='ocrx_word' id='word_1_55' title='bbox 268 1012 341 1063; x_wconf 78' lang='lat' dir='ltr'>tio</span> <span class='ocrx_word' id='word_1_56' title='bbox 379 1008 689 1063; x_wconf 82' lang='lat' dir='ltr'>consulatus</span> <span class='ocrx_word' id='word_1_57' title='bbox 722 1007 847 1061; x_wconf 72' lang='lat' dir='ltr'>«lata</span> <span class='ocrx_word' id='word_1_58' title='bbox 879 1014 1048 1071; x_wconf 87' lang='lat' dir='ltr'>esset,</span> <span class='ocrx_word' id='word_1_59' title='bbox 1090 1014 1151 1060; x_wconf 84' lang='lat' dir='ltr'>ut</span> <span class='ocrx_word' id='word_1_60' title='bbox 1185 1023 1368 1061; x_wconf 89' lang='lat' dir='ltr'>omnes</span> <span class='ocrx_word' id='word_1_61' title='bbox 1400 1006 1748 1073; x_wconf 85' lang='lat' dir='ltr'>acerbitates,</span> <span class='ocrx_word' id='word_1_62' title='bbox 1789 1023 1972 1063; x_wconf 84' lang='lat' dir='ltr'>omnes</span> <span class='ocrx_word' id='word_1_63' title='bbox 1998 1009 2087 1062; x_wconf 89' lang='lat' dir='ltr'>do-</span> 
     </span>
     <span class='ocr_line' id='line_1_9' title="bbox 266 1086 2088 1180; baseline 0.001 -18"><span class='ocrx_word' id='word_1_64' title='bbox 266 1110 404 1164; x_wconf 89' lang='lat' dir='ltr'>lores</span> <span class='ocrx_word' id='word_1_65' title='bbox 438 1111 818 1180; x_wconf 77' lang='lat' dir='ltr'>cruciatusque</span> <span class='ocrx_word' id='word_1_66' title='bbox 857 1106 1178 1179; x_wconf 72' lang='lat' dir='ltr'>perferrem:</span> <span class='ocrx_word' id='word_1_67' title='bbox 1216 1107 1316 1161; x_wconf 86' lang='lat' dir='ltr'>tuli</span> <span class='ocrx_word' id='word_1_68' title='bbox 1358 1124 1463 1162; x_wconf 91' lang='lat' dir='ltr'>non</span> <span class='ocrx_word' id='word_1_69' title='bbox 1499 1086 1674 1162; x_wconf 84' lang='lat' dir='ltr'>solum</span> <span class='ocrx_word' id='word_1_70' title='bbox 1714 1106 1952 1175; x_wconf 83' lang='lat' dir='ltr'>fortiter,</span> <span class='ocrx_word' id='word_1_71' title='bbox 1991 1108 2088 1163; x_wconf 86' lang='lat' dir='ltr'>sed</span> 
     </span>
     <span class='ocr_line' id='line_1_10' title="bbox 264 1200 2092 1282; baseline -0.002 -17"><span class='ocrx_word' id='word_1_72' title='bbox 264 1213 425 1266; x_wconf 85' lang='lat' dir='ltr'>etiam</span> <span class='ocrx_word' id='word_1_73' title='bbox 458 1211 714 1276; x_wconf 76' lang='lat' dir='ltr'>libenter,</span> <span class='ocrx_word' id='word_1_74' title='bbox 754 1207 1042 1263; x_wconf 88' lang='lat' dir='ltr'>dummodo</span> <span class='ocrx_word' id='word_1_75' title='bbox 1080 1209 1215 1263; x_wconf 84' lang='lat' dir='ltr'>meis</span> <span class='ocrx_word' id='word_1_76' title='bbox 1247 1200 1518 1264; x_wconf 82' lang='lat' dir='ltr'>laboribus</span> <span class='ocrx_word' id='word_1_77' title='bbox 1549 1210 1760 1264; x_wconf 88' lang='lat' dir='ltr'>senatui</span> <span class='ocrx_word' id='word_1_78' title='bbox 1793 1208 2092 1282; x_wconf 84' lang='lat' dir='ltr'>populoque</span> 
     </span>
     <span class='ocr_line' id='line_1_11' title="bbox 264 1292 2090 1383; baseline -0.003 -17"><span class='ocrx_word' id='word_1_79' title='bbox 264 1310 774 1383; x_wconf 77' lang='lat' dir='ltr'>Romanodignitas</span> <span class='ocrx_word' id='word_1_80' title='bbox 813 1309 1064 1380; x_wconf 85' lang='lat' dir='ltr'>salusque</span> <span class='ocrx_word' id='word_1_81' title='bbox 1102 1314 1400 1380; x_wconf 84' lang='lat' dir='ltr'>pareretur.</span> <span class='ocrx_word' id='word_1_82' title='bbox 1479 1309 1661 1380; x_wconf 81' lang='lat' dir='ltr'>Ergo²</span> <span class='ocrx_word' id='word_1_83' title='bbox 1701 1292 1874 1363; x_wconf 75' lang='lat' dir='ltr'>multa</span> <span class='ocrx_word' id='word_1_84' title='bbox 1912 1309 2090 1372; x_wconf 79' lang='lat' dir='ltr'>tacui,</span> 
     </span>
     <span class='ocr_line' id='line_1_12' title="bbox 265 1407 2093 1484; baseline -0.002 -18"><span class='ocrx_word' id='word_1_85' title='bbox 265 1410 434 1466; x_wconf 82' lang='lat' dir='ltr'>multa</span> <span class='ocrx_word' id='word_1_86' title='bbox 474 1408 702 1484; x_wconf 84' lang='lat' dir='ltr'>pertuli,</span> <span class='ocrx_word' id='word_1_87' title='bbox 741 1409 911 1464; x_wconf 87' lang='lat' dir='ltr'>multa</span> <span class='ocrx_word' id='word_1_88' title='bbox 951 1409 1219 1473; x_wconf 84' lang='lat' dir='ltr'>concessi,</span> <span class='ocrx_word' id='word_1_89' title='bbox 1260 1407 1433 1462; x_wconf 85' lang='lat' dir='ltr'>multa</span> <span class='ocrx_word' id='word_1_90' title='bbox 1472 1421 1590 1463; x_wconf 89' lang='lat' dir='ltr'>meo</span> <span class='ocrx_word' id='word_1_91' title='bbox 1622 1407 1852 1480; x_wconf 81' lang='lat' dir='ltr'>quodam</span> <span class='ocrx_word' id='word_1_92' title='bbox 1884 1407 2093 1472; x_wconf 87' lang='lat' dir='ltr'>dolore,</span> 
     </span>
     <span class='ocr_line' id='line_1_13' title="bbox 217 1508 2095 1584; baseline -0.001 -19"><span class='ocrx_word' id='word_1_93' title='bbox 217 1557 219 1559; x_wconf 90' lang='lat'>.</span> <span class='ocrx_word' id='word_1_94' title='bbox 265 1514 320 1565; x_wconf 87' lang='lat' dir='ltr'>in</span> <span class='ocrx_word' id='word_1_95' title='bbox 367 1510 580 1584; x_wconf 86' lang='lat' dir='ltr'>publico</span> <span class='ocrx_word' id='word_1_96' title='bbox 623 1513 847 1575; x_wconf 85' lang='lat' dir='ltr'>timore,</span> <span class='ocrx_word' id='word_1_97' title='bbox 907 1510 1117 1571; x_wconf 75' lang='lat' dir='ltr'>sanavi:</span> <span class='ocrx_word' id='word_1_98' title='bbox 1175 1515 1472 1580; x_wconf 80' lang='lat' dir='ltr'>magnum³</span> <span class='ocrx_word' id='word_1_99' title='bbox 1517 1511 1661 1564; x_wconf 88' lang='lat' dir='ltr'>enim</span> <span class='ocrx_word' id='word_1_100' title='bbox 1714 1510 1770 1563; x_wconf 89' lang='lat' dir='ltr'>in</span> <span class='ocrx_word' id='word_1_101' title='bbox 1822 1508 2095 1581; x_wconf 81' lang='lat' dir='ltr'>republica</span> 
     </span>
     <span class='ocr_line' id='line_1_14' title="bbox 237 1609 2095 1682; baseline -0.001 -16"><span class='ocrx_word' id='word_1_102' title='bbox 237 1644 239 1650; x_wconf 93' lang='lat'>·</span> <span class='ocrx_word' id='word_1_103' title='bbox 266 1614 468 1667; x_wconf 88' lang='lat' dir='ltr'>versari</span> <span class='ocrx_word' id='word_1_104' title='bbox 501 1609 737 1667; x_wconf 84' lang='lat' dir='ltr'>furorem</span> <span class='ocrx_word' id='word_1_105' title='bbox 769 1618 824 1666; x_wconf 88' lang='lat' dir='ltr'>et</span> <span class='ocrx_word' id='word_1_106' title='bbox 858 1627 993 1664; x_wconf 90' lang='lat' dir='ltr'>nova</span> <span class='ocrx_word' id='word_1_107' title='bbox 1026 1609 1286 1682; x_wconf 84' lang='lat' dir='ltr'>quaedam</span> <span class='ocrx_word' id='word_1_108' title='bbox 1326 1611 1542 1664; x_wconf 88' lang='lat' dir='ltr'>misceri</span> <span class='ocrx_word' id='word_1_109' title='bbox 1576 1617 1630 1665; x_wconf 86' lang='lat' dir='ltr'>et</span> <span class='ocrx_word' id='word_1_110' title='bbox 1661 1610 1922 1664; x_wconf 82' lang='lat' dir='ltr'>concitari</span> <span class='ocrx_word' id='word_1_111' title='bbox 1956 1609 2095 1664; x_wconf 88' lang='lat' dir='ltr'>mala</span> 
     </span>
     <span class='ocr_line' id='line_1_15' title="bbox 269 1702 2096 1785; baseline -0.001 -19"><span class='ocrx_word' id='word_1_112' title='bbox 269 1713 585 1785; x_wconf 85' lang='lat' dir='ltr'>iampridem</span> <span class='ocrx_word' id='word_1_113' title='bbox 619 1702 881 1767; x_wconf 83' lang='lat' dir='ltr'>videbam.</span> <span class='ocrx_word' id='word_1_114' title='bbox 962 1711 1177 1766; x_wconf 86' lang='lat' dir='ltr'>Etenim</span> <span class='ocrx_word' id='word_1_115' title='bbox 1198 1716 1220 1749; x_wconf 74' lang='lat'><em>4</em></span> <span class='ocrx_word' id='word_1_116' title='bbox 1248 1707 1452 1764; x_wconf 86' lang='lat' dir='ltr'>iamdiu</span> <span class='ocrx_word' id='word_1_117' title='bbox 1482 1710 1537 1763; x_wconf 85' lang='lat' dir='ltr'>in</span> <span class='ocrx_word' id='word_1_118' title='bbox 1570 1708 1826 1782; x_wconf 84' lang='lat' dir='ltr'>periculis</span> <span class='ocrx_word' id='word_1_119' title='bbox 1853 1711 2096 1765; x_wconf 84' lang='lat' dir='ltr'>coniura-</span> 
     </span>
     <span class='ocr_line' id='line_1_16' title="bbox 262 1809 2095 1893; baseline -0.001 -27"><span class='ocrx_word' id='word_1_120' title='bbox 262 1814 430 1893; x_wconf 63' lang='lat' dir='ltr'>tionis</span> <span class='ocrx_word' id='word_1_121' title='bbox 471 1813 788 1885; x_wconf 86' lang='lat' dir='ltr'>insidiisque</span> <span class='ocrx_word' id='word_1_122' title='bbox 819 1811 1193 1867; x_wconf 77' lang='lat' dir='ltr'>versabamur:</span> <span class='ocrx_word' id='word_1_123' title='bbox 1235 1809 1356 1875; x_wconf 82' lang='lat' dir='ltr'>sed,</span> <span class='ocrx_word' id='word_1_124' title='bbox 1399 1809 1579 1864; x_wconf 86' lang='lat' dir='ltr'>nescio</span> <span class='ocrx_word' id='word_1_125' title='bbox 1616 1821 1723 1881; x_wconf 87' lang='lat' dir='ltr'>quo</span> <span class='ocrx_word' id='word_1_126' title='bbox 1761 1817 1945 1882; x_wconf 87' lang='lat' dir='ltr'>pacto,</span> <span class='ocrx_word' id='word_1_127' title='bbox 1986 1827 2095 1865; x_wconf 91' lang='lat' dir='ltr'>om-</span> 
     </span>
     <span class='ocr_line' id='line_1_17' title="bbox 270 1909 2092 1969; baseline -0.001 -3"><span class='ocrx_word' id='word_1_128' title='bbox 270 1913 420 1967; x_wconf 85' lang='lat' dir='ltr'>nium</span> <span class='ocrx_word' id='word_1_129' title='bbox 459 1914 721 1969; x_wconf 85' lang='lat' dir='ltr'>scelerum</span> <span class='ocrx_word' id='word_1_130' title='bbox 755 1930 827 1969; x_wconf 63' lang='lat' dir='ltr'>ac«</span> <span class='ocrx_word' id='word_1_131' title='bbox 856 1913 1053 1967; x_wconf 87' lang='lat' dir='ltr'>veteris</span> <span class='ocrx_word' id='word_1_132' title='bbox 1087 1911 1284 1966; x_wconf 83' lang='lat' dir='ltr'>furoris</span> <span class='ocrx_word' id='word_1_133' title='bbox 1323 1918 1377 1966; x_wconf 89' lang='lat' dir='ltr'>et</span> <span class='ocrx_word' id='word_1_134' title='bbox 1409 1909 1664 1966; x_wconf 84' lang='lat' dir='ltr'>audaciae</span> <span class='ocrx_word' id='word_1_135' title='bbox 1709 1913 1998 1967; x_wconf 80' lang='lat' dir='ltr'>maturitas</span> <span class='ocrx_word' id='word_1_136' title='bbox 2036 1913 2092 1966; x_wconf 89' lang='lat' dir='ltr'>in</span> 
     </span>
     <span class='ocr_line' id='line_1_18' title="bbox 272 2013 1259 2085; baseline -0.003 -17"><span class='ocrx_word' id='word_1_137' title='bbox 272 2016 440 2068; x_wconf 81' lang='lat' dir='ltr'>nostri</span> <span class='ocrx_word' id='word_1_138' title='bbox 475 2015 786 2069; x_wconf 87' lang='lat' dir='ltr'>consulatus</span> <span class='ocrx_word' id='word_1_139' title='bbox 820 2021 1032 2085; x_wconf 90' lang='lat' dir='ltr'>tempus</span> <span class='ocrx_word' id='word_1_140' title='bbox 1065 2013 1259 2085; x_wconf 86' lang='lat' dir='ltr'>erupit.</span> 
     </span>
    </p>
   </div>
   <div class='ocr_carea' id='block_1_3' title="bbox 203 2211 2150 3289">
    <p class='ocr_par' dir='ltr' id='par_1_3' title="bbox 203 2211 2150 3289">
     <span class='ocr_line' id='line_1_19' title="bbox 348 2211 2099 2283; baseline -0.001 -15"><span class='ocrx_word' id='word_1_141' title='bbox 348 2214 461 2268; x_wconf 93' lang='lat' dir='ltr'><strong>XII.</strong></span> <span class='ocrx_word' id='word_1_142' title='bbox 522 2218 630 2269; x_wconf 73' lang='lat'>55.</span> <span class='ocrx_word' id='word_1_143' title='bbox 672 2211 1036 2268; x_wconf 83' lang='lat' dir='ltr'>Coniurabat⁵</span> <span class='ocrx_word' id='word_1_144' title='bbox 1084 2212 1254 2283; x_wconf 85' lang='lat' dir='ltr'>igitur</span> <span class='ocrx_word' id='word_1_145' title='bbox 1299 2217 1487 2266; x_wconf 86' lang='lat' dir='ltr'>contra</span> <span class='ocrx_word' id='word_1_146' title='bbox 1524 2211 1912 2283; x_wconf 87' lang='lat' dir='ltr'>rempublicam</span> <span class='ocrx_word' id='word_1_147' title='bbox 1963 2213 2099 2267; x_wconf 87' lang='lat' dir='ltr'>Cati·</span> 
     </span>
     <span class='ocr_line' id='line_1_20' title="bbox 273 2309 2150 2385; baseline 0.001 -18"><span class='ocrx_word' id='word_1_148' title='bbox 273 2314 417 2379; x_wconf 85' lang='lat' dir='ltr'>lina,</span> <span class='ocrx_word' id='word_1_149' title='bbox 458 2313 657 2367; x_wconf 78' lang='lat' dir='ltr'>homo⁸</span> <span class='ocrx_word' id='word_1_150' title='bbox 696 2320 808 2367; x_wconf 86' lang='lat' dir='ltr'>tam</span> <span class='ocrx_word' id='word_1_151' title='bbox 849 2329 1001 2377; x_wconf 88' lang='lat' dir='ltr'>acer,</span> <span class='ocrx_word' id='word_1_152' title='bbox 1053 2329 1215 2383; x_wconf 89' lang='lat' dir='ltr'>quam</span> <span class='ocrx_word' id='word_1_153' title='bbox 1249 2318 1503 2383; x_wconf 88' lang='lat' dir='ltr'>paratus;</span> <span class='ocrx_word' id='word_1_154' title='bbox 1544 2318 1655 2366; x_wconf 88' lang='lat' dir='ltr'>tam</span> <span class='ocrx_word' id='word_1_155' title='bbox 1694 2312 1898 2378; x_wconf 84' lang='lat' dir='ltr'>audax,</span> <span class='ocrx_word' id='word_1_156' title='bbox 1937 2330 2099 2385; x_wconf 86' lang='lat' dir='ltr'>quam</span> <span class='ocrx_word' id='word_1_157' title='bbox 2147 2309 2150 2312; x_wconf 68' lang='grc'><strong>’</strong></span> 
     </span>
     <span class='ocr_line' id='line_1_21' title="bbox 275 2399 2105 2484; baseline 0.001 -18"><span class='ocrx_word' id='word_1_158' title='bbox 275 2413 532 2475; x_wconf 85' lang='lat' dir='ltr'>callidus;</span> <span class='ocrx_word' id='word_1_159' title='bbox 589 2399 702 2466; x_wconf 83' lang='lat' dir='ltr'>tam</span> <span class='ocrx_word' id='word_1_160' title='bbox 750 2414 805 2465; x_wconf 89' lang='lat' dir='ltr'>in</span> <span class='ocrx_word' id='word_1_161' title='bbox 847 2412 1046 2466; x_wconf 86' lang='lat' dir='ltr'>scelere</span> <span class='ocrx_word' id='word_1_162' title='bbox 1083 2411 1344 2482; x_wconf 83' lang='lat' dir='ltr'>vigilans,</span> <span class='ocrx_word' id='word_1_163' title='bbox 1384 2427 1546 2483; x_wconf 86' lang='lat' dir='ltr'>quam</span> <span class='ocrx_word' id='word_1_164' title='bbox 1586 2413 1642 2466; x_wconf 88' lang='lat' dir='ltr'>in</span> <span class='ocrx_word' id='word_1_165' title='bbox 1679 2411 1905 2484; x_wconf 85' lang='lat' dir='ltr'>perditis</span> <span class='ocrx_word' id='word_1_166' title='bbox 1943 2409 2105 2468; x_wconf 86' lang='lat' dir='ltr'>rebus</span> 
     </span>
     <span class='ocr_line' id='line_1_22' title="bbox 275 2507 2101 2586; baseline 0.001 -19"><span class='ocrx_word' id='word_1_167' title='bbox 275 2513 519 2584; x_wconf 80' lang='lat' dir='ltr'>diligens,</span> <span class='ocrx_word' id='word_1_168' title='bbox 599 2507 832 2567; x_wconf 81' lang='lat' dir='ltr'>Omnia⁷</span> <span class='ocrx_word' id='word_1_169' title='bbox 878 2519 1061 2577; x_wconf 88' lang='lat' dir='ltr'>norat,</span> <span class='ocrx_word' id='word_1_170' title='bbox 1121 2512 1362 2565; x_wconf 84' lang='lat' dir='ltr'>omnium</span> <span class='ocrx_word' id='word_1_171' title='bbox 1409 2511 1588 2566; x_wconf 76' lang='lat' dir='ltr'>aditus</span> <span class='ocrx_word' id='word_1_172' title='bbox 1633 2513 1874 2568; x_wconf 85' lang='lat' dir='ltr'>tenebat:</span> <span class='ocrx_word' id='word_1_173' title='bbox 1928 2514 2101 2586; x_wconf 87' lang='lat' dir='ltr'>appel-</span> 
     </span>
     <span class='ocr_line' id='line_1_23' title="bbox 203 2604 2150 2684; baseline 0.001 -16"><span class='ocrx_word' id='word_1_174' title='bbox 203 2672 205 2675; x_wconf 57' lang='grc'>,</span> <span class='ocrx_word' id='word_1_175' title='bbox 274 2614 414 2679; x_wconf 89' lang='lat' dir='ltr'>lare,</span> <span class='ocrx_word' id='word_1_176' title='bbox 452 2619 691 2678; x_wconf 85' lang='lat' dir='ltr'>tentare,</span> <span class='ocrx_word' id='word_1_177' title='bbox 730 2604 1019 2667; x_wconf 81' lang='lat' dir='ltr'>sollicitare</span> <span class='ocrx_word' id='word_1_178' title='bbox 1043 2618 1281 2684; x_wconf 85' lang='lat' dir='ltr'>poterat,</span> <span class='ocrx_word' id='word_1_179' title='bbox 1306 2610 1564 2666; x_wconf 79' lang='lat' dir='ltr'>audebat:</span> <span class='ocrx_word' id='word_1_180' title='bbox 1594 2618 1709 2666; x_wconf 84' lang='lat' dir='ltr'>erat</span> <span class='ocrx_word' id='word_1_181' title='bbox 1736 2612 1784 2666; x_wconf 89' lang='lat' dir='ltr'>ei</span> <span class='ocrx_word' id='word_1_182' title='bbox 1819 2613 2102 2670; x_wconf 88' lang='lat' dir='ltr'>consilium</span> <span class='ocrx_word' id='word_1_183' title='bbox 2146 2668 2150 2674; x_wconf 54' lang='lat'>„</span> 
     </span>
     <span class='ocr_line' id='line_1_24' title="bbox 277 2704 2150 2785; baseline 0.001 -17"><span class='ocrx_word' id='word_1_184' title='bbox 277 2714 342 2769; x_wconf 84' lang='lat' dir='ltr'>ad</span> <span class='ocrx_word' id='word_1_185' title='bbox 382 2712 590 2768; x_wconf 82' lang='lat' dir='ltr'>facinus</span> <span class='ocrx_word' id='word_1_186' title='bbox 616 2719 843 2785; x_wconf 84' lang='lat' dir='ltr'>aptum:</span> <span class='ocrx_word' id='word_1_187' title='bbox 885 2704 1108 2766; x_wconf 85' lang='lat' dir='ltr'>consilio</span> <span class='ocrx_word' id='word_1_188' title='bbox 1139 2718 1321 2766; x_wconf 82' lang='lat' dir='ltr'>autem</span> <span class='ocrx_word' id='word_1_189' title='bbox 1361 2728 1534 2783; x_wconf 79' lang='lat' dir='ltr'>neque</span> <span class='ocrx_word' id='word_1_190' title='bbox 1565 2711 1750 2783; x_wconf 86' lang='lat' dir='ltr'>lingua</span> <span class='ocrx_word' id='word_1_191' title='bbox 1782 2729 1954 2785; x_wconf 91' lang='lat' dir='ltr'>neque</span> <span class='ocrx_word' id='word_1_192' title='bbox 1991 2730 2101 2770; x_wconf 86' lang='lat' dir='ltr'>ma·</span> <span class='ocrx_word' id='word_1_193' title='bbox 2138 2716 2150 2737; x_wconf 81' lang='lat'>&#39;·</span> 
     </span>
     <span class='ocr_line' id='line_1_25' title="bbox 277 2811 2104 2870; baseline 0.001 -1"><span class='ocrx_word' id='word_1_194' title='bbox 277 2832 381 2869; x_wconf 86' lang='lat' dir='ltr'>nus</span> <span class='ocrx_word' id='word_1_195' title='bbox 418 2814 619 2869; x_wconf 82' lang='lat' dir='ltr'>deerat.</span> <span class='ocrx_word' id='word_1_196' title='bbox 699 2813 811 2868; x_wconf 90' lang='lat' dir='ltr'>Iam</span> <span class='ocrx_word' id='word_1_197' title='bbox 850 2812 917 2867; x_wconf 82' lang='lat' dir='ltr'>ad</span> <span class='ocrx_word' id='word_1_198' title='bbox 951 2819 1126 2867; x_wconf 85' lang='lat' dir='ltr'>certas</span> <span class='ocrx_word' id='word_1_199' title='bbox 1159 2826 1254 2867; x_wconf 83' lang='lat' dir='ltr'>res&#39;</span> <span class='ocrx_word' id='word_1_200' title='bbox 1272 2811 1630 2868; x_wconf 84' lang='lat' dir='ltr'>conficiendas</span> <span class='ocrx_word' id='word_1_201' title='bbox 1657 2819 1833 2869; x_wconf 76' lang='lat' dir='ltr'>certos</span> <span class='ocrx_word' id='word_1_202' title='bbox 1860 2811 2104 2870; x_wconf 82' lang='lat' dir='ltr'>homines</span> 
     </span>
     <span class='ocr_line' id='line_1_26' title="bbox 277 2894 2150 2991; baseline 0.001 -21"><span class='ocrx_word' id='word_1_203' title='bbox 277 2915 509 2970; x_wconf 83' lang='lat' dir='ltr'>delectos</span> <span class='ocrx_word' id='word_1_204' title='bbox 541 2931 602 2969; x_wconf 88' lang='lat' dir='ltr'>ac</span> <span class='ocrx_word' id='word_1_205' title='bbox 633 2913 932 2986; x_wconf 80' lang='lat' dir='ltr'>descriptos</span> <span class='ocrx_word' id='word_1_206' title='bbox 971 2912 1214 2968; x_wconf 86' lang='lat' dir='ltr'>habebat.</span> <span class='ocrx_word' id='word_1_207' title='bbox 1295 2894 1476 2986; x_wconf 83' lang='lat' dir='ltr'>Neque</span> <span class='ocrx_word' id='word_1_208' title='bbox 1507 2929 1662 2980; x_wconf 86' lang='lat' dir='ltr'>vero,</span> <span class='ocrx_word' id='word_1_209' title='bbox 1702 2931 1871 2987; x_wconf 88' lang='lat' dir='ltr'>quum</span> <span class='ocrx_word' id='word_1_210' title='bbox 1901 2915 2106 2988; x_wconf 85' lang='lat' dir='ltr'>aliquid</span> <span class='ocrx_word' id='word_1_211' title='bbox 2147 2923 2150 2991; x_wconf 70' lang='grc' dir='ltr'><strong><em>ζ</em></strong></span> 
     </span>
     <span class='ocr_line' id='line_1_27' title="bbox 280 3013 2143 3089; baseline 0.001 -19"><span class='ocrx_word' id='word_1_212' title='bbox 280 3015 656 3081; x_wconf 86' lang='lat' dir='ltr'>mandaverat,</span> <span class='ocrx_word' id='word_1_213' title='bbox 695 3013 998 3070; x_wconf 80' lang='lat' dir='ltr'>confectum</span> <span class='ocrx_word' id='word_1_214' title='bbox 1036 3013 1286 3085; x_wconf 80' lang='lat' dir='ltr'>putabat:</span> <span class='ocrx_word' id='word_1_215' title='bbox 1329 3013 1464 3068; x_wconf 88' lang='lat' dir='ltr'>nihil</span> <span class='ocrx_word' id='word_1_216' title='bbox 1498 3021 1641 3080; x_wconf 84' lang='lat' dir='ltr'>erat,</span> <span class='ocrx_word' id='word_1_217' title='bbox 1681 3015 1822 3087; x_wconf 80' lang='lat' dir='ltr'>quod</span> <span class='ocrx_word' id='word_1_218' title='bbox 1854 3028 1961 3070; x_wconf 89' lang='lat' dir='ltr'>non</span> <span class='ocrx_word' id='word_1_219' title='bbox 1994 3017 2109 3089; x_wconf 85' lang='lat' dir='ltr'>ipse</span> <span class='ocrx_word' id='word_1_220' title='bbox 2141 3034 2143 3037; x_wconf 50' lang='lat'><strong><em>¹</em></strong></span> 
     </span>
     <span class='ocr_line' id='line_1_28' title="bbox 279 3113 2106 3187; baseline 0.001 -18"><span class='ocrx_word' id='word_1_221' title='bbox 279 3116 482 3181; x_wconf 86' lang='lat' dir='ltr'>obiret,</span> <span class='ocrx_word' id='word_1_222' title='bbox 533 3120 875 3180; x_wconf 79' lang='lat' dir='ltr'>occurreret,</span> <span class='ocrx_word' id='word_1_223' title='bbox 914 3113 1191 3185; x_wconf 68' lang='lat' dir='ltr'>vigilaret,</span> <span class='ocrx_word' id='word_1_224' title='bbox 1243 3113 1536 3170; x_wconf 81' lang='lat' dir='ltr'>laboraret:</span> <span class='ocrx_word' id='word_1_225' title='bbox 1577 3114 1778 3187; x_wconf 77' lang='lat' dir='ltr'>friguS‚</span> <span class='ocrx_word' id='word_1_226' title='bbox 1817 3116 1994 3182; x_wconf 84' lang='lat' dir='ltr'>sitim,</span> <span class='ocrx_word' id='word_1_227' title='bbox 2032 3115 2106 3171; x_wconf 84' lang='lat' dir='ltr'>fa·</span> 
     </span>
     <span class='ocr_line' id='line_1_29' title="bbox 263 3215 2108 3289; baseline 0 -18"><span class='ocrx_word' id='word_1_228' title='bbox 263 3229 426 3271; x_wconf 70' lang='lat' dir='ltr'>&#39;mem</span> <span class='ocrx_word' id='word_1_229' title='bbox 472 3216 612 3272; x_wconf 83' lang='lat' dir='ltr'>ferre</span> <span class='ocrx_word' id='word_1_230' title='bbox 643 3221 871 3289; x_wconf 82' lang='lat' dir='ltr'>poterat.</span> <span class='ocrx_word' id='word_1_231' title='bbox 936 3216 1121 3287; x_wconf 63' lang='lat' dir='ltr'>‘Atque</span> <span class='ocrx_word' id='word_1_232' title='bbox 1138 3220 1180 3280; x_wconf 77' lang='lat'>⁸,</span> <span class='ocrx_word' id='word_1_233' title='bbox 1220 3222 1282 3270; x_wconf 90' lang='lat' dir='ltr'>ut</span> <span class='ocrx_word' id='word_1_234' title='bbox 1314 3217 1431 3271; x_wconf 86' lang='lat' dir='ltr'>eius</span> <span class='ocrx_word' id='word_1_235' title='bbox 1464 3216 1676 3271; x_wconf 82' lang='lat' dir='ltr'>diversa</span> <span class='ocrx_word' id='word_1_236' title='bbox 1703 3216 1882 3273; x_wconf 88' lang='lat' dir='ltr'>studia</span> <span class='ocrx_word' id='word_1_237' title='bbox 1915 3219 1970 3272; x_wconf 85' lang='lat' dir='ltr'>in</span> <span class='ocrx_word' id='word_1_238' title='bbox 2002 3215 2108 3272; x_wconf 81' lang='lat' dir='ltr'>dis·</span> 
     </span>
    </p>
   </div>
   <div class='ocr_carea' id='block_1_4' title="bbox 295 3339 508 3351">
    <p class='ocr_par' dir='ltr' id='par_1_4' title="bbox 295 3339 508 3351">
     <span class='ocr_line' id='line_1_30' title="bbox 295 3339 508 3351; baseline 0 0"><span class='ocrx_word' id='word_1_239' title='bbox 295 3339 508 3351; x_wconf 95' lang='lat' dir='ltr'> </span> 
     </span>
    </p>
   </div>
   <div class='ocr_carea' id='block_1_5' title="bbox 285 3379 2107 3611">
    <p class='ocr_par' dir='ltr' id='par_1_5' title="bbox 285 3379 2107 3611">
     <span class='ocr_line' id='line_1_31' title="bbox 346 3379 2107 3458; baseline 0.002 -18"><span class='ocrx_word' id='word_1_240' title='bbox 346 3399 386 3456; x_wconf 71' lang='grc' dir='ltr'>ι)</span> <span class='ocrx_word' id='word_1_241' title='bbox 418 3395 464 3440; x_wconf 77' lang='lat' dir='ltr'>in</span> <span class='ocrx_word' id='word_1_242' title='bbox 485 3396 823 3443; x_wconf 70' lang='lat' dir='ltr'>eat51.1v.c.1.</span> <span class='ocrx_word' id='word_1_243' title='bbox 856 3379 940 3454; x_wconf 78' lang='lat'>§1-</span> <span class='ocrx_word' id='word_1_244' title='bbox 972 3421 1029 3429; x_wconf 88' lang='lat'><em>-</em></span> <span class='ocrx_word' id='word_1_245' title='bbox 1060 3398 1096 3455; x_wconf 74' lang='grc'>2)</span> <span class='ocrx_word' id='word_1_246' title='bbox 1130 3394 1241 3442; x_wconf 72' lang='lat' dir='ltr'>ibid.</span> <span class='ocrx_word' id='word_1_247' title='bbox 1271 3397 1356 3452; x_wconf 63' lang='lat'>§2</span> <span class='ocrx_word' id='word_1_248' title='bbox 1384 3422 1442 3432; x_wconf 87' lang='grc'>.-</span> <span class='ocrx_word' id='word_1_249' title='bbox 1466 3395 1636 3455; x_wconf 77' lang='lat' dir='ltr'>⁵)1bid.</span> <span class='ocrx_word' id='word_1_250' title='bbox 1663 3413 1699 3442; x_wconf 77' lang='lat' dir='ltr'>c.</span> <span class='ocrx_word' id='word_1_251' title='bbox 1719 3402 1761 3443; x_wconf 90' lang='lat'>3.</span> <span class='ocrx_word' id='word_1_252' title='bbox 1787 3399 1873 3455; x_wconf 68' lang='lat' dir='ltr'>§a</span> <span class='ocrx_word' id='word_1_253' title='bbox 1905 3424 1964 3433; x_wconf 87' lang='lat'>--</span> <span class='ocrx_word' id='word_1_254' title='bbox 1995 3399 2038 3458; x_wconf 73' lang='lat'>4)</span> <span class='ocrx_word' id='word_1_255' title='bbox 2059 3397 2107 3442; x_wconf 75' lang='lat' dir='ltr'>in</span> 
     </span>
     <span class='ocr_line' id='line_1_32' title="bbox 285 3462 2107 3535; baseline 0.001 -15"><span class='ocrx_word' id='word_1_256' title='bbox 285 3474 410 3520; x_wconf 76' lang='lat' dir='ltr'>Catil.</span> <span class='ocrx_word' id='word_1_257' title='bbox 435 3478 468 3519; x_wconf 96' lang='lat'>1.</span> <span class='ocrx_word' id='word_1_258' title='bbox 485 3489 522 3519; x_wconf 80' lang='lat' dir='ltr'>e.</span> <span class='ocrx_word' id='word_1_259' title='bbox 541 3477 612 3519; x_wconf 85' lang='lat'>13.</span> <span class='ocrx_word' id='word_1_260' title='bbox 638 3477 839 3532; x_wconf 78' lang='lat'><strong>§31.-</strong></span> <span class='ocrx_word' id='word_1_261' title='bbox 861 3474 996 3535; x_wconf 58' lang='grc' dir='ltr'>ἣρω</span> <span class='ocrx_word' id='word_1_262' title='bbox 1010 3472 1133 3519; x_wconf 72' lang='lat' dir='ltr'>sana</span> <span class='ocrx_word' id='word_1_263' title='bbox 1167 3488 1204 3518; x_wconf 79' lang='lat' dir='ltr'>o.</span> <span class='ocrx_word' id='word_1_264' title='bbox 1234 3462 1368 3532; x_wconf 81' lang='lat'><strong>25.&#39;§</strong></span> <span class='ocrx_word' id='word_1_265' title='bbox 1396 3476 1467 3519; x_wconf 73' lang='grc' dir='ltr'>το.</span> <span class='ocrx_word' id='word_1_266' title='bbox 1500 3500 1560 3508; x_wconf 94' lang='grc'>-</span> <span class='ocrx_word' id='word_1_267' title='bbox 1591 3477 1634 3533; x_wconf 80' lang='lat'>⁶)</span> <span class='ocrx_word' id='word_1_268' title='bbox 1661 3475 1706 3520; x_wconf 77' lang='lat' dir='ltr'>in</span> <span class='ocrx_word' id='word_1_269' title='bbox 1737 3475 1864 3522; x_wconf 75' lang='lat' dir='ltr'>Catil.</span> <span class='ocrx_word' id='word_1_270' title='bbox 1900 3480 1981 3522; x_wconf 84' lang='lat'>111.</span> <span class='ocrx_word' id='word_1_271' title='bbox 2012 3479 2107 3524; x_wconf 49' lang='lat' dir='ltr'>osv.</span> 
     </span>
     <span class='ocr_line' id='line_1_33' title="bbox 288 3550 1624 3611; baseline -0.001 -14"><span class='ocrx_word' id='word_1_272' title='bbox 288 3555 313 3610; x_wconf 58' lang='grc' dir='ltr'><strong>ς</strong></span> <span class='ocrx_word' id='word_1_273' title='bbox 346 3554 416 3598; x_wconf 81' lang='lat'>17.</span> <span class='ocrx_word' id='word_1_274' title='bbox 452 3578 510 3588; x_wconf 86' lang='grc'><strong>-</strong></span> <span class='ocrx_word' id='word_1_275' title='bbox 542 3553 582 3611; x_wconf 91' lang='lat'>7)</span> <span class='ocrx_word' id='word_1_276' title='bbox 615 3550 724 3596; x_wconf 85' lang='lat' dir='ltr'>lbid.</span> <span class='ocrx_word' id='word_1_277' title='bbox 759 3552 784 3607; x_wconf 63' lang='grc' dir='ltr'><strong>ς</strong></span> <span class='ocrx_word' id='word_1_278' title='bbox 811 3554 883 3596; x_wconf 77' lang='lat'>16.</span> <span class='ocrx_word' id='word_1_279' title='bbox 916 3577 973 3586; x_wconf 89' lang='lat'><em>-</em></span> <span class='ocrx_word' id='word_1_280' title='bbox 1009 3553 1050 3611; x_wconf 75' lang='lat'>⁸)</span> <span class='ocrx_word' id='word_1_281' title='bbox 1081 3551 1126 3595; x_wconf 78' lang='lat' dir='ltr'>in</span> <span class='ocrx_word' id='word_1_282' title='bbox 1161 3551 1285 3597; x_wconf 76' lang='lat' dir='ltr'>Catil.</span> <span class='ocrx_word' id='word_1_283' title='bbox 1319 3553 1373 3596; x_wconf 84' lang='lat' dir='ltr'>n.</span> <span class='ocrx_word' id='word_1_284' title='bbox 1404 3564 1439 3597; x_wconf 73' lang='lat' dir='ltr'>c.</span> <span class='ocrx_word' id='word_1_285' title='bbox 1463 3555 1507 3597; x_wconf 81' lang='lat'>5.</span> <span class='ocrx_word' id='word_1_286' title='bbox 1539 3553 1624 3608; x_wconf 74' lang='lat'>§9-</span> 
     </span>
    </p>
   </div>
  </div>
 </body>
</html>
