2210 3970
276 215 382 265 854
766 223 1623 260 Ancummnls—-BELLA,

343 362 702 404 Archimedis
738 361 981 416 sepulcrum
1012 375 1037 402 a
1070 362 1269 401 Cicerone
1302 359 1526 413 indagatur
1558 373 1602 414 p.
1633 358 1743 403 577,

343 430 655 470 Ariminum
688 432 868 482 occupat
900 428 1048 468 Caesar
1079 426 1189 477 73,7.

277 528 280 530 .
342 495 781 545 Ariobarzanes,
815 494 1002 534 Eusebes
1036 498 1081 534 et
1095 493 1407 534 Philoromaeus
1425 505 1450 532 a
1482 492 1681 532 Cicerone
1713 493 1760 532 in
1793 493 2009 547 provincia
2040 495 2114 536 de«-

275 563 386 603 fensi
424 561 532 604 722.
566 559 674 603 726.

340 629 636 681 Arpinum,
679 626 814 680 patria
857 626 1070 666 Ciceronis
1108 624 1215 667 516.
1250 625 1353 666 item
1395 623 1511 665 Marii
1548 623 1656 667 517.
1701 625 1762 666 ibi
1795 625 1938 666 Cicero
1971 629 2111 679 togam

276 708 424 749 puram
458 694 530 733 dat
562 693 652 733 filio
684 691 799 738 744.
826 734 830 742 „

342 760 617 801 Arretina
648 759 801 799 mulier
832 772 857 799 a
889 759 1091 799 Cicerone
1122 758 1295 798 defensa
1331 756 1440 798 568.
2191 789 2194 791 .

342 827 472 867 Asia
510 841 535 866 a
567 827 619 866 M.
653 826 852 865 Cicerone
899 829 1117 878 peragrata
1155 822 1263 866 573.
1297 837 1322 863 a
1355 825 1403 876 Q.
1432 823 1632 863 Cicerone
1665 835 1742 877 per
1780 824 2012 865 triennium
2044 824 2117 865 ad-

277 894 515 934 ministrata
551 892 660 931 650.
696 891 775 930 suh
805 892 850 932 ι..
878 891 1048 931 va1erio
1079 891 1226 930 macco
1259 889 1368 929 659.
1402 889 1462 929 ibi
1490 889 1639 929 Caesar
1670 886 1748 943 per
1773 890 2001 931 nominum
2026 890 2118 931 bel·
2187 877 2210 946 ξς

277 961 366 999 lum
394 959 505 1011 gerit
538 970 635 997 cum
667 957 881 997 Pharnace
919 955 1029 998 754.
1063 956 1143 995 sub
1177 956 1220 996 C.
1247 955 1454 995 Trebonio
1490 954 1602 997 806.
2193 955 2210 999 Ἰ

347 1024 611 1064 Asiaticis
645 1023 886 1063 rhetoribus
921 1035 1091 1076 operam
1123 1022 1195 1062 dat
1229 1022 1372 1061 Cicero
1410 1018 1518 1063 573.
2190 990 2210 1084 Ξ

345 1091 583 1136 Asinius
616 1089 749 1128 Pollio
782 1090 968 1129 exercitu
1003 1102 1080 1128 suo
1113 1092 1242 1140 auget
1268 1089 1379 1129 vires
1412 1086 1588 1127 Antonii
1623 1087 1733 1129 816.
2189 1080 2210 1133 ’ἑ

345 1157 592 1197 Athenis
627 1155 796 1208 quando
829 1156 960 1195 fuerit
992 1155 1135 1195 Cicero
1169 1154 1276 1195 569.
1309 1152 1417 1196 725.
1450 1151 1558 1196 732.
1593 1167 1644 1194 eo
1668 1154 1801 1194 mittit
1822 1153 1961 1194 filium
1993 1167 2118 1196 suun
2187 1137 2210 1212 ξ’

280 1224 518 1264 studiorum
557 1235 706 1262 caussa
742 1220 851 1264 771.
886 1235 1014 1274 quem
1047 1234 1180 1274 quum
1213 1221 1350 1261 visere
1389 1225 1566 1274 cuperet
1583 1249 1596 1271 ,
1641 1221 1914 1274 profectionis
1946 1221 2119 1262 initium

279 1291 414 1342 fecit,
450 1289 524 1329 sed
557 1302 645 1328 non
678 1288 860 1328 absolvit
891 1289 974 1328 iter
1011 1286 1120 1330 787.
2187 1279 2210 1324 ξ”ῗ

348 1357 392 1397 C.
427 1355 645 1396 Atilius
680 1355 908 1406 Serranus,
943 1367 1030 1395 cos.
1065 1342 1119 1410 (a.
1149 1343 1261 1410 648)
1299 1353 1408 1394 515.
2186 1312 2210 1375 Ἀ

349 1424 439 1463 Sex.
473 1422 692 1461 Atilius
726 1422 928 1461 Serranus
948 1450 960 1472 ,
1000 1420 1098 1461 trib.
1134 1420 1194 1474 pl.
1226 1420 1423 1461 inimicus
1457 1419 1648 1460 Ciceroni
1679 1419 1788 1462 681.
1822 1419 1998 1475 impedit
2028 1419 2123 1460 red·
2186 1426 2208 1474 ᾖ)

282 1490 388 1530 itum
423 1489 636 1528 Ciceronis
668 1487 775 1528 683.

351 1557 396 1596 L.
431 1555 738 1594 Atratinus
772 1558 943 1594 accusat
975 1554 1026 1593 M.
1058 1554 1243 1594 Caelium
1280 1552 1389 1593 699.
1443 1558 1446 1561 “

347 1622 671 1661 Atticorum
705 1624 918 1660 oratorum
952 1620 1044 1660 laus
1077 1620 1246 1674 propria
1282 1617 1390 1661 573.

347 1689 581 1728 Atticus
615 1701 656 1728 v.
690 1687 959 1740 Pomponius.

348 1757 397 1808 Q.
432 1754 625 1794 Attius
660 1753 869 1793 Labienus
903 1754 948 1792 in
977 1753 1165 1793 tumultu
1199 1751 1414 1792 Saturnini
1446 1719 1698 1792 interfectus
1730 1750 1839 1794 527.
2180 1761 2182 1766 “

351 1822 396 1860 Τ.
431 1820 613 1860 Attius
658 1819 893 1870 Labienus,
935 1819 1035 1860 trib.
1070 1819 1129 1872 pl.
1163 1823 1335 1859 accusat
1379 1818 1423 1858 C.
1457 1817 1672 1857 Rabirium
1702 1816 1810 1860 527.
1849 1816 1958 1858 611.
1996 1817 2128 1857 relin-
2178 1832 2180 1835 ·

279 1889 378 1940 ⁴quit
412 1887 627 1926 Caesarem
646 1915 658 1937 ,
705 1886 774 1925 cui
819 1886 983 1937 legatus
1016 1886 1154 1925 suerat
1172 1915 1184 1935 ,
1229 1889 1274 1924 et
1313 1885 1465 1924 transit
1508 1884 1561 1923 ad
1605 1888 1746 1938 partes
1790 1884 1978 1937 Pompeii
2014 1882 2126 1927 739.
2178 1870 2183 1878 ’

285 1954 464 1993 nuntius
499 1953 630 1992 cladis
663 1952 923 1991 Pharsalicae
951 1951 1070 1991 venit
1101 1951 1406 2003 Dyrrhachium
1437 1947 1546 1991 749.
1793 1941 1797 1943 ’

352 2021 427 2060 Cn.
462 2018 712 2058 Aufidius
747 2019 944 2064 Orestes,
979 2029 1066 2058 cos.
1103 2006 1158 2073 (a.
1188 2009 1299 2065 683)
1338 2016 1447 2056 583.
2178 2051 2210 2073 ÷„·.

351 2087 621 2138 Augurum
663 2085 891 2124 auctoritas
925 2083 1034 2124 530.
1067 2083 1115 2122 in
1149 2095 1295 2123 eorum
1328 2082 1555 2135 collegium
1587 2085 1810 2136 cooptatur
1843 2082 1987 2123 Cicero
2015 2079 2127 2124 713.
2174 2071 2210 2138 {3⁸5³

356 2153 626 2204 Augustus
661 2164 701 2192 v.
736 2151 947 2191 Octavius.

352 2218 572 2258 Auletes
607 2231 648 2258 v.
683 2217 960 2257 Ptolemaeus.
2172 2259 2174 2263 y
2203 2246 2205 2249 .

353 2287 398 2326 C.
432 2284 684 2324 Aurelius
730 2283 850 2323 Cotta
889 2283 1109 2322 tribunatu
1154 2282 1359 2336 depulsus
1403 2280 1656 2333 540.1ege
1690 2281 1814 2321 varia
1847 2293 1945 2321 reus
1988 2281 2126 2321 sactus

287 2356 440 2406 sponte
475 2351 563 2390 abit
595 2351 640 2389 in
675 2350 867 2390 exsilium
909 2350 1016 2390 540.
1050 2349 1158 2389 542.
1202 2362 1299 2388 cum
1339 2348 1454 2388 Sulla
1498 2347 1608 2387 redit
1647 2348 1818 2387 Romam
1850 2347 1958 2388 562.
2004 2347 2129 2387 floret
2175 2341 2207 2375 Ἀ

288 2420 461 2459 maxime
496 2418 542 2456 in
576 2417 666 2456 foro
701 2417 808 2456 540.
844 2419 1063 2469 oppugnat
1095 2415 1317 2455 mulierem
1348 2414 1586 2454 Arretinam
1618 2413 1726 2455 568.
1761 2414 1950 2453 defendit
1982 2413 2032 2454 M.
2059 2414 2131 2454 Ca·
2170 2401 2210 2462 '‘ss

290 2486 482 2524 nuleium
515 2481 623 2525 575.
659 2483 761 2522 item
795 2483 870 2522 Cn.
893 2482 1149 2521 Dolabellam
1181 2479 1289 2523 575.
1324 2482 1434 2533 gerit
1461 2481 1728 2520 consulatum
1763 2469 1820 2537 (a.
1839 2470 1951 2533 679)
1987 2477 2095 2521 577.
2189 2467 2208 2503 ”

358 2551 410 2590 Μ.
444 2549 697 2588 Aurelius
743 2549 892 2598 Cotta,
941 2561 1026 2587 cos.
1063 2537 1117 2602 (a.
1149 2538 1261 2603 680)
1299 2545 1406 2588 579.
1448 2546 1608 2586 bellum
1642 2547 1752 2598 gerit
1796 2550 1942 2586 contra
1975 2546 2133 2586 Mithri·

291 2617 431 2656 datem
464 2614 571 2655 581.
607 2628 657 2653 ex
688 2614 786 2653 Asia
820 2614 950 2653 redux
977 2617 1148 2653 accusat
1181 2614 1226 2654 P.
1256 2613 1436 2666 Oppium
1469 2612 1576 2652 593.

356 2684 401 2723 L.
436 2681 692 2721 Aurelius
727 2681 846 2720 Cotta
866 2710 877 2731 ,
913 2683 1080 2733 praetor
1107 2679 1262 2719 iudicia
1295 2678 1578 2718 communicat
1609 2691 1707 2717 cum
1739 2677 1956 2731 equitibus
1989 2682 2034 2718 et
2058 2678 2132 2718 tri·
2203 2710 2206 2724 2

289 2750 418 2805 bunis
446 2747 615 2787 aerariis
649 2747 756 2787 584.
793 2747 1062 2786 consulatum
1090 2746 1199 2798 gerit
1227 2736 1280 2802 (a.
1310 2734 1421 2802 689)
1455 2743 1565 2786 600.
1600 2748 1746 2785 ornate
1780 2744 1884 2784 dicit
1911 2744 1963 2784 de
1993 2745 2130 2785 salute

291 2815 503 2855 Ciceronis
537 2813 646 2854 683.
2195 2805 2205 2817 ”

359 2883 404 2922 L.
439 2880 690 2920 Aurelius
725 2880 893 2919 Orestes
913 2909 932 2930 ,.
960 2892 1049 2922 cos,
1085 2868 1140 2935 (a.
1165 2872 1275 2929 651)
1309 2878 1418 2919 520.

357 2948 410 2988 de
443 2946 719 3000 Auspiciis
754 2946 892 2998 legem
925 2946 1008 2986 sert
1041 2946 1209 2986 Clodius
1242 2945 1351 2986 665.

356 3015 402 3054 P.
433 3013 726 3053 Autronius
762 3013 913 3051 Paetus
932 3012 1113 3052 ambitus
1131 3013 1352 3053 damnatus
1375 3010 1483 3052 599.
1502 3011 1697 3051 coniurat
1713 3023 1810 3051 cum
1826 3010 2000 3052 Catilina
2021 3010 2132 3053 600.
2162 2999 2206 3069 {js

356 3147 550 3187 Balbus
583 3158 624 3187 v,
655 3145 887 3186 Cornelius.

356 3214 492 3253 Belli
526 3225 681 3251 nomen
715 3224 849 3264 quum
877 3212 1147 3264 displiceret,
1182 3212 1391 3251 tumultus
1421 3211 1617 3251 decretus
1656 3211 1765 3251 803.
2171 3231 2197 3259 ς,

355 3280 557 3319 Bellum
590 3278 834 3318 Africanum
853 3276 961 3319 758.
994 3277 1020 3320 7
1028 3278 1103 3319 61,
1137 3278 1463 3318 Alexandrinum
1483 3275 1573 3319 751
1607 3291 1670 3330 sq.
1705 3277 1989 3316 Catilinarium
2022 3276 2131 3316 643.

287 3347 333 3385 in
367 3346 508 3385 Cilicia
544 3349 710 3397 gestum
745 3359 769 3383 a
806 3345 1006 3385 Cicerone
1039 3343 1148 3387 726.
1183 3345 1434 3384 Cimbricum
1468 3345 1575 3385 523.
1618 3344 1774 3394 Civile,
1807 3344 1920 3382 inter
1957 3343 2130 3382 Marium
2161 3333 2195 3395 J·

288 3416 333 3461 et
350 3412 522 3456 ,Sullam
562 3412 669 3452 545.
714 3411 828 3451 inter
861 3412 1079 3452 Octavium
1112 3416 1157 3452 et
1190 3411 1363 3453 Cinnam
1402 3410 1509 3451 551.
1544 3411 1656 3450 inter
1690 3410 1904 3450 Caesarem
1937 3413 1981 3448 et
2014 3410 2130 3449 Pom-
2155 3403 2186 3446 4’ξῖ

287 3479 428 3532 peium
460 3477 567 3521 734.
602 3476 709 3521 748.
744 3478 858 3519 inter
891 3478 1124 3520 Antonium
1157 3482 1201 3518 et
1235 3478 1452 3520 Octavium
1489 3475 1596 3520 793.
1631 3475 1740 3521 798.
1771 3475 1879 3516 811.
1924 3476 2128 3519 Gallicum
2159 3470 2170 3529 3¹
