2210 3970
242 243 349 295 602
708 252 1034 292 ANNALES
1087 252 1595 294 mennonlAM.

246 386 432 429 Cominii
469 385 564 444 lege
602 383 802 428 Cornelia
839 383 892 428 de
930 385 1162 428 maiestate
1195 382 1401 440 fecerunt
1432 385 1495 441 [v.
1526 383 1579 430 ad
1601 402 1638 430 a.
1669 389 1770 432 688.
1799 391 1868 448 5.]
1899 417 1957 425 —
1980 391 2068 435 ‘Se-

243 470 402 523 quente
435 461 588 506 deiude
614 478 751 519 anno,
786 465 836 506 L.
873 464 1004 507 Cotta
1036 465 1085 509 L.
1114 465 1328 522 Torquato
1359 461 1644 520 consulibus,
1675 480 1762 525 quo
1794 465 1897 514 haec
1928 467 2072 511 oratio

245 540 427 599 (prima)
472 556 500 582 a
537 540 735 584 Cicerone
771 541 996 600 praetorio
1032 539 1151 584 dicta
1195 546 1262 582 est
1289 565 1380 582 —.
1443 556 1482 599 p.
1514 542 1586 584 60.
1627 542 1851 588 Dioeerunt
1888 544 1936 588 in
1977 561 2075 588 cum

247 615 537 674 (Cornelium)
576 617 738 675 infesti
780 618 1035 661 testimonia
1066 617 1296 677 principes
1338 616 1570 673 civitatis,
1620 620 1701 679 qui
1734 620 1984 681 plurimum
2027 623 2076 665 in

245 701 403 737 senatu
423 701 658 754 poterant,
697 695 747 753 Q.
773 694 1060 751 Hortensius,
1099 695 1149 752 Q.
1183 693 1393 751 Catulus,
1432 694 1482 753 Q.
1506 696 1713 741 Metellus
1739 699 1879 755 Pius,
1912 701 1969 744 M.
1989 700 2077 744 Lu-

248 770 417 826 cullus,
453 773 524 814 M’.
540 771 747 832 Lepidus.
789 789 830 833 p.
849 775 921 816 62.
955 773 1128 815 Exstat
1149 773 1291 816 oratio
1313 763 1500 817 Cominii
1516 775 1803 819 accusatoris.
1835 801 1896 809 —
1932 776 2078 819 Cicero

247 845 345 908 ipse
372 848 607 909 significat
633 848 872 908 quatriduo
904 848 1150 893 Cornelium
1174 848 1426 908 defendisse
1435 873 1452 906 ;
1483 867 1596 912 quas
1617 852 1813 896 actiones
1839 852 2080 897 contulisse

250 941 349 969 eum
374 926 424 969 in
456 924 570 968 duas
600 927 820 970 orationes
852 933 1051 986 apparet.
1115 927 1304 984 Quintil.
1327 941 1370 973 V.
1399 944 1436 973 c.
1457 932 1531 973 13.
1565 931 1638 979 18.
1676 931 1824 973 Testes
1849 930 1898 973 in
1928 931 2082 974 Come·

252 1001 364 1045 lium
390 1010 623 1046 accusator
655 1002 759 1047 lecti
789 1019 818 1046 a
843 1003 1020 1047 tribuno
1051 1002 1216 1048 codicis
1236 1002 1495 1064 pollicetur.
1559 1005 1688 1049 Facit
1715 1006 1793 1050 hoc
1829 1008 1975 1051 Oicero
2007 1024 2083 1052 su-

242 1095 513 1141 pervacuum
531 1121 544 1144 ,
576 1082 684 1141 quia
715 1082 811 1141 ipse
830 1081 1055 1140 fateatur.
1119 1093 1183 1125 VI.
1212 1096 1247 1126 c.
1267 1085 1310 1126 5.
1339 1084 1413 1127 10.
1445 1081 1686 1144 Infinitum
1705 1090 1774 1128 est
1798 1100 2049 1130 enumerare
2066 1118 2082 1143 ‚

251 1164 306 1201 ut
336 1185 396 1192 -—
433 1157 680 1201 Cornelium
710 1158 813 1220 ipsa
844 1158 1140 1218 confessionis
1160 1158 1339 1220 fiducia
1367 1161 1594 1221 eripuerit.
1661 1173 1767 1205 vm.
1790 1177 1828 1207 c.
1847 1165 1889 1206 3.
1923 1165 1967 1206 3.
1998 1163 2084 1207 Nec

245 1234 454 1294 fortibus
493 1235 649 1291 modo,
692 1235 773 1280 sed
809 1237 942 1280 etiam
975 1235 1265 1295 fulgentibus
1296 1238 1435 1281 armis
1461 1237 1716 1298 praeliatus
1747 1238 1795 1282 in
1825 1254 1986 1283 caussa
2018 1247 2088 1284 est

249 1308 406 1356 -Gioero
447 1313 650 1358 Cornelii.
720 1314 867 1372 Quum
910 1320 1170 1358 consecutus
1202 1322 1318 1359 esset
1349 1314 1562 1374 [docendo
1601 1305 1791 1359 iudicem
1833 1324 2008 1362 tantum
2028 1325 2089 1382 ‚et

255 1391 433 1435 utiliter
466 1390 636 1435 demum
669 1408 721 1434 ac
753 1392 913 1435 Latine
937 1392 1281 1453 perspicueque]
1314 1391 1525 1449 dicendo,
1556 1400 1611 1436 ut
1635 1394 1833 1454 populus
1862 1396 2087 1440 Romanus

254 1468 591 1513 admirationem
616 1486 743 1513 suam
778 1485 864 1513 non
896 1469 1211 1515 acclamatione
1236 1477 1411 1514 tantum
1437 1469 1518 1515 sed
1545 1472 1681 1515 etiam
1701 1472 1874 1533 plausu
1903 1473 2085 1534 confite-

252 1546 376 1591 retur
388 1571 404 1603 ‚·
436 1545 690 1592 sublimitas
704 1547 912 1609 profecto
936 1556 980 1592 et
1003 1547 1340 1610 magnificentia
1361 1554 1404 1590 et
1431 1546 1550 1592 nitor
1572 1556 1616 1593 et
1638 1544 1887 1595 auctoritas
1909 1567 2088 1610 expres·-

254 1626 318 1668 sit
357 1625 489 1670 illum
512 1625 759 1687 frayorem.
839 1628 923 1670 Nec
961 1633 1054 1670 tam
1083 1625 1270 1671 insolita
1302 1625 1404 1670 laus
1435 1634 1550 1671 esset
1571 1636 1812 1688 prosecuta
1843 1629 2055 1674 dicentem
2072 1662 2087 1687 ‚

253 1703 297 1745 si
323 1703 496 1747 usitata
523 1710 566 1747 et
592 1703 944 1748 ceteris·similis
961 1704 1141 1762 fuisset
1171 1704 1331 1748 oratio.
1395 1706 1540 1765 Atque
1572 1720 1649 1765 ego
1680 1704 1788 1750 illos
1817 1706 1973 1762 credo,
2007 1709 2086 1768 qui

255 1779 472 1836 aderant,
505 1798 581 1825 nec
619 1782 835 1839 sensisse,
868 1782 982 1843 quid
1000 1781 1234 1840 facerent,
1265 1798 1343 1826 nec
1371 1790 1527 1843 sponte
1557 1782 1810 1844 iudicioque
1827 1783 2088 1845 plausisse,-

253 1857 334 1901 sed
352 1859 470 1902 velut
497 1867 640 1903 mente
666 1867 844 1920 captos,
869 1867 934 1915 et,
967 1875 1053 1919 quo
1080 1860 1293 1904 essentia
1317 1857 1431 1916 loco,
1464 1860 1645 1920 ignaros
1672 1862 1874 1922 erupisse
1895 1862 1944 1907 in
1972 1862 2086 1907 hunc

254 1935 502 1997 voluptatis
532 1938 757 1997 affectum.

332 2040 394 2114 (4)
436 2041 531 2095 His
571 2041 880 2095 consulibus
915 2039 1217 2112 complures
1249 2040 1306 2094 in
1345 2039 1603 2113 Capitolio
1636 2047 1814 2096 turres
1853 2041 1918 2098 «le
1947 2042 2091 2098 caelo

257 2157 572 2213 percussae,
610 2147 666 2195 et
702 2140 803 2196 alia
833 2140 1075 2213 prodigia
1104 2139 1245 2195 sacta
1279 2147 1424 2196 sunt.
1470 2159 1550 2199 111.
1593 2152 1638 2197 c.
1671 2147 1759 2198 50.
1795 2147 1884 2198 92.
1923 2161 1969 2198 ο.
2000 2149 2089 2211 51.

261 2246 349 2296 97.

323 2343 401 2388 Dio
433 2355 611 2388 xxxvn.
639 2358 674 2388 c.
708 2345 750 2387 9.
783 2346 821 2387 1.
857 2342 925 2388 Τά
956 2340 1011 2389 δὲ
1049 2341 1110 2401 δή
1146 2339 1323 2405 τέρατα
1357 2344 1442 2388 καὶ
1476 2343 1599 2388 πάνυ
1644 2343 1830 2398 αὐτούς
1867 2346 2093 2406 (Ῥωμαὶ·

263 2424 366 2479 ους)
405 2421 668 2484 ἐθορύβει.
718 2419 769 2465 ἒν
810 2422 898 2484 γὰρ
929 2421 994 2484 τῷ
1036 2423 1333 2488 Καπιτωλίῳ
1379 2421 1660 2486 ἀνδριάντες
1692 2442 1743 2471 τε
1778 2425 1953 2472 πολλοὶ
1996 2425 2090 2473 ὑπὸ

265 2501 502 2563 κεραυνῶν
534 2501 967 2558 συνεχωνεύθησαν
995 2503 1076 2546 καὶ
1107 2501 1358 2564 ἀγάλματα
1383 2501 1509 2548 ἄλλα
1538 2521 1588 2550 τε
1615 2508 1696 2550 καὶ
1729 2505 1857 2558 Διὸς
1883 2504 1965 2552 ἐπὶ
1990 2509 2096 2553 uto-

264 2598 346 2632 νος
385 2578 668 2640 ἱδρυμένον,
718 2576 863 2622 εἰκών
898 2577 948 2622 τέ
994 2595 1070 2632 τις
1102 2581 1328 2638 λυκαίνης
1366 2584 1460 2627 σύν
1490 2597 1541 2629 τε
1581 2583 1646 2644 τῷ
1679 2582 1847 2644 Ῥώμῳ
1879 2588 1960 2630 καὶ
1997 2587 2092 2632 σύν

266 2661 330 2722 τῷ
370 2659 603 2720 Ῥωμύλῳ
638 2656 867 2718 ἱδρυμένη
908 2657 1074 2715 ἔπεσε,
1112 2660 1170 2705 τά
1201 2677 1252 2706 τε
1285 2661 1537 2724 γράμματα
1568 2663 1663 2707 τῶν
1697 2665 1918 2722 στηλῶν,
1955 2662 2005 2717 ἐς
2038 2665 2096 2717 ἃς

268 2742 316 2788 οἱ
359 2743 502 2801 νόμοι
540 2738 892 2801 ἐσεγράφοντο,
939 2741 1194 2797 συνεχύθη
1226 2743 1308 2786 καὶ
1339 2741 1530 2802 ἀμυδρά
1576 2739 1792 2804 ἒγένετο.
1833 2743 1892 2788 τά
1930 2759 1980 2789 τε
2009 2739 2096 2790 οὖν

270 2821 394 2867 ἄλλα
425 2818 686 2869 ἒξεθύοντο
721 2826 826 2869 τοῖς
855 2816 1058 2877 μάντεσι
1087 2821 1414 2887 περθόμενοι,
1452 2824 1533 2866 καὶ
1564 2821 1629 2881 τῷ
1659 2824 1750 2868 Διὶ
1781 2820 1968 2886 ἄγαλμα
1985 2831 2098 2884 μεῖ-

272 2886 377 2956 ζον,
414 2900 532 2959 πρός
569 2915 620 2943 τε
655 2897 740 2949 τοῖς
773 2883 1011 2949 ἅνατολάς
1044 2901 1125 2944 καὶ
1163 2899 1281 2961 πρὸς
1318 2899 1402 2958 τήν
1434 2898 1610 2963 ἀγορὰν
1642 2899 1849 2961 βλέπον,
1884 2902 2014 2955 ὅπως
2047 2904 2100 2949 αἱ

271 2983 568 3042 συνωμοσίαν
603 2977 683 3036 ὑφ’
719 2965 785 3021 ὧν
817 2976 1139 3039 ἐταράττοντο
1171 2978 1448 3039 ἐκφανεῖεν,
1483 2980 1745 3044 ἱδρυθῆναι
1776 2980 2100 3043 ἐψηφίσαντο.

270 3059 485 3106 Arnobius
518 3062 562 3103 L.
590 3069 675 3100 vn.
702 3072 742 3116 p.
767 3058 871 3101 245.
921 3056 1012 3100 Sed
1039 3073 1178 3119 neque
1210 3059 1289 3103 hoc
1320 3067 1518 3104 nostram
1547 3061 1859 3105 conscientiam
1876 3060 2014 3121 fugit
2041 3061 2100 3106 le—

270 3123 389 3186 ctum
420 3147 464 3183 et
490 3138 723 3200 positum..
754 3136 893 3180 ictum
923 3153 1058 3196 quum
1090 3145 1206 3181 esset
1241 3137 1510 3198 Capitolium
1531 3137 1762 3197 svilmine,
1793 3136 2022 3197 multaque
2052 3138 2103 3183 in

273 3220 350 3263 hoc
372 3218 492 3273 alia,
525 3217 646 3260 Iovis
669 3214 804 3257 etiam
826 3213 1135 3272 simulacrum,
1169 3217 1352 3262 sublimi
1372 3216 1492 3279 quod
1514 3217 1562 3260 in
1584 3215 1772 3260 culmine
1799 3215 1967 3273 stabat,
2003 3217 2102 3261 suis

272 3313 365 3342 esse
388 3296 442 3338 ab
469 3293 646 3337 sedibus
661 3291 961 3352 provolutum.
1025 3294 1297 3354 Responsum
1319 3294 1474 3339 deinde
1499 3294 1554 3338 ab
1578 3292 1888 3354 haruspicibus
1907 3293 2100 3352 editum,

272 3391 345 3420 res
375 3389 530 3417 saevas
557 3371 932 3430 tristissimasque
953 3371 1188 3430 portendi,
1232 3372 1287 3417 ab
1317 3371 1564 3427 incendiis,
1597 3369 1825 3425 caedibus,
1869 3371 1923 3414 ab
1957 3371 2101 3432 legum

274 3442 492 3506 interitu,
537 3457 580 3493 et
610 3449 665 3492 ab
705 3448 822 3491 iuris
859 3463 1045 3505 occasu,
1088 3450 1280 3493 maxime
1312 3459 1458 3495 tamen
1495 3450 1550 3494 ab
1586 3449 1840 3493 domesticis
1875 3448 2096 3504 hostibus,

275 3522 408 3590 atque
440 3527 494 3572 ab
525 3527 663 3587 impia
691 3516 1019 3571 coniuratorum
1059 3543 1216 3574 manu:
1254 3526 1333 3579 secl
1350 3528 1488 3588 flecti
1525 3527 1627 3572 haee
1651 3542 1809 3587 posse,
1855 3527 1984 3571 immo
2015 3527 2099 3572 ati-
