2210 3970
211 221 317 272 544
710 232 1039 270 Ammites
1085 234 1596 272 clcenonlAM.

221 363 354 427 lem,
392 381 427 416 1.
463 378 508 416 c.
534 365 621 415 26.
653 366 742 416 85.
782 363 934 420 Arati
965 363 1329 419 Phaenomena
1370 364 1439 437 (v.
1471 364 1539 418 ad
1569 380 1615 418 a.
1638 367 1764 420 694.
1797 365 1868 437 7.)
1903 366 2044 420 Lati-2
2074 362 2082 364 ‘⁷

220 463 305 516 nis
337 461 580 517 versibus
617 461 913 517 reddidisse
945 470 1210 518 censetur.
1252 481 1287 518 1.
1325 480 1370 517 e.
1396 466 1482 516 24.
1527 467 1614 518 79.

279 562 528 623 Hieronym.
563 561 610 606 in
642 560 818 622 praefat.
852 562 901 607 in
931 562 1087 608 Euseb.
1121 562 1346 625 chron.'p.
1370 565 1412 607 3.
1448 561 1604 620 (Scal.)
1640 561 1813 606 Tullius
1844 589 1904 597 —
1934 566 2045 609 Ara-

217 647 312 683 tum
340 641 580 684 Romanum
612 636 878 684 hexametris
912 637 1110 684 versibus
1138 637 1291 685 edidit.
1355 643 1413 684 Io.
1441 642 1508 684 Fr.
1527 639 1701 700 Iugler‚
1727 639 1781 684 de
1807 642 1941 685 Poesi
1976 643 2043 686 Gi-

219 716 402 762 ceronis.
435 713 621 778 Lipsiae,
641 715 773 761 1744.
808 721 866 762 4⁰.
906 718 1263 763 Ioann.Badenus
1280 718 1327 762 in
1354 716 1516 762 Prolus.
1549 715 1602 760 de
1625 717 1808 761 Poetica
1813 716 2046 775 facultate

221 794 452 840 Ciceronis.
485 794 699 850 Havniae‚
725 795 858 838 1791.
886 798 944 839 4⁰.
977 812 1065 840 non
1092 794 1391 840 dubitandum
1421 809 1509 838 esse
1538 798 1705 851 censet,
1738 795 1848 856 quin
1875 794 2043 851 Cicero,

217 874 252 918 si
295 872 350 918 ad
390 873 582 918 earmina
613 869 834 915 condenda
879 871 1079 916 divinum
1117 871 1344 933 ingenium
1379 871 1687 926 convertisset,
1735 888 1814 918 nec
1853 872 2044 919 civitatis

217 948 412 1006 utilitas,
454 965 567 1012 quae
609 948 850 994 oratoribus
890 951 1027 1010 magis
1069 948 1294 1011 indigebat
1335 965 1472 1011 quam
1503 950 1661 1010 poetis,
1703 949 1788 995 alio
1834 959 2044 1007 vocasset,

214 1043 350 1090 aeque
379 1041 565 1090 magnus
595 1033 719 1087 poeta
750 1026 982 1072 exstitisset
998 1060 1011 1083 ‚
1044 1043 1093 1073 ae
1119 1042 1238 1072 nuuc
1262 1035 1478 1072 oratorem
1508 1026 1736 1071 miramur.
1800 1027 1861 1072 Cf.
1894 1036 2043 1073 tamen

216 1123 328 1169 quae
358 1091 555 1150 diximus
579 1105 626 1149 in
657 1108 801 1166 Progr.
830 1104 1039 1165 Scholast.
1083 1104 1136 1149 de
1170 1105 1493 1167 Mythograplw
1523 1105 1770 1149 Acti-onom.
1802 1105 1885 1164 qui
1912 1104 2043 1166 vulgo

218 1185 386 1228 dicitur
411 1183 685 1228 Scholiastes
726 1184 991 1228 Germanici.
1033 1183 1168 1246 Lugd.
1202 1188 1296 1229 Bat.
1329 1187 1463 1229 1842.
1497 1188 1558 1228 4⁰.
1597 1199 1639 1244 p.
1670 1187 1715 1228 3.
1751 1181 1862 1227 Add.
1894 1182 2041 1238 Hand,

220 1262 367 1305 Cicero
392 1260 463 1305 als
480 1260 837 1319 Schriftsteller‚
862 1260 910 1304 in
925 1261 1058 1305 Erseh
1086 1262 1178 1306 und
1194 1261 1400 1307 Gruber's
1426 1251 1666 1323 Encyclop.⁴
1681 1274 1719 1306 τ.
1738 1273 1855 1306 xvn.
1882 1277 1920 1322 p.
1938 1263 2043 1305 240.

216 1346 260 1382 et
289 1341 334 1384 F.
353 1341 402 1383 M.
421 1340 633 1383 Frantzen
649 1371 663 1394 ‚
696 1337 749 1382 de
786 1339 987 1382 Cicerone
998 1348 1145 1398 poeta.
1194 1338 1352 1396 Abone,
1386 1343 1524 1384 1800.
1558 1342 1617 1384 8⁰.

498 1711 754 1768 ANNUS
806 1712 1048 1767 VITAE
1098 1709 1517 1767 CICERONIS
1573 1709 1760 1768 XVIII.

215 1910 252 1938 a.
273 1895 319 1935 U.
339 1895 382 1935 C.
765 1895 879 1935 Coss.
915 1894 990 1935 CN.
1026 1894 1273 1935 POMPEIUS
1306 1894 1509 1934 STRABO.
1886 1908 1923 1934 a.
1941 1893 1990 1934 A.
2003 1896 2048 1935 C.

249 1986 356 2026 665.
915 1986 959 2024 L.
994 1985 1205 2025 PORCIUS
1238 1984 1381 2025 CATO.
1927 1986 2003 2026 89.

291 2116 353 2191 (¹)
394 2115 577 2170 Cicero
616 2114 752 2169 iuris
785 2112 958 2168 civilis
991 2112 1170 2168 studio
1201 2111 1436 2168 multum
1464 2129 1653 2186 operae
1679 2112 1772 2168 dat
1805 2113 1864 2181 Q.
1890 2113 2040 2170 Scae-

210 2217 358 2271 volae
378 2216 602 2287 auguri,
636 2233 674 2269 1.
705 2231 751 2268 e.
777 2218 865 2268 51.
905 2219 1029 2269 101.
1067 2213 1134 2268 ad
1170 2230 1331 2286 quem
1362 2213 1526 2269 simul
1553 2231 1680 2269 eum
1709 2214 1888 2270 Attico
1914 2232 2041 2270 ven-

211 2293 434 2381 titabat,
474 2333 508 2370 1.
552 2333 597 2369 e.
631 2319 718 2370 25.
755 2319 844 2369 81.
882 2314 1171 2377 deductus,
1215 2320 1277 2369 ut
1318 2315 1546 2369 Romani
1584 2315 1752 2369 moris
1790 2321 1931 2379 erat,
1975 2314 2041 2370 ad

211 2420 388 2490 ipsum
421 2434 453 2472 a
489 2422 660 2489 patre.
703 2435 736 2469 1.
778 2434 828 2470 e.
850 2419 938 2470 26.
982 2420 1069 2470 85.
1149 2416 1390 2470 Durante
1428 2422 1611 2470 tamen
1642 2414 1778 2470 bello
1816 2415 2042 2470 Marsico

114 2560 121 2577 .
209 2520 266 2572 in
286 2517 525 2589 Pompeii
542 2514 777 2571 consulis
796 2517 1038 2570 exercitu
1057 2514 1256 2570 militat
1282 2516 1412 2579 tire,
1442 2515 1542 2570 suh
1561 2515 1620 2571 L.
1647 2514 1818 2580 Sulla,
1846 2516 2038 2588 legatO.

208 2638 243 2673 1.
286 2636 331 2673 e.
359 2622 447 2673 26.
483 2619 571 2672 86.

272 2717 381 2764 Dial.
415 2716 468 2762 de
498 2718 618 2761 Orat.
650 2731 687 2760 e.
706 2719 778 2760 34.
814 2719 855 2759 1.
902 2715 1034 2776 Apud
1063 2713 1252 2760 maiores
1283 2722 1457 2759 nostros
1486 2712 1661 2759 invenis
1691 2713 1796 2772 ille,
1827 2717 1908 2776 qni
1929 2717 2041 2775 foro

211 2806 254 2842 et
285 2795 561 2856 eloquentiae
595 2793 846 2855 parabatur
862 2826 875 2850 ,
915 2794 1115 2840 imbutus
1144 2795 1236 2838 iam
1268 2793 1508 2837 domestica
1537 2792 1780 2854 disciplina
1795 2826 1810 2850 .,
1842 2794 2041 2853 refertus

213 2874 409 2919 honestis
425 2869 637 2928 'stadii-5,
680 2870 975 2916 deducebatur
1004 2889 1033 2916 a
1056 2879 1190 2933 patre
1218 2870 1291 2915 vel
1317 2887 1347 2914 a
1368 2870 1642 2931 propinquis
1672 2870 1734 2915 ad
1764 2887 1863 2916 eum
1895 2882 2038 2918 orato·
2109 2868 2114 2873 ⁴

207 2969 326 3007 rem,
358 2951 440 3011 qui
462 2950 715 3010 principem
743 2949 793 2994 in
818 2949 1001 2995 civitate
1035 2949 1178 2995 locum
1209 2950 1404 2994 tenebat:
1438 2949 1551 2993 hunc
1574 2948 1762 3005 sectari,
1795 2948 1909 2994 hune
1931 2966 2038 3010 ‘pro-

208 3030 361 3091 sequi‘‚
394 3028 530 3073 haias
554 3026 756 3072 omnibns
779 3026 1047 3084 dictionibus
1068 3028 1305 3085 interesse,
1335 3029 1428 3072 sive
1453 3029 1503 3072 in
1517 3027 1724 3084 iudiciis,
1756 3028 1849 3072 'sive
1870 3029 1919 3072 in
1938 3045 2037 3074 con·

207 3107 428 3170 cionibus,
468 3096 773 3161 candescebat,
805 3106 875 3149 ita
906 3112 961 3149 ut
995 3105 1309 3150 altercationes
1338 3121 1513 3167 quoqne
1545 3106 1767 3167 ezei-iperet
1797 3114 1841 3150 et
1871 3107 2037 3166 iurgiis

205 3186 439 3229 interesset
465 3191 625 3242 atque,
658 3191 712 3227 ut
732 3183 798 3227 sic
829 3181 1040 3238 dixerim,
1065 3200 1272 3244 pugnare
1298 3184 1347 3228 in
1365 3183 1543 3244 praelio
1567 3176 1769 3228 disceret.
1832 3200 1867 3229 c.
1887 3187 1960 3228 30.
1990 3188 2033 3229 2.

207 3265 348 3306 Notus
371 3269 439 3306 est
459 3261 582 3306 vobis
610 3263 770 3321 ntique
801 3260 1021 3305 Ciceronis
1045 3260 1180 3317 liber,
1211 3262 1294 3320 qui
1316 3263 1490 3306 Brutus
1510 3261 1773 3306 inscribitur
1782 3283 1801 3316 ,-
1831 3261 1881 3304 in
1906 3262 2037 3306 cuius

209 3347 404 3385 eoetrema
424 3348 555 3400 parte
580 3367 640 3374 --
660 3354 745 3384 sna
765 3329 923 3395 initia,
954 3354 1059 3383 suos
1081 3338 1278 3399 gradus,
1310 3354 1419 3383 snae
1442 3338 1716 3400 eloquentiae
1739 3339 1860 3383 velut
1882 3357 2034 3400 quam-

206 3418 307 3463 dam
339 3417 639 3462 educationem
672 3418 836 3477 refert:
883 3433 930 3461 se
971 3416 1094 3478 apud
1127 3417 1178 3474 Q.
1210 3419 1407 3463 Mucium
1437 3418 1512 3463 ius
1547 3417 1677 3462 civile
1709 3416 1921 3461 didicisse
1951 3426 2033 3462 eet.

208 3495 427 3542 Plutarch.
457 3495 541 3540 Cic.
579 3512 615 3540 c.
646 3501 686 3541 3.
719 3501 759 3541 1.
819 3499 957 3556 “Ana
987 3494 1040 3543 δὲ
1077 3504 1180 3548 τοῖς
1220 3501 1329 3558 περὶ
1366 3500 1591 3546 Μούκιον
1635 3496 1839 3558 ἀνδράσι
1876 3496 2030 3542 συνὼν
