2150 3990
611 225 664 279 L.
693 225 775 279 vt.
818 242 863 278 ο.
887 224 954 280 11.
996 223 1035 297 5
1062 227 1094 278 5
1133 255 1205 263 -
1245 242 1289 277 c.
1316 224 1400 279 ιν.
1447 226 1485 297 g
1513 231 1558 278 7.
1883 230 1989 281 2³9

246 476 339 535 111.
419 480 469 532 ὅ.
510 475 629 531 Ad¹
683 474 875 533 Urbem
927 476 1004 530 ita
1052 474 1210 538 veni,
1268 478 1330 529 ut
1381 489 1538 529 nemo
1591 472 1754 529 ullius
1794 471 2000 529 ordinis

176 575 338 633 homo
370 575 755 634 nomenclatori
793 583 953 632 notus
991 574 1184 639 suerit,
1222 575 1317 646 qui
1356 574 1491 630 mihi
1524 573 1736 631 obviam
1775 590 1880 630 non
1914 590 1999 629 ve-

175 678 351 742 nerit,
400 681 614 748 praeter
659 692 748 731 eos
788 676 1036 733 inimicos
1055 716 1071 741 ‚
1121 674 1316 747 quihus
1357 673 1411 730 id
1449 675 1630 746 ipsum
1663 691 1769 730 non
1812 672 2002 731 liceret

174 783 269 833 aut
319 775 660 833 dissimulare
704 783 801 832 aut
845 793 1057 848 negare.
1148 775 1327 844 Quum
1373 776 1639 834 venissem
1677 774 1746 831 ad
1790 781 2002 847 portam

174 862 437 950 Capenam
458 918 474 942 ,
539 876 740 948 gradus
797 877 1121 951 templorum
1176 877 1246 934 ab
1302 877 1499 934 infima·
1543 876 1697 949 plebe
1752 875 2005 948 completi

173 983 354 1035 erant:
379 1022 382 1027 .
408 994 440 1034 a
483 993 590 1049 qua
635 977 829 1050 plausu
874 979 1110 1036 maximo
1144 995 1318 1051 quum
1353 984 1495 1034 esset
1532 977 1679 1034 mihi.
1713 976 2005 1049 gratulatio

175 1077 507 1149 significata,
557 1078 752 1134 similis
801 1086 859 1135 et
894 1078 1196 1151 frequentia
1233 1086 1289 1135 et
1326 1078 1548 1151 plausus
1590 1095 1677 1135 me
1715 1094 1887 1151 usque
1937 1076 2006 1134 ad

173 1177 492 1250 Capitolium
535 1178 850 1236 celebravit:
905 1180 960 1235 in
1001 1178 1220 1251 foroque
1258 1186 1314 1235 et
1353 1180 1409 1235 in
1459 1180 1573 1251 ipso
1610 1178 1868 1251 Capitolio
1906 1179 2007 1235 mi·

175 1277 348 1335 reuda
378 1277 673 1337 multitudo
709 1277 827 1335 fuit.
906 1281 959 1332 6.
1001 1278 1230 1333 Domum
1251 1283 1272 1316 ²
1312 1277 1521 1332 reditus
1557 1285 1675 1332 erat
1710 1277 2006 1342 eiusmodi,

174 1382 250 1435 ut*
270 1390 486 1433 summa
522 1375 581 1433 in
611 1374 821 1431 laetitia
857 1372 990 1432 illud
1023 1374 1256 1431 dolerem
1272 1415 1287 1439 ‚
1326 1376 1603 1430 civitatem
1641 1382 1757 1431 tam
1793 1383 2006 1447 gratam

175 1480 297 1535 tam.
318 1467 574 1533 miseram
603 1479 764 1546 atque
789 1490 1098 1546 oppressam
1127 1472 1310 1531 fuisse.
1370 1474 1581 1531 Mecum
1601 1481 1623 1514 ³
1653 1476 1802 1532 enim
1832 1476 2009 1549 leges,

175 1589 395 1635 menum
416 1570 784 1647 quaestiones}
810 1589 1028 1631 mecum
1046 1574 1170 1630 iura
1188 1574 1638 1646 magistratuum,
1672 1592 1889 1634 mecum
1925 1593 2005 1633 se-

178 1680 344 1736 natus
376 1674 707 1741 auc-toritas,
764 1689 980 1733 mecum
1019 1673 1269 1741 libertas,
1326 1691 1542 1733 mecum
1582 1678 1747 1733 etiam
1787 1675 2008 1750 frugum

176 1773 422 1842 ubertas,
455 1790 676 1837 ,mecum
714 1773 939 1833 deorum
977 1781 1032 1832 et
1071 1774 1351 1831 hominum
1391 1777 1710 1834 sanctitates
1736 1793 1923 1834 omnes
1952 1784 2010 1835 et

174 1874 460 1948 religiones
508 1874 833 1937 abfuerunt:
875 1882 1087 1948 quum*²
1127 1876 1263 1932 nihil
1303 1876 1504 1933 valeret
1542 1885 1794 1943 senatus,
1831 1878 2011 1934 omnis

174 1981 317 2038 esset
354 1976 686 2049 impunitas,
739 1975 888 2033 nulla
920 1975 1150 2062 iudicia,
1190 1978 1272 2033 vis
1311 1985 1366 2033 et
1403 1977 1611 2035 serrum
1644 1980 1701 2035 in
1741 1978 1855 2034 soro
1891 1995 2008 2036 ver·

175 2081 452 2144 sarentum
498 2093 668 2150 quum
706 2078 904 2149 privati
943 2094 1002 2134 se
1035 2078 1306 2150 parietum
1348 2078 1616 2149 praesidio
1633 2120 1652 2143 ,
1689 2096 1795 2135 non
1828 2079 2010 2150 legum

178 2182 463 2238 tuerentur
479 2195 495 2240 ·;
537 2177 751 2234 tribuni
788 2177 960 2250 plebis
996 2178 1414 2235 vulnerarentur
1430 2220 1448 2243 ‚
1486 2177 1557 2234 ad
1587 2180 2012 2251 magistratuum

176 2276 362 2332 domos
399 2293 526 2332 cum
566 2275 707 2331 ferro
745 2283 799 2331 et
833 2275 1042 2333 facibus
1083 2279 1284 2343 iretur,
1323 2279 1563 2335 consulis
1593 2278 1765 2336 fasces
1798 2279 2008 2352 frange-

177 2383 396 2446 rentur,
420 2376 660 2435 deorum
689 2378 1086 2434 immortalium
1119 2379 1319 2451 templa
1352 2379 1785 2436 incenderentur.

251 2578 340 2635 lv.
421 2582 471 2635 7.
512 2578 818 2635 Postridie⁵
872 2580 928 2635 in
968 2586 1195 2646 senatu,
1253 2582 1348 2653 qui
1387 2581 1491 2637 suit
1541 2582 1657 2638 dies
1697 2583 1827 2639 Non.
1883 2585 2007 2658 Sep·

178 2677 340 2740 tamn
370 2678 647 2737 *senatu-i
698 2681 950 2751 gratias
1005 2681 1284 2753 egimus;
1339 2689 1520 2754 quae‘
1572 2685 1743 2740 oratio
1793 2693 2013 2759 propter

177 2780 258 2841 rei
288 2779 721 2852 magnitudinem
751 2780 898 2838 dicta
928 2781 996 2838 de
1033 2783 1236 2855 scripto
1266 2790 1365 2839 est.
1443 2785 1506 2840 In
1539 2802 1646 2857 qua
1683 2804 1856 2858 quum
1893 2806 2011 2861 per·

179 2881 367 2952 paucis
404 2881 725 2939 nominatim
763 2884 995 2955 egissem
1028 2885 1262 2958 gratiam,
1298 2885 1438 2957 quod
1478 2904 1664 2943 omnes
1701 2890 2011 2944 enumerari

182 2981 335 3041 nullo
360 2981 517 3039 modo
547 2990 792 3055 possent,
832 2984 1008 3041 scelus
1039 2993 1224 3044 autem
1256 2995 1397 3043 esset
1429 3006 1756 3061 quemquam
1777 2997 2013 3062 praeter-

72 3151 74 3155 r
185 3083 283 3148 iri,
315 3084 734 3156 statuissemque
762 3101 851 3139 eos
883 3085 1056 3140 solum
1086 3088 1392 3152 nominare,
1426 3090 1519 3159 qui
1547 3106 1769 3144 caussae
1796 3097 2011 3149 nostrae

186 3182 349 3264 duces
388 3191 442 3241 et
481 3187 635 3259 quasi
668 3185 911 3258 signiferi
953 3185 1211 3251 fuissent;
1254 3190 1306 3243 in
1343 3190 1426 3243 his
1466 3197 1519 3244 et
1557 3191 1774 3246 Plancio
1806 3193 2013 3264 gratias

248 3365 288 3423 ¹)
318 3363 498 3411 adatt.
524 3368 596 3412 lv.
624 3369 666 3411 1.
693 3367 778 3424 §5.
810 3393 868 3400 -—
902 3371 943 3428 ¹)
974 3385 1050 3430 pro
1080 3370 1223 3414 Sextio
1256 3385 1292 3414 e.
1311 3373 1383 3415 63.
1415 3372 1561 3429 5131.
1594 3398 1653 3406 —
1686 3374 1726 3431 ⁵)
1760 3382 1853 3436 post
1883 3373 2012 3419 redit.

184 3438 232 3487 in
265 3443 429 3488 Senatu
459 3446 588 3488 c.14.
621 3445 740 3502 534.
770 3469 830 3479 —-
860 3447 902 3505 4)
933 3446 988 3491 ad
1018 3446 1179 3504 Quirit.
1214 3454 1309 3507 post
1341 3448 1467 3494 redit.
1507 3465 1543 3495 c.
1577 3453 1620 3497 6.
1648 3453 1762 3510 §14
1796 3478 1855 3487 —
1889 3455 1928 3512 ⁵)
1955 3451 2010 3497 ad

187 3519 279 3562 Att.
311 3521 383 3566 IV.
419 3523 459 3566 1.
484 3521 563 3577 §5.
599 3548 656 3556 ——-
689 3524 729 3581 6)
761 3539 837 3584 pro
868 3524 1039 3571 Plancio
1063 3529 1186 3571 c.30.
1222 3526 1335 3582 §74.
