2210 3970
709 212 914 251 Annus
952 211 1000 250 u.
1039 211 1086 249 e.
1137 195 1454 248 668—670.
1888 201 1995 253 557

167 340 358 389 multum
380 359 409 388 a
427 357 568 404 puero
588 339 700 399 fuit.
762 341 926 403 Dialog.
949 340 1005 387 de
1023 343 1190 386 Orator.
1217 355 1254 384 e.
1272 342 1346 384 3⁰.
1368 342 1414 384 2.
1450 339 1592 383 Notus
1612 345 1680 383 est
1699 339 1821 384 vobis
1840 344 1997 403 utique

169 421 390 469 Ciceronis
407 420 538 477 liber,
555 420 636 480 qui
651 421 823 464 Brutus
837 417 1098 464 inscribitur
1108 437 1126 471 ,-
1139 418 1188 462 in
1203 416 1333 461 cuius
1348 422 1544 462 extrema
1552 423 1687 478 parte
1702 440 1763 452 --
1776 417 1919 477 refut
1937 446 1996 455 .-

166 514 214 544 se
241 498 364 560 apud
387 497 626 543 Diodotum
658 499 858 542 Stoicum
883 511 1031 542 omnes
1050 493 1366 557 philosophiae
1387 500 1543 554 partes
1567 494 1753 556 penitus
1775 494 1997 542 hausisse.

168 579 231 636 [v.
259 576 315 622 ad
341 578 502 622 a.695.
533 578 630 633 ια]

245 677 307 754 (⁸)
348 677 486 733 Tum
522 676 869 750 Xenophontis
903 674 1290 733 Oeconomicum
1336 692 1365 730 e
1403 674 1604 732 Graeco
1643 675 1698 730 in
1743 674 1995 733 Latinum

169 795 471 842 sermonem
506 779 785 835 convertit.
828 798 864 834 1.
906 797 952 834 c.
978 781 1066 835 24.
1106 780 1193 833 79.

227 880 313 926 Cic.
338 879 392 927 de
417 878 503 926 Off.
533 893 583 926 11.
615 882 743 945 ⁰³²4·
773 881 847 925 87.
879 881 976 925 Has
1005 876 1451 929 rescommodissime
1475 876 1713 939 Xenophon
1739 878 1995 924 Socraticus

158 965 421 1020 persecutus
452 965 521 1003 est
550 957 599 1002 in
625 973 673 1002 eo
702 957 816 1003 libro
831 990 845 1015 ‚
876 957 958 1019 qui
987 956 1298 1010 Oeconomicus
1322 955 1587 1002 inscribitur
1595 973 1611 999 .·
1642 970 1772 1017 quem
1797 972 1878 1003 nos
1903 957 1997 1004 ista

162 1035 262 1092 fere
287 1043 596 1098 aetate-quum
627 1050 823 1081 essemus
838 1064 852 1092 ,
895 1048 985 1096 qua
1017 1049 1064 1079 es
1095 1042 1147 1080 tu
1177 1045 1304 1080 nunc·
1330 1034 1499 1093 [cicero
1535 1032 1656 1079 filius
1689 1040 1790 1080 tum
1825 1034 1999 1082 circiter

163 1113 325 1177 viginti
355 1129 488 1160 annos
519 1121 612 1160 erat
649 1115 804 1171 natus]
821 1144 835 1169 ‚
869 1128 892 1157 e
928 1113 1091 1178 Graeco
1121 1113 1172 1162 in
1196 1113 1407 1158 Lati-num
1438 1111 1748 1158 convertimus.
1810 1112 1999 1172 Quintil.

164 1204 207 1239 x.
233 1208 271 1238 c.
301 1196 343 1239 ⁵.
376 1195 420 1239 2.
460 1194 636 1238 Vertere
670 1191 839 1236 Graeca
863 1190 913 1234 in
945 1190 1158 1238 Latinum
1187 1198 1357 1236 veteres
1386 1190 1531 1236 nostri
1554 1196 1753 1235 oratores
1780 1191 1999 1251 optimum

162 1267 435 1316 iudicabant.
467 1281 531 1304 —-·'
559 1268 619 1315 Id
640 1270 793 1318 Cicero·
805 1280 891 1312 sua
909 1267 1007 1328 ipse
1019 1281 1215 1327 persona
1227 1264 1599 1329 frequentissime
1611 1268 1860 1328 praecipit:
1889 1270 2000 1330 quin

163 1346 315 1395 etiam·
337 1346 473 1395 libros
509 1346 720 1395 Platonis
756 1353 891 1407 atque
929 1344 1233 1406 Xenophontis
1260 1344 1402 1390 edidit
1435 1344 1514 1389 hoc
1542 1361 1700 1406 genere
1738 1345 1998 1392 translatos.

160 1423 335 1486 Servius
370 1424 426 1473 ed
456 1423 614 1486 Vin-gil.
648 1427 800 1486 Georg.
827 1436 859 1469 1.
887 1425 961 1469 43.
1007 1423 1124 1467 Sane
1148 1419 1375 1466 sciendum
1404 1420 1730 1482 Xenophontem
1759 1423 1998 1484 scripsisse

160 1516 298 1549 unum
331 1501 492 1571 librum
526 1499 888 1552 Oeconomicum:
927 1500 1057 1546 cuius
1080 1514 1195 1562 pars
1224 1498 1390 1543 ultima
1419 1498 1746 1560 agn'culturam
1776 1502 1997 1562 continet,
1990 1524 2001 1533 ·

161 1578 216 1629 de
241 1595 331 1643 qua
343 1586 479 1643 parte
497 1578 644 1630 multa
663 1578 725 1624 ad
741 1591 874 1624 suum
893 1592 1007 1639 opus
1029 1576 1249 1639 Virgilius
1272 1576 1536 1635 transtulit,
1557 1578 1677 1622 sicut
1700 1580 1835 1623 etiam
1862 1578 1916 1625 de
1937 1606 1998 1616 -

165 1656 388 1704 Ciceronis
428 1672 601 1720 quoque
631 1655 747 1710 libro
776 1646 909 1707 tertio
944 1655 1351 1712 Oeconomicorum‚
1394 1655 1476 1716 qui
1504 1656 1830 1717 agriculturam
1860 1659 2001 1703 eonti-

85 1775 88 1778 .
158 1741 247 1789 net.
309 1735 421 1780 Nam
455 1736 634 1802 primus
656 1741 898 1798 praecepta
930 1732 1090 1790 habet,
1128 1732 1491 1795 quemadmodum
1526 1733 1681 1781 debeat
1718 1736 1999 1795 materfami-

161 1811 262 1861 liae.
280 1810 401 1857 domi
435 1828 565 1876 agere
578 1833 598 1868 ,-
638 1812 887 1871 secundus,
919 1809 1282 1875 quemadmodum
1314 1811 1444 1871 foris
1476 1812 1833 1873 paterfamilias.
1898 1816 1997 1861 flie-

157 1907 333 1955 ronym.
350 1890 396 1937 in
413 1878 590 1955 pfaefat.
612 1891 660 1937 in
688 1889 842 1938 Euseb.
869 1889 1023 1936 Chron.
1045 1906 1088 1952 p.
1106 1893 1148 1936 3.
1171 1890 1327 1951 (Scul.)
1365 1889 1539 1935 Tullius
1567 1891 1772 1937 Platonis
1798 1894 1995 1955 integros

161 1969 298 2017 libros
339 1969 401 2015 ad
441 1968 618 2015 verbum
659 1969 981 2038 interpretatus
1019 1976 1112 2026 est,
1158 1976 1201 2014 et
1238 1987 1375 2031 quum
1412 1971 1597 2014 Aratum
1629 1969 1720 2013 iam
1751 1970 1995 2014 Romanum

161 2048 430 2094 hexametris
455 2046 657 2093 versibus
687 2045 901 2092 edidisset
934 2048 997 2104 [v.
1014 2044 1067 2092 ad
1086 2061 1123 2092 a.
1143 2049 1249 2092 664.
1268 2049 1362 2106 6.],
1392 2047 1441 2091 in
1472 2046 1772 2108 Xenophontis
1807 2048 1995 2093 Oecono-

159 2127 272 2171 mico
311 2125 452 2181 lusit5
489 2126 538 2170 in
575 2140 662 2186 quo
694 2139 822 2185 opere
855 2125 926 2169 ita
958 2138 1089 2184 saepe
1130 2139 1315 2168 aureum
1356 2122 1478 2168 illud
1501 2124 1681 2185 flumen
1719 2123 1995 2185 eloquentiae

157 2202 422 2266 quibusdam
443 2201 613 2247 scabris
641 2210 685 2246 et
710 2201 981 2246 turbulentis
1007 2201 1203 2246 obicibus
1228 2200 1509 2257 retardatur,
1541 2208 1594 2245 ut
1625 2202 1706 2262 qui
1730 2203 1991 2263 interpreta-

159 2289 254 2326 tum
280 2280 485 2326 nesciunt
513 2297 545 2325 a
578 2280 805 2337 Cicerone,
838 2279 963 2325 dicta
992 2294 1077 2324 non
1109 2279 1301 2325 credant.
1365 2279 1606 2326 Columella
1630 2293 1695 2326 ιι.
1722 2295 1758 2324 c.
1781 2284 1819 2325 1.
1849 2285 1892 2325 5.
1935 2282 1991 2325 In

161 2361 441 2406 Oeconomico
482 2347 782 2421 Xenophontis
798 2390 812 2414 ‚
862 2374 990 2419 quem
1018 2359 1076 2401 M.
1099 2357 1244 2401 Cicero
1278 2358 1438 2401 Latino
1470 2359 1665 2402 sermoni
1688 2357 1878 2403 tradidit
1905 2367 1989 2404 eet.

159 2450 243 2484 ΧΠ.
273 2437 405 2484 Praef.
429 2440 470 2484 7.
504 2439 621 2482 Ilaec
646 2437 696 2497 in
726 2436 1007 2481 Oeconomico
1033 2436 1297 2497 Xenophon,
1330 2443 1373 2481 et
1395 2434 1550 2494 deinde
1580 2437 1752 2494 Cicero,
1785 2438 1866 2498 qui
1890 2454 1989 2482 eum

156 2517 344 2562 Latinae
369 2513 679 2561 consuetudini
699 2511 916 2568 tradidit,
946 2529 1032 2558 non
1059 2512 1287 2560 inutiliter
1318 2513 1637 2559 disseruerunt.

904 2716 1238 2748 m

461 2885 715 2958 ANNUS
755 2884 997 2949 VITAE
1045 2884 1465 2949 CICERONIS
1514 2887 1706 2952 xxm..

153 3052 320 3095 ωας.
682 3052 795 3093 Coss.
830 3051 907 3106 CN.
941 3036 1178 3104 memus
1210 3053 1374 3094 cARBo
1408 3053 1462 3093 11.
1822 3055 1989 3098 a.A.C.

191 3142 297 3188 οπο.
841 3143 886 3184 L.
921 3143 1197 3185 commus
1230 3144 1381 3184 cmm
1414 3144 1486 3184 1v.
1865 3147 1943 3191 84.

231 3272 407 3339 Sulla,
446 3271 582 3328 bello
621 3270 850 3327 feliciter
896 3279 1074 3351 gesto,
1114 3271 1480 3329 Mithridatem
1521 3273 1573 3326 in
1619 3274 1799 3330 Asiam
1839 3277 1983 3332 inve-

155 3380 306 3429 ctum
341 3391 468 3430 eum
502 3391 634 3447 pace
663 3373 908 3430 dimittit.
948 3393 987 3432 1.
1023 3392 1068 3429 e.
1092 3379 1180 3431 54.
1227 3379 1351 3430 107.

218 3473 361 3519 Livius
387 3472 499 3536 Epit.
530 3477 602 3519 82.
649 3474 780 3519 Sulla
812 3467 970 3537 copias'
989 3475 1138 3536 regis,
1182 3491 1319 3535 quae,
1364 3474 1620 3520 Macedonia
1656 3486 1893 3539 occupata,
1941 3481 1984 3522 in
