2210 3970
243 201 273 249 Οἱ

285 200 305 249 ι-ι

319 200 348 248 [ὃ

815 217 1023 253 CICERO
1073 218 1140 252 DE
1190 217 1325 252 VITA
1382 217 1483 254 SUA

314 447 513 504 XVIII.
593 454 682 504 47.
723 450 856 505 His¹
908 451 974 506 de
1014 451 1207 515 rebuS,
1266 456 1484 522 propter
1522 465 1707 503 casum
1749 449 2059 521 navigandi,

233 564 330 619 per
363 547 516 603 binos
555 549 856 639 tabellarios
891 551 987 606 lias
1026 552 1149 605 misi
1189 551 1412 605 Romam
1454 549 1662 604 litteras
1694 548 1931 620 publice:

631 699 696 753 M.
720 705 741 737 ²
781 701 1001 756 Turnus
1038 702 1103 756 M.
1141 702 1199 756 F.
1235 701 1419 756 (hemo
1454 701 1660 757 Pnocos.

1053 819 1094 855 S.
1117 819 1161 857 P.
1184 819 1231 856 n.

661 900 799 954 Coss.
843 900 1060 955 PaAn'r'r.
1105 895 1273 956 Tama.
1317 902 1404 956 Pi..
1449 901 1628 957 Saum.

230 1047 316 1101 »S.
340 1046 401 1101 V.
427 1047 486 1102 V.
510 1048 566 1102 Β.
589 1049 650 1105 Ε.
673 1049 734 1105 Ε.
759 1048 819 1118 Q.
844 1050 906 1103 V.
986 1051 1162 1118 Quum
1197 1050 1372 1122 pridie
1411 1049 1632 1106 Kalend.
1664 1049 1808 1104 Sext.
1845 1049 1900 1104 in
1940 1066 2061 1121 pro-

224 1147 458 1203 vinciam
492 1151 788 1216 venissem,
829 1136 1003 1223 neque
1029 1152 1301 1207 maturius
1339 1157 1557 1224 propter
1589 1151 1847 1205 itinerum
1882 1156 1936 1205 et
1969 1166 2060 1205 na-

222 1248 558 1320 vigationum
598 1251 971 1307 difficultatem
1007 1253 1194 1308 venire
1232 1253 1556 1326 potuissem:
1594 1253 1830 1308 maxime
1871 1266 2059 1306 conve-

225 1349 343 1405 nire
380 1349 556 1406 officio
590 1368 711 1407 meo
749 1353 936 1424 reique
979 1352 1225 1425 publicae
1263 1352 1564 1408 conducere
1600 1352 1818 1425 putavi,
1868 1365 2060 1424 parare

222 1465 314 1514 ea,
353 1468 491 1523 quae
523 1451 591 1507 ad
629 1453 929 1508 exercitum
950 1494 966 1517 ,
1012 1468 1256 1524 quaeque
1295 1451 1362 1507 ad
1406 1469 1523 1507 rem
1555 1451 1849 1506 militarem
1893 1450 2058 1523 perti-

222 1557 428 1605 nerent.
509 1551 655 1619 Quae
682 1567 852 1623 quum
885 1558 1065 1606 essent
1089 1568 1122 1606 a
1152 1568 1268 1615 me,
1307 1568 1441 1606 cura
1467 1553 1642 1622 magis
1668 1557 1724 1606 et
1747 1551 2027 1621 diligentia
2043 1592 2058 1613 ,

219 1666 382 1721 quam
414 1650 670 1706 facultate
696 1658 750 1706 et
769 1651 951 1723 copia,
985 1651 1309 1715 constituta,
1342 1650 1629 1722 nuntiique
1661 1656 1716 1705 et
1746 1649 1960 1705 litterae
1991 1649 2057 1705 de

217 1747 355 1804 bello
374 1766 406 1804 a
436 1750 652 1806 Parthis
672 1751 728 1805 in
749 1751 1085 1824 provinciam
1106 1750 1323 1825 Syriam
1347 1750 1498 1805 illato
1517 1749 1757 1823 quotidie
1770 1749 1882 1806 fere
1899 1748 2054 1805 affer·

219 1856 443 1912 rentur;
482 1850 588 1905 iter
625 1850 760 1905 mihi
795 1850 1101 1906 faciendum
1130 1868 1228 1923 per
1263 1851 1589 1924 Lycaoniam
1622 1858 1678 1906 et
1714 1867 1814 1923 per
1841 1851 2055 1906 Isauros

217 1955 271 2009 et
308 1966 406 2021 per
444 1950 833 2022 Cappadociam
872 1950 1169 2006 arbitratus
1207 1968 1364 2006 sum:
1404 1958 1522 2006 erat
1553 1951 1698 2006 enim
1737 1966 1935 2023 magna
1964 1967 2052 2006 su-

214 2049 412 2121 spicio,
465 2049 720 2115 Parthos,
773 2050 820 2104 si
871 2066 937 2104 ex
989 2050 1150 2124 Syria
1193 2050 1378 2123 egredi
1429 2058 1591 2124 atque
1636 2052 1939 2123 irrumpere
1995 2052 2051 2105 in

214 2165 392 2205 meam
437 2150 771 2223 provinciam
810 2157 1140 2206 conarentur
1158 2193 1174 2216 ,
1220 2153 1327 2208 iter
1363 2169 1455 2207 eos
1493 2167 1589 2225 per
1634 2150 2051 2228 Cappadociam,

215 2248 356 2321 quod
394 2266 459 2305 ea
496 2250 732 2305 maxime
771 2257 1015 2322 pateret,
1073 2267 1190 2307 esse
1229 2250 1485 2309 facturos.
1572 2256 1662 2308 48.
1702 2254 1892 2325 Itaque
1924 2267 2051 2308 cum

213 2350 456 2405 exercitu
506 2366 602 2422 per
640 2350 1006 2422 Cappadociae
1040 2358 1251 2424 partem
1289 2369 1409 2408 eam
1430 2395 1446 2418 ,
1503 2369 1642 2426 quae
1692 2370 1820 2410 cum
1865 2352 2051 2408 Cilicia

211 2450 495 2505 conti-nens
525 2458 609 2507 est
628 2493 645 2514 ,
684 2451 790 2505 iter
821 2451 953 2518 feci,
993 2459 1278 2525 castraque
1310 2453 1378 2508 ad
1417 2453 1690 2528 Cybistra,
1727 2453 1872 2526 quod
1903 2454 2053 2527 oppi-

213 2550 344 2607 dum
394 2556 477 2607 est
515 2549 584 2607 ad
623 2557 864 2606 montem
906 2552 1178 2617 Taurum,
1210 2552 1412 2607 locavi:
1455 2559 1518 2606 ut
1555 2553 1877 2608 Artavasdes
1898 2595 1912 2617 ,
1951 2570 2047 2609 rex

212 2652 501 2708 Armenius
520 2693 536 2716 ,
587 2668 927 2724 quocumque
966 2652 1147 2708 animo
1183 2659 1361 2718 esset,
1399 2653 1594 2719 sciret,
1646 2670 1752 2709 non
1789 2654 1976 2726 procul
2015 2671 2045 2709 a

210 2752 339 2809 suis.
365 2751 560 2807 finibus
598 2754 896 2808 exercitum
930 2754 1110 2826 populi
1151 2754 1377 2810 Romani
1417 2771 1566 2817 esse;
1605 2761 1661 2809 et
1704 2754 2013 2810 Deiotarum
2030 2798 2046 2821 ,

212 2852 584 2908 fidelissimum
618 2870 799 2926 regem
827 2861 990 2927 atque
1017 2855 1411 2910 amicissimum
1443 2854 1771 2928 reipublicae
1802 2861 2042 2922 nostrae,

209 2954 443 3013 maxime
481 2954 832 3010 coniunctum
871 2955 1122 3011 haberem
1144 2997 1158 3021 ,
1210 2956 1370 3010 cuius
1407 2962 1462 3011 et
1499 2955 1721 3011 consilio
1761 2962 1814 3011 et
1852 2956 2045 3029 opibus

208 3055 452 3112 adiuvari
483 3063 662 3128 posset
693 3056 1011 3129 respublica.
1090 3057 1205 3125 Quo
1237 3074 1405 3129 quum
1439 3058 1497 3112 in
1527 3056 1642 3112 loco
1675 3053 1853 3112 castra
1885 3056 2039 3111 habe-

207 3173 321 3210 rem
355 3157 763 3229 equitatumque
798 3158 852 3211 in
881 3157 1120 3212 Ciliciam
1156 3159 1448 3222 misissem,
1488 3163 1549 3212 ut
1582 3164 1636 3212 et
1662 3173 1814 3212 meus
1846 3155 2034 3210 adven-

209 3263 326 3321 tuS,
380 3259 446 3312 iis
486 3259 823 3324 civitatibuS,
883 3276 1019 3332 quae
1066 3260 1120 3313 in
1167 3277 1227 3314 ea
1268 3265 1418 3331 parte
1465 3265 1671 3322 essent,
1726 3259 2036 3321 nuntiatUS,

270 3489 306 3547 ¹)
342 3488 392 3533 ad
427 3493 516 3533 Ait.
546 3491 614 3533 VI.
651 3493 690 3535 1.
725 3493 806 3549 §a
845 3518 899 3525 —-
935 3494 974 3551 2)
1007 3490 1058 3536 ad
1090 3493 1207 3535 Fam.
1240 3491 1327 3534 XV.
1363 3491 1405 3533 2.
