2158 4030
567 198 620 256 ι..
645 201 683 256 1.
727 217 771 254 a.
798 200 881 255 vl.
926 201 1057 274 §13
1099 230 1173 239 —-
1212 200 1537 272 0.v.317.
1933 203 1966 254 9

771 360 822 396 0

191 474 193 476 ¹
222 452 308 509 v1.
394 458 475 509 ιδ.
519 451 621 509 Sed
645 458 660 491 ¹
689 450 819 525 quid
848 466 946 524 ego
972 450 1136 507 alios?
1167 449 1234 506 ad
1260 466 1348 507 me
1376 452 1551 525 ipsum
1581 451 1687 506 iam
1711 458 1967 506 revertar.

145 553 433 610 Goniiciam
453 559 475 592 ²
528 554 699 626 igitur
736 550 1150 608 commentarios
1189 568 1372 608 rerum
1419 567 1663 610 mearum
1709 550 1969 606 omnium.

146 652 367 709 Multam
387 658 409 693 ⁸
443 659 589 710 certe
619 669 805 709 omnes
836 667 995 709 casus
1034 653 1205 709 nostri
1238 654 1554 710 varietatem
1595 653 1649 708 in
1689 648 1972 707 scribendo

141 752 584 829 suppeditabunt,
624 754 835 828 plenam
863 752 1144 823 cuiusdam
1175 753 1489 827 voluptatis,
1528 769 1666 827 quac
1693 751 1973 808 vehemen-

144 861 230 910 ter
266 850 476 911 anim'os
522 855 799 911 hominum
844 856 900 911 in
948 854 1170 927 legendo
1216 862 1400 912 tenere
1445 856 1629 929 possit.
1708 853 1852 911 Nibil
1890 860 1973 911 est

142 953 287 1010 enim
325 954 505 1028 aptius
538 954 604 1010 ad
637 954 1045 1012 delectationem
1079 953 1322 1022 lectoris,
1365 971 1526 1030 quam
1554 962 1858 1029 temporum
1885 971 1972 1010 va-

141 1054 363 1112 rietates
390 1054 743 1129 fortunaeque
767 1054 1198 1113 vicissitudines:
1237 1073 1375 1131 quae
1400 1058 1503 1113 etsi
1531 1056 1684 1112 nobis
1714 1054 1973 1130 optabiles

144 1156 199 1211 in
233 1156 554 1230 experiendo
580 1173 684 1212 non
706 1156 951 1223 luerunt,
980 1158 1035 1213 in
1062 1156 1285 1230 legendo
1305 1164 1484 1214 tamen
1506 1165 1667 1214 crunt
1688 1156 1971 1213 iucundae.

142 1254 312 1312 Habet
352 1256 496 1312 enim
539 1256 816 1330 praeteriti
858 1254 1056 1311 doloris
1098 1272 1290 1312 secura
1330 1255 1629 1312 recordatio
1669 1256 1971 1312 delectatio·

142 1369 282 1413 nem.
361 1356 451 1412 16.
492 1355 696 1412 Ceteris
734 1371 890 1422 vero,
930 1355 1077 1413 nulla
1116 1354 1415 1430 perfunctis
1448 1357 1661 1430 propria
1702 1355 1974 1422 molestia,

139 1441 306 1515 casus
330 1463 512 1515 autem
539 1456 740 1515 alienos
765 1458 883 1514 sine
909 1456 1018 1514 ullo
1049 1456 1229 1514 dolore
1254 1457 1622 1522 intuentibus,
1661 1457 1825 1512 etiam
1861 1457 1974 1531 ipsa

95 1602 102 1610 .
141 1557 508 1615 misericordia
533 1565 616 1614 est
642 1557 895 1615 iucunda.
973 1558 1143 1627 Quem
1175 1557 1322 1614 enim
1357 1563 1600 1613 nostrum
1629 1555 1717 1613 illc
1741 1557 1977 1613 moriens

141 1658 283 1733 apud
310 1658 636 1716 Mantineam
664 1657 1061 1734 Epaminondas
1083 1676 1187 1715 non
1216 1674 1341 1715 cum
1370 1657 1602 1731 quadam
1631 1657 1978 1715 miseratione

142 1758 407 1818 delectat?
447 1762 541 1836 qui
581 1767 699 1818 tum
733 1761 966 1835 denique
997 1760 1099 1817 sibi
1128 1759 1283 1816 avelli
1313 1758 1462 1816 iubet
1493 1758 1794 1833 spiculum,
1834 1766 1977 1834 post·

44 1923 45 1937 ἶ
140 1875 365 1935 eaqnam
394 1860 444 1917 ei
468 1862 805 1935 percontanti
836 1860 1044 1918 dictum
1073 1868 1180 1928 est,
1221 1860 1470 1936 clypeum
1501 1876 1617 1916 esse
1649 1860 1885 1917 salvum:
1914 1868 1977 1917 ut

44 2005 45 2012 1
139 1962 303 2019 etiam
335 1962 391 2018 in
422 1961 663 2019 vulneris
695 1961 874 2020 dolore
907 1978 1078 2038 aequo
1103 1962 1285 2019 animo
1310 1978 1436 2019 cum
1466 1961 1624 2019 laude
1656 1969 1973 2019 moreretur.

140 2061 306 2120 Culus
343 2061 587 2121 studium
627 2065 683 2121 in
728 2063 952 2138 legendo
998 2081 1103 2120 non
1150 2071 1392 2121 erectum
1447 2063 1795 2121 Themistocli
1849 2062 1975 2136 luga

141 2161 428 2238 redituque
462 2164 736 2221 tenetur?
828 2163 1044 2221 Etenim
1095 2163 1227 2220 ordo
1279 2164 1394 2237 ipse
1448 2162 1725 2225 annalium
1776 2162 1975 2219 medio·

141 2264 310 2321 criter
346 2281 443 2321 nos
487 2265 714 2331 retinet,
754 2265 908 2338 quasi
949 2266 1355 2321 enumeratione
1388 2264 1667 2321 fastorum.
1762 2265 1833 2321 At
1868 2263 1974 2319 viri

140 2380 298 2439 saepe
323 2363 635 2422 excellentis
661 2366 927 2439 ancipites
959 2365 1204 2439 variique
1242 2380 1402 2421 casus
1436 2363 1635 2420 babent
1665 2362 1974 2420 admiratio·

44 2455 46 2458 ’
142 2479 289 2529 uem,
321 2466 799 2539 exspectationem,
826 2465 1114 2531 laetitiam,
1142 2465 1468 2531 molestiam,
1495 2481 1671 2539 spem,
1700 2465 1974 2521 timorem:

138 2564 185 2621 si
213 2579 339 2620 vero
363 2564 516 2622 exitu
542 2564 762 2621 notabili
795 2551 1511 2640 concluduntursexpletur
1537 2566 1752 2622 animus
1786 2567 1975 2622 iucun-

46 2733 47 2739 ἵ
138 2664 360 2723 dissima
398 2665 644 2723 lectionis
682 2666 973 2742 voluptate.
1058 2673 1141 2724 17.
1184 2667 1296 2725 Et*
1334 2684 1488 2733 vero,
1532 2668 1653 2743 (nec
1695 2669 1842 2724 enim
1882 2683 1971 2723 ex·

46 2824 47 2831 ¹
141 2771 296 2823 terna
334 2766 591 2825 libentius
624 2770 680 2824 in
725 2769 818 2825 tali
860 2787 948 2835 re,
989 2786 1151 2843 quam
1191 2769 1513 2834 domestica,
1555 2769 1827 2843 recordor)
1870 2776 1973 2825 ut⁸

62 2888 67 2892 ·
143 2866 361 2925 annales
393 2868 574 2942 populi
609 2870 834 2926 Romani
868 2877 923 2926 et
957 2877 1305 2926 monumenta
1339 2870 1625 2926 vetustatis
1654 2870 1973 2943 loquuntur,

47 3011 70 3043 :z
139 2967 302 3023 Caeso
333 2966 423 3024 ille
455 2968 737 3037 QuintiuS‚
776 2977 830 3027 et
863 2971 930 3026 Μ.
966 2971 1164 3026 Furius
1203 2971 1488 3035 CamilluS,
1528 2978 1583 3025 et
1615 2971 1683 3025 M.
1713 2970 1975 3027 Servilius

48 3059 54 3131 ζ’
139 3067 306 3124 Ahala
320 3110 336 3135 ,
363 3086 531 3143 quum
559 3078 737 3127 essent
758 3073 958 3145 optime
977 3071 1043 3126 dc
1064 3071 1337 3144 republica
1357 3072 1569 3136 meriti,
1591 3078 1769 3127 tamon
1791 3071 1972 3145 populi

48 3159 66 3213 ἶ).
140 3169 351 3224 incitati
384 3170 494 3226 vim
530 3171 974 3245 iracundiamque
1007 3172 1317 3228 subierunt:
1360 3172 1705 3245 damnatique
1739 3174 1974 3228 comitiis

48 3263 73 3324 ᾗ
141 3270 459 3327 centuriatis
485 3288 652 3345 quum
687 3273 742 3328 in
771 3273 1020 3329 exsilium
1048 3273 1441 3347 profugissent,
1482 3290 1672 3328 rursus
1699 3273 1764 3328 ab
1786 3274 1970 3329 eodem

206 3425 246 3485 ¹)
275 3422 330 3470 de
348 3426 518 3472 Senect.
536 3441 573 3470 c.
595 3429 667 3472 13.
688 3429 802 3486 §45.
820 3455 877 3463 —
900 3432 940 3488 ²³)
961 3428 1094 3491 Epist.
1112 3428 1165 3474 ad
1183 3426 1413 3472 Lucceium
1438 3425 1513 3486 (ad
1531 3431 1649 3473 Fam.
1672 3430 1722 3472 V.
1741 3430 1813 3472 12.
1833 3430 1858 3486 ᾗ
1878 3430 1971 3485 10.)

140 3503 180 3563 ⁵)
195 3500 304 3549 thid.
326 3503 351 3563 §
371 3506 409 3550 4.
443 3531 502 3540 -
534 3506 578 3564 4)
607 3504 660 3552 de
674 3505 758 3563 Qff.
773 3509 828 3552 11.
844 3523 879 3553 c.
900 3510 939 3553 8.
962 3509 1069 3566 526.
1105 3532 1163 3543 —-
1197 3509 1237 3566 ⁵)
1254 3522 1330 3568 pro
1344 3508 1478 3553 Domo
1493 3522 1569 3553 sua
1587 3522 1622 3551 c.
1643 3510 1714 3552 32.
1738 3507 1762 3565 §
1781 3509 1851 3551 86.
