2210 3970
755 218 958 255 ANNUS
1005 219 1049 256 υ.
1091 222 1135 255 c.
1179 206 1305 257 697.
1838 212 1939 263 691

125 346 208 400 τοῖς
245 347 398 400 πύλας
439 346 806 408 ὑποδεχομένων
844 351 1055 406 πάντων,
1107 354 1229 406 φασὶ
1268 352 1378 412 περὶ
1427 353 1512 404 τάς
1561 349 1808 406 δεξιώσεις
1855 357 1938 414 τήν

117 426 292 490 ἡμέραν
324 427 765 487 ὅλην-ἀναλῶσαι.
833 431 961 473 Recte
988 430 1206 473 Fer-ratius
1235 432 1336 491 Epp.
1371 433 1526 491 p.211.
1561 431 1757 490 »Quodsi
1783 432 1935 478 absen-

114 505 204 551 tiae
235 507 446 552 Ciceronis
483 522 648 552 menses
678 513 996 561 numerentur,
1028 505 1360 566 septemdecim,
1390 507 1425 551 si
1462 522 1559 551 vero
1586 508 1752 559 exsilii,
1788 524 1939 555 secun·

112 582 222 629 dum
255 582 506 647 Appianum
539 583 751 628 sexdecim
782 583 958 627 omnino
985 598 1071 628 esse
1099 598 1226 627 nemo
1260 599 1344 627 non
1377 583 1534 629 videt.''

189 686 275 762 (¹²)
318 687 615 752 Postridie,
656 688 746 759 qui
779 686 880 742 suit
905 687 1019 741 dies
1047 685 1176 740 Non.
1209 685 1474 758 Septemb.
1522 688 1620 762 [Ξ
1656 694 1687 744 5
1724 689 1931 762 Septhr.

111 789 218 842 697
258 791 406 843 =·9
448 787 657 860 Septhr.
693 793 760 843 57
805 805 851 842 a.
891 787 968 859 C.]
994 829 1008 851 ,
1057 787 1266 842 senatui
1298 789 1500 858 gratias
1543 790 1653 860 egit
1701 807 1762 845 ea
1807 789 1932 846 Ora-

106 888 280 952 tione,
319 905 455 961 quae
489 898 605 960 post
637 890 861 943 reditum
888 889 943 942 in
982 896 1160 943 senatu
1199 889 1458 960 inscripta
1496 896 1702 953 exstat;
1742 891 1933 947 deinde

106 987 331 1059 popule,
372 988 540 1044 altera
573 988 848 1054 Oratione,
888 1005 1023 1060 quae
1063 988 1131 1043 ad
1177 988 1401 1052 Quirites
1430 998 1548 1060 post
1587 990 1812 1045 reditum
1854 991 1932 1046 in-

108 1086 380 1142 scribitur.
416 1105 485 1144 v1.
517 1106 562 1143 c.
588 1092 638 1143 4.
674 1093 702 1142 7
728 1105 804 1159 sq.

165 1186 248 1232 nio
275 1200 433 1233 xxxix.
467 1204 504 1234 c.
534 1192 576 1234 9.
608 1193 646 1234 1.
679 1188 916 1247 Καῑῆλθὲ
954 1206 1004 1235 τε
1041 1182 1127 1235 οὖν
1162 1188 1191 1235 o‘
1220 1189 1465 1252 Κικέρων,
1501 1195 1582 1238 καὶ
1610 1194 1755 1256 χάριν
1787 1198 1845 1255 τῇ
1881 1212 1931 1241 τε

105 1264 253 1327 βουλῇ
284 1270 366 1315 καὶ
397 1267 461 1331 τῷ
486 1267 642 1332 δήμῳ,
680 1270 1024 1332 παρασχόντων
1055 1267 1188 1331 αὐτῷ
1218 1268 1313 1313 τῶν
1343 1267 1567 1327 ὑπάτων,
1603 1276 1683 1319 καὶ
1718 1274 1841 1320 κατά
1874 1275 1930 1320 τὸ

106 1345 484 1413 συνέδριονῑκαὶ
530 1349 650 1395 κατὰ
694 1348 779 1407 τήν
813 1347 1072 1406 ἐκκλησίαν
1107 1345 1237 1409 ἔγνω.
1312 1348 1454 1394 Schol.
1490 1348 1589 1395 noh.
1618 1350 1672 1395 ad
1699 1354 1819 1396 Orat.
1854 1369 1931 1413 pro

101 1424 276 1471 Plancio
303 1444 342 1488 p.
362 1429 464 1472 253.
497 1429 690 1486 (Cicero)
719 1427 819 1471 dein
838 1434 999 1488 postea
1025 1426 1264 1470 restitutus
1292 1426 1408 1470 inter
1436 1434 1602 1471 ceteros
1629 1437 1673 1473 et
1705 1430 1797 1491 ipsi
1827 1431 1927 1488 (Cn.

101 1501 309 1563 Plancio)
332 1505 508 1566 gratias
536 1505 627 1566 egit
658 1505 719 1550 iis
750 1503 1051 1559 orationibus,
1083 1519 1270 1565 quarum
1302 1501 1491 1548 alteram
1524 1506 1572 1550 in
1597 1508 1826 1565 concione,
1861 1508 1929 1554 al·

99 1587 240 1625 teram
270 1597 370 1626 vero
403 1581 559 1626 habuit
585 1583 634 1626 in
660 1589 831 1627 senatu.

130 1716 132 1719 -
175 1681 264 1757 (¹⁸)
309 1682 503 1740 Statim
543 1692 660 1756 post
712 1684 982 1740 Ciceronis
1022 1683 1258 1739 reditum
1298 1700 1467 1757 quum
1508 1694 1648 1743 esset
1685 1706 1927 1747 annonae

96 1798 309 1838 summa
346 1782 544 1839 caritas
565 1825 580 1848 ,
633 1799 801 1857 eaque
839 1801 898 1839 re
931 1783 1146 1840 Clodius
1180 1802 1343 1840 novas
1372 1787 1607 1843 excitare
1641 1799 1928 1847 conaretur

95 1882 412 1951 seditioneS,
451 1883 634 1940 Cicero
677 1886 888 1941 senatui
923 1892 1111 1941 auctor
1146 1886 1250 1941 suit
1293 1894 1353 1942 ut
1388 1905 1518 1943 cura
1551 1906 1793 1948 annonae
1832 1910 1929 1966 per

98 1985 411 2041 universum
449 1985 632 2042 orbem
663 1987 719 2041 in
741 1988 1170 2059 quinquennium
1193 1990 1624 2046 committeretur
1652 1993 1923 2067 Pompeio.

98 2087 200 2155 Qui
239 2103 406 2159 quum
437 2093 684 2160 suscepto
717 2089 927 2160 negotio
966 2106 1034 2142 xv
1069 2089 1392 2160 postulasset
1426 2090 1627 2163 legatos
1662 2100 1716 2149 et
1751 2095 1807 2150 in
1839 2095 1924 2152 his

93 2187 395 2265 principem
442 2187 770 2243 nominasset
808 2189 875 2242 M.
916 2187 1224 2244 Ciceronem
1247 2233 1263 2253 ,
1318 2190 1407 2246 hic
1447 2191 1625 2248 locum
1659 2208 1820 2252 suum
1857 2197 1923 2265 Q.

58 2358 70 2373 ι
95 2287 250 2343 fratri
292 2289 360 2363 (v.
385 2287 453 2343 ad
477 2305 524 2343 a.
554 2292 680 2343 698.
708 2288 783 2363 2.)
823 2291 1103 2346 concessit.
1144 2308 1216 2348 νε.
1259 2308 1306 2346 c.
1330 2296 1379 2346 5.
1416 2296 1450 2347 9
1483 2310 1597 2366 sqq.

152 2386 299 2432 Livius
330 2386 443 2448 Epit.
474 2390 577 2433 104.
613 2389 687 2433 Cn.
716 2389 926 2451 Pompeio
945 2406 1031 2451 per
1056 2389 1407 2451 quinquennium
1431 2409 1630 2438 annonae
1659 2410 1769 2440 cura
1798 2413 1920 2443 man-

30 2499 31 2505 ,
91 2464 201 2511 data
223 2472 304 2511 est.
377 2468 529 2511 Ancon.
563 2465 610 2508 in
642 2464 788 2510 Milon.
823 2483 864 2527 p.
892 2468 966 2512 48.
997 2469 1048 2512 1..
1081 2469 1301 2514 Caecilius
1331 2469 1487 2529 Rufus
1519 2495 1580 2505 —
1602 2471 1712 2531 suit
1734 2481 1921 2534 praetor

30 2599 36 2606 ι
89 2546 142 2591 Ρ.
160 2543 347 2591 Lentulo
363 2542 635 2606 ”Spinther-e,
674 2542 723 2601 Q.
743 2543 922 2588 Metello
939 2546 1102 2605 Nepote
1133 2563 1263 2605 cosa,
1294 2564 1381 2609 quo
1413 2563 1528 2592 anno
1554 2549 1702 2594 Cicero
1732 2553 1917 2596 restitu-

90 2633 167 2671 tus
197 2632 278 2671 est.
359 2625 410 2668 Is
441 2639 577 2684 quum
598 2620 779 2681 faceret
812 2621 940 2666 ludos
972 2623 1278 2684 Apollinares,
1321 2626 1390 2670 ita
1420 2625 1583 2687 infima
1611 2636 1764 2674 coacta
1800 2630 1915 2674 mul·

93 2703 240 2749 titudo
281 2719 478 2748 annonae
524 2702 714 2747 caritate
761 2700 1039 2745 tumultuata
1092 2710 1189 2760 est,
1233 2712 1285 2747 ut
1316 2719 1494 2760 omnes,
1533 2705 1614 2765 qui
1655 2707 1704 2750 in
1739 2706 1914 2752 theatro

90 2781 319 2844 spectandi
349 2796 510 2825 caussa
539 2778 849 2834 consederant,
889 2778 1171 2839 pellerentur.
1237 2781 1318 2824 Cic.
1354 2798 1429 2842 pro
1462 2785 1596 2826 Domo
1627 2798 1705 2829 sua
1734 2801 1770 2830 c.
1789 2790 1833 2831 3.
1868 2791 1910 2832 6.

89 2863 190 2923 Ego
221 2876 320 2905 vero
355 2875 495 2920 neque
521 2857 620 2902 veni
651 2863 695 2900 et
721 2855 846 2899 domo
872 2872 940 2899 me
972 2858 1118 2911 tenui,
1163 2856 1376 2917 quamdiu
1407 2858 1710 2904 turbulentum
1737 2870 1912 2924 tempus

79 2941 213 3001 fuit:
246 2955 379 3000 quum
406 2952 553 2982 servos
579 2942 681 2980 taos
707 2934 768 2978 ad
788 2935 1017 2995 rapinam,
1051 2934 1111 2978 ad
1136 2934 1342 2979 bonorum
1369 2935 1543 2982 caedem
1558 2948 1777 3000 paratos,
1809 2960 1910 2988 cum

87 3018 174 3064 illa
206 3025 286 3063 tua
324 3015 715 3061 consceleratorum
746 3029 798 3057 ac
824 3012 1103 3074 perditorum
1135 3030 1268 3057 manu
1303 3023 1498 3060 armatos
1529 3019 1664 3062 etiam
1694 3021 1742 3063 in
1778 3022 1909 3081 Capi·

42 3114 46 3119 ·
87 3096 246 3142 talium
273 3103 415 3140 tecum
435 3095 605 3139 venisse
627 3092 868 3137 constabat.
937 3090 1065 3149 Quod
1089 3109 1223 3152 quum
1247 3092 1360 3136 mihi
1380 3095 1686 3152 nuntiaretur,
1720 3098 1812 3142 scio
1839 3116 1909 3144 me

90 3174 207 3219 domi
248 3172 464 3216 mansisse
496 3179 539 3215 et
577 3170 660 3215 tibi
703 3177 745 3213 et
773 3169 1102 3231 gladiatoribus
1135 3171 1228 3214 tuis
1258 3171 1576 3217 instaurandae
1606 3175 1755 3219 caedis
1777 3186 1906 3237 pote·

88 3258 249 3297 statem
272 3268 357 3295 non
366 3249 552 3309 fecisse.
602 3251 899 3309 Posteaquam
915 3248 1027 3292 milti
1047 3249 1302 3292 nuntiatum
1319 3256 1411 3306 est,
1431 3251 1651 3312 populum
1664 3254 1908 3301 Romanum

88 3331 138 3376 in
177 3329 444 3391 Capitolium
478 3335 663 3389 propter
695 3332 858 3370 metum
889 3334 1022 3387 atque
1053 3326 1251 3386 inopiam
1283 3327 1348 3370 rei
1380 3326 1715 3385 frumentariae
1755 3350 1905 3379 conve-

88 3407 208 3452 nisse
226 3428 243 3462 ‚·
281 3407 510 3451 ministros
555 3413 703 3450 autem
740 3405 952 3449 scelerum
990 3412 1166 3447 tuorum
1191 3405 1488 3464 perterritos,
1516 3410 1690 3468 partim
1722 3416 1905 3458 amissis

85 3483 255 3546 gladiis
271 3517 284 3542 ‚
310 3486 481 3546 partim
507 3485 695 3545 ereptis,
727 3482 965 3546 diffugisse
978 3504 994 3536 ;
1026 3483 1123 3528 veni
1149 3499 1234 3528 non
1260 3483 1403 3529 solam
1430 3486 1526 3530 sine
1553 3487 1663 3532 ullis
1686 3492 1827 3551 copiis
1853 3509 1906 3538 ac

1459 3563 1564 3611 55*
