2210 3970
305 215 415 267 846
811 227 1637 267 LsscAtrio—-chrmlus

374 368 587 420 Legatio
628 365 680 405 ad
713 365 943 406 Antonium
977 366 1102 405 missa
1136 378 1178 418 p.
1201 365 1321 415 800,
1355 344 1637 406 intolerabilia
1660 368 1869 420 postulata
1887 372 2014 411 refert
2034 373 2141 414 802.

304 433 446 474 Altera
479 433 633 485 legatio
662 431 713 471 ad
747 431 979 470 Antonium
998 460 1009 481 ,
1043 444 1170 483 quam
1205 431 1286 470 sibi
1319 431 1554 471 mandatam
1582 432 1724 473 Cicero
1752 433 2003 487 deprecatur
2033 440 2141 480 809.
2164 455 2172 462 ·

367 500 420 539 (18
454 497 834 551 Legationibus
883 497 1028 537 liberis
1067 498 1204 549 legem
1238 498 1320 537 sert
1359 497 1503 538 Cicero
1532 498 1650 539 -610,
1700 500 1955 552 legationem
1987 516 2011 542 a
2045 504 2141 544 Cae-

303 578 394 606 sare
435 565 515 604 sibi
559 565 739 603 oblatam
769 568 1018 617 aspernatur
1057 563 1165 603 661.
1201 564 1423 616 legationis
1459 564 1615 604 liberae
1647 565 1714 605 ius
1749 566 1877 607 habet
1922 581 1998 621 per
2025 569 2143 610 Dola-

300 631 457 671 bellam
491 629 600 673 787.
624 659 626 661 -
1224 679 1229 681 μ
1576 683 1580 686 ,

314 730 317 733 ,
367 699 553 750 Leges:
589 698 671 736 Lex
701 696 935 750 Appuleia,
967 697 1127 748 agraria
1165 697 1271 737 525.
1322 695 1514 751 Aurelia,
1547 697 1765 738 iudiciaria
1802 700 1911 740 584.
1959 700 2136 743 Caecilia

300 764 443 815 Didia,
478 764 532 804 de
563 763 876 816 promulgandis
911 763 1076 815 legibus
1116 762 1222 804 531.
1258 763 1481 816 Calpurnia
1501 792 1513 815 ,
1547 763 1600 804 de
1629 764 1790 804 ambitu
1825 766 1934 805 604.
1971 767 2137 820 Clodia,

298 830 538 872 armoniam
575 830 684 870 665.
719 830 772 869 de
805 827 1003 882 auspiciis
1043 829 1150 869 665.
1187 829 1239 869 (18
1274 829 1464 881 collegiis
1497 829 1605 869 666.
1650 830 1703 870 de
1737 833 1930 872 censoria
1964 835 2137 875 notione

299 897 410 937 666.
457 897 509 936 de
554 896 781 950 provinciis
827 896 1073 934 nominatim
1107 895 1255 934 dandis
1294 894 1403 934 666.
1445 894 1500 934 de
1545 895 1735 948 pernicie
1775 897 1988 938 Ciceronis
2026 899 2117 942 667
2123 931 2135 942 .
2202 901 2207 941 ῗ

297 963 351 1002 de
384 963 620 1002 Ptolemaeo
639 989 652 1012 ‚
686 974 786 1014 rege
819 961 944 1014 Cypri
979 959 1087 1002 673.
1134 961 1187 1000 de
1221 960 1436 1001 exsulibus
1486 961 1724 1013 Byzantinis
1756 962 1866 1005 675.
1918 964 1971 1004 (18
2004 966 2140 1006 Pessi·-

298 1030 452 1069 nuntio
483 1029 623 1068 Matris
657 1029 826 1080 Magnae
861 1027 1076 1067 sacerdote
1115 1026 1223 1069 675.
1270 1026 1486 1077 Cornelia,
1520 1027 1574 1067 de
1605 1027 1773 1069 iudiciis
1813 1029 1921 1070 564.
1955 1031 2009 1071 (18
2042 1043 2136 1085 pro-
2204 1060 2207 1068 .

295 1096 527 1149 scriptione
574 1094 682 1136 562.
727 1094 836 1134 612.
881 1093 1102 1144 Cornelia',
1153 1093 1205 1133 de
1247 1093 1514 1138 restituendo
1557 1093 1757 1135 Cicerone
1806 1095 1915 1137 683.
1964 1096 2132 1150 Flavia,

294 1163 456 1215 agraria
494 1161 602 1202 656.
647 1160 790 1211 Fufia,
834 1160 886 1200 de
922 1159 1134 1200 iudicibus
1177 1163 1290 1199 sorte
1331 1159 1538 1199 ducendis
1577 1160 1688 1202 651.
1735 1162 1869 1202 Gellia
1914 1163 2103 1205 Cornelia
2122 1194 2137 1213 ‚
2184 1163 2210 1191 Γ

296 1229 349 1268 (18
395 1227 571 1268 civitate
605 1229 713 1267 583.
752 1225 861 1268 700.
913 1226 1052 1276 Iulia,
1098 1226 1150 1266 de
1195 1225 1446 1279 repetundis
1482 1225 1737 1270 660.-725.
1779 1229 1900 1270 1111118
1942 1231 2134 1283 Licinia,
2198 1221 2204 1238 ⁸

296 1295 350 1335 de
396 1295 560 1347 legibus
605 1294 788 1333 serendis
836 1293 944 1333 648.
995 1293 1152 1333 Licinia
1170 1321 1182 1343 ,
1228 1292 1281 1332 de
1332 1292 1536 1333 sodalitiis
1575 1292 1684 1336 702.
1729 1294 1843 1335 Livia
1861 1324 1874 1347 ,
1919 1296 2135 1339 iudiciaria

300 1362 409 1402 ⁵88.
442 1361 633 1412 Manilia,
667 1360 719 1399 de
746 1360 862 1399 bello
888 1359 1168 1399 Mithridatico
1190 1359 1298 1399 595.
1332 1359 1553 1413 Pompeia,
1587 1360 1805 1401 iudiciaria
1826 1360 1934 1405 716.
1967 1363 2132 1404 (1811118
2204 1359 2207 1382 ³

295 1429 615 1481 magistratuum
647 1425 756 1468 719.
798 1427 946 1466 Roscia
965 1453 977 1473 ‚
1020 1426 1238 1466 theatralis
1279 1425 1386 1466 594.
1426 1425 1535 1467 611.
1594 1427 1837 1481 Sempronia
1855 1457 1869 1475 ‚
1918 1430 2135 1471 iudiciaria
2208 1440 2210 1445 ·

299 1495 408 1535 518.
445 1494 645 1545 Servilia,
680 1493 895 1532 iudiciaria
932 1493 1040 1534 518.
1083 1492 1256 1532 Servilia
1290 1481 1476 1549 (Rulli),
1497 1494 1658 1546 agraria
1693 1495 1803 1535 609.
1839 1496 2049 1549 Sulpicia,
2082 1497 2135 1537 de

288 1560 509 1601 exsulibus
544 1560 796 1600 reducendis
828 1557 936 1601 547.
983 1559 1119 1610 Titia,
1153 1559 1315 1611 agraria
1345 1559 1454 1599 580.
1502 1559 1662 1611 Tullia,
1696 1561 1748 1601 de
1782 1561 1928 1602 liberis
1961 1563 2134 1615 legatio-

294 1627 421 1667 nibus
459 1627 566 1668 616.
602 1627 654 1666 ae
688 1626 845 1666 ambitu
884 1625 992 1666 613.
1039 1625 1229 1677 Valeria,
1258 1626 1318 1665 de
1348 1625 1463 1666 sana
1495 1589 1701 1668 motato’ro
1733 1628 1842 1669 568
1893 1629 2048 1710 varia.
2081 1630 2135 1670 de
2207 1619 2210 1646 ³

294 1695 510 1735 maiestate
544 1695 651 1734 542.
695 1693 891 1740 Vatinia,
928 1692 980 1732 de
1008 1692 1186 1746 imperio
1220 1692 1263 1733 C.
1290 1692 1475 1732 Caesaris
1499 1692 1616 1734 660.

359 1761 412 1801 (18
446 1760 672 1813 Legibus
709 1759 856 1799 scribit
888 1759 1030 1799 Cicero
1067 1758 1588 1801 721..
1912 1791 1914 1793 .

360 1827 620 1879 Legiones
663 1825 948 1866 Macedonicas
992 1826 1174 1878 pecunia
1207 1825 1288 1864 sibi
1321 1825 1547 1865 conciliare
1581 1825 1726 1866 studet
1770 1826 1982 1868 Antonius
2021 1826 2130 1871 792.

292 1906 317 1933 8
352 1893 507 1946 quibus
537 1893 646 1946 legio
680 1893 822 1932 Martia
849 1896 894 1931 et
922 1893 1076 1945 Quarta
1095 1921 1106 1942 ‚
1141 1891 1291 1931 relicto
1324 1890 1536 1942 Antonio=3
1567 1892 1624 1932 ad.
1655 1893 1872 1934 Octavium
1909 1898 2132 1936 transeunt

296 1959 404 2002 796.
440 1973 524 2012 qua
557 1960 609 1999 de
644 1972 689 2000 re
723 1959 865 1998 Cicero
899 1971 969 1997 eas
1004 1958 1232 1998 laudandas
1266 1970 1360 1998 esse
1396 1962 1544 1998 censet
1575 1956 1686 2000 797.
1752 1956 1758 1959 ’

359 2025 619 2066 Lentulus
654 2037 693 2065 v,
728 2024 962 2064 Cornelius.

358 2092 585 2146 Lepidus
621 2104 662 2132 v.
695 2091 912 2132 Aemilius.

358 2160 710 2212 Leucopetra,
743 2157 1078 2212 promontorium
1101 2157 1192 2210 agri
1218 2156 1398 2210 Rhegini
1436 2155 1545 2200 789.

354 2226 619 2266 Liberalia
651 2224 760 2267 728.
798 2222 907 2267 779.

355 2292 645 2332 Libertatis
681 2291 839 2345 templo
873 2294 1146 2330 consecratur
1178 2302 1274 2330 area
1302 2289 1450 2330 domus
1484 2290 1696 2331 Ciceronls
1730 2290 1787 2333 67
1797 2293 1840 2332 2.

354 2358 403 2399 Α.
439 2359 681 2399 Licinius
725 2357 899 2397 Archias
941 2357 1061 2397 venit
1091 2356 1262 2396 Romam
1301 2357 1409 2397 522.
1457 2357 1719 2398 carminibus
1746 2358 1932 2399 celebrat
1964 2357 2125 2401 bellum

283 2417 539 2466 Cimbricum
571 2430 617 2466 et
649 2424 975 2464 Mithridaticum
1013 2423 1121 2464 522.
1149 2422 1281 2463 'docet
1313 2422 1558 2464 Ciceronem
1593 2424 1701 2465 522.
1736 2425 1979 2467 defenditur
2006 2441 2030 2467 a
2065 2427 2135 2467 ci-

286 2505 440 2533 cerone
473 2491 582 2534 647.

324 2559 402 2598 .1>.
436 2558 677 2598 Licinius
721 2557 926 2606 cussus,
957 2555 1104 2595 aedilis
1141 2555 1250 2595 518.
1303 2553 1660 2608 consulatumaea.
1701 2546 1815 2614 667)
1865 2560 1977 2612 gerit
2014 2562 2122 2602 633.

286 2624 456 2665 (1011111111
490 2625 534 2664 111
564 2623 719 2664 Palatio
753 2622 899 2662 vendit
930 2621 1120 2661 Ciceroni
1151 2620 1259 2662 646.
2112 2660 2115 2663 ,

354 2692 399 2732 L.
436 2691 674 2731 Licinius
720 2690 892 2728 Crassus
928 2679 1127 2743 (orator),
1173 2687 1322 2727 suadet
1355 2687 1491 2740 legem
1525 2679 1739 2730 Serviliam
1778 2689 1885 2731 518.
1932 2692 2124 2745 fungitur
2198 2736 2200 2746 Ι

283 2757 497 2798 aedilitate
535 2755 880 2798 5206616868
921 2754 968 2794 c,
997 2753 1258 2794 Aculeonem
1295 2755 1406 2795 sas.
1457 2755 1724 2796 consulatum
1771 2745 1970 2814 (1.669)
2001 2760 2124 2812 gerit

289 2825 398 2865 534.
443 2824 568 2864 floret
600 2824 645 2863 in
680 2823 770 2862 soro
809 2821 916 2862 534.
962 2821 1116 2860 acriter
1157 2821 1374 2860 invehitur
1406 2820 1450 2860 in
1484 2821 1683 2862 Marcium
1718 2822 1989 2877 Philippum,
2025 2836 2124 2866 con-

284 2891 451 2939 sulem,
485 2890 770 2931 adversarium
802 2887 1067 2942 optimatium
1099 2888 1207 2928 538.
1253 2887 1431 2928 moritur
1469 2889 1577 2929 589.
2171 2939 2173 2942 Ι
2197 2929 2201 2933 p

211 3006 214 3009 .
348 2958 401 2999 Μ.
436 2957 674 2998 Licinius
719 2956 922 3006 Crassus,
969 2967 1056 2994 cos.
1105 2942 1160 3010 (8.
1190 2943 1302 3010 684)
1339 2954 1448 2995 584.
1494 2955 1759 2995 ornatissime
1810 2956 1862 2996 de
1909 2957 2121 3000 Ciceronis
2171 2994 2186 3012 f

280 3025 506 3064 consulatu
539 3024 729 3076 loquitur
750 3021 857 3062 641.
894 3021 1059 3061 adiutor
1092 3025 1159 3060 est
1191 3020 1364 3060 Clodio
1351 3034 1397 3060 in
1422 3021 1629 3062 eiiciendo
1657 3019 1856 3063 Cinci-one
1878 3023 1986 3064 664.
2010 3025 2118 3066 669.

280 3091 470 3131 defendit
497 3090 541 3132 P.
571 3090 755 3130 Sextium
793 3087 901 3129 696.
935 3087 1037 3128 item
1070 3087 1121 3126 m.
1159 3087 1344 3127 Caelium
1381 3086 1492 3129 699.
1525 3092 1571 3128 et
1602 3089 1650 3129 L.
1678 3089 1919 3131 Cornelium
1946 3090 2120 3132 Balbum
2171 3100 2179 3122 ’τ

285 3155 394 3199 700.
435 3157 636 3198 Alterum
672 3156 939 3197 consulatum
985 3143 1040 3211 (a.
1075 3147 1184 3203 699)
1219 3154 1329 3206 gerit
1356 3152 1471 3196 702.
1511 3154 1595 3194 sert
1634 3155 1770 3208 legem
1816 3156 1869 3196 (18
1913 3157 2118 3199 sodalitiis
2159 3153 2179 3207 ‘5¹'

283 3223 391 3266 702.
427 3224 708 3278 proficiscitur
743 3223 787 3262 in
823 3221 979 3274 Syriam
1012 3219 1120 3263 704.
1158 3225 1309 3261 coenat
1337 3221 1450 3274 apud
1484 3221 1728 3262 Ciceronem
1762 3222 1808 3262 in
1835 3223 1970 3264 hortis
2002 3225 2120 3264 Cras·
2165 3214 2190 3269 ξ’

279 3290 434 3343 sipedis
468 3289 576 3333 705.
625 3289 759 3330 Crassi
801 3287 988 3328 absentis
1030 3287 1277 3339 dignitatem
1322 3287 1368 3327 in
1410 3291 1560 3336 senatu
1596 3288 1786 3329 defendit
1827 3290 1970 3331 Cicero
2008 3289 2117 3332 706.
2162 3275 2186 3340 F

279 3361 395 3396 trans
429 3346 684 3411 Euphratem
719 3366 967 3408 progressus
997 3354 1108 3408 perit
1140 3352 1248 3395 712.
2160 3342 2178 3370 '⁴'

347 3424 390 3462 P.
426 3424 664 3463 Licinius
711 3422 883 3462 Crassus
917 3421 966 3460 Μ.
999 3422 1041 3462 F.
1077 3421 1241 3473 legatus
1281 3421 1467 3461 Caesaris
1514 3423 1558 3463 in
1593 3422 1725 3464 Gallia
1764 3421 1870 3464 701.
1918 3424 1962 3462 111
1996 3437 2118 3478 expe·
2174 3431 2175 3434 ’

276 3489 436 3530 ditione
470 3491 670 3530 adversus
706 3488 878 3529 Parthos
909 3498 1005 3527 cum
1042 3491 1159 3540 patre
1195 3488 1304 3540 perit
1338 3486 1454 3548 712„
