2210 3970
716 229 919 268 Annus
959 230 1006 267 u.
1046 228 1094 265 c.
1142 213 1458 267 658—660.
1897 214 2008 265 535

174 340 522 435 -ginti‘annos
564 365 748 425 natus,
792 377 879 414 vn.
918 376 964 413 o.
997 362 1084 414 55.
1129 359 1218 412 95.
1273 360 1433 411 αδδ.
1480 360 1602 412 101.
1651 370 1813 427 quem
1858 371 2008 409 sum-

182 465 329 519 mum
354 442 462 518 *sui
503 460 759 537 temporis
797 459 1061 515 oratorem
1099 456 1283 514 Cicero
1334 457 1448 534 (qui
1487 461 1606 511 octo
1645 456 1801 511 annis
1833 455 2010 509 minor

181 571 328 630 erat,
375 582 411 619 ι.
442 580 508 635 ρ.
536 550 624 617 51.
661 560 772 634 99.)
816 562 873 615 in
913 559 1099 616 multis
1138 559 1343 615 caussis
1384 558 1572 613 habuit
1616 556 2012 617 adversarium;

186 683 240 720 11.
276 682 322 720 c.
361 668 446 720 15.
486 667 574 717 40.
616 679 662 717 o.
696 664 783 716 25.
825 664 913 716 68.
955 679 1006 719 o.
1033 665 1132 717 51.
1172 664 1262 716 84.
1317 677 1386 714 iv.
1417 677 1473 714 o.
1510 663 1562 714 8.
1604 662 1689 714 18.
1729 656 2015 729 aliquando

185 765 347 819 eti-am
395 760 717 818 defensionis
768 762 1002 824 socium:
1060 778 1136 816 111.
1173 778 1219 815 c.
1256 764 1307 815 8.
1351 763 1439 815 25.
1487 777 1557 815 iv.
1598 775 1645 813 e.
1685 763 1772 814 17.
1814 761 1902 813 44.
1945 774 2013 812 vi.

186 880 233 920 c.
261 862 347 921 18.
391 865 479 918 44.

184 1022 186 1025 ι
214 963 326 1025 nic.
358 962 411 1008 de
442 966 562 1010 Orat.
596 976 669 1010 ιιι.
700 979 736 1008 c.
763 966 836 1009 61.
870 966 973 1008 228.
1052 965 1123 1009 Me
1163 961 1372 1023 quidem,
1415 962 1567 1022 inquit
1615 959 1834 1016 Catulus,
1878 959 2018 1005 istius

181 1041 397 1103 sermonis
427 1041 697 1103 participem
719 1040 910 1100 factum
939 1055 1034 1086 esse
1060 1039 1264 1103 gaudeo:
1302 1056 1355 1085 ac
1388 1038 1575 1096 vellem,
1614 1054 1739 1084 meus
1764 1054 1926 1100 gener,
1957 1062 2017 1072 ——

184 1118 482 1178 Hortensius,
530 1118 745 1180 affuisset
761 1140 779 1173 ,·
816 1135 946 1180 quem
978 1118 1156 1178 quidem
1189 1135 1268 1181 ego
1297 1117 1473 1179 confido
1505 1116 1706 1162 omnibus
1734 1116 1842 1161 istis
1873 1114 2019 1161 laudi-

185 1195 296 1260 bus„
341 1205 539 1259 quattu
570 1198 785 1257 (crassus)
817 1198 1017 1242 oratione
1052 1196 1305 1258 complexus
1337 1211 1415 1252 es,
1461 1194 1747 1240 excellentem
1767 1193 1891 1253 fore.
1953 1194 2021 1240 Et

189 1275 413 1338 Crassus,
430 1307 435 1334 ss
450 1276 560 1320 Fore
586 1274 739 1320 dicis?
767 1274 942 1334 inquit:
975 1289 1053 1334 ego
1078 1290 1182 1319 vera
1203 1290 1299 1320 esse
1322 1271 1590 1319 iamiudico
1613 1280 1657 1317 et
1677 1280 1774 1317 tum
1797 1272 2020 1329 iudicavi,

183 1351 347 1415 quum,
378 1369 447 1413 me
472 1353 671 1408 consule,
703 1352 754 1397 in
782 1358 942 1396 senatu
973 1366 1177 1396 caussam
1203 1350 1408 1410 defendit
1432 1349 1631 1408 Africae.
1665 1376 1725 1386 -
1757 1350 1885 1395 Nihil
1905 1352 2021 1395 enim

183 1432 268 1490 isti
297 1420 566 1487 adolescenti
590 1446 730 1491 neque
755 1446 784 1474 a
813 1437 979 1475 natura
1009 1445 1149 1489 neque
1171 1446 1200 1473 a
1231 1428 1433 1475 doctrina
1464 1426 1613 1486 deesse
1643 1428 1799 1473 sentio.
1836 1453 1892 1462 —
1926 1430 2022 1473 Non

183 1510 301 1559 enim
330 1509 412 1556 ille
442 1508 677 1556 mediocris
701 1514 851 1553 orator
880 1533 940 1542 —-
972 1506 1054 1551 sed
1083 1513 1126 1552 et
1148 1506 1325 1567 ingenio
1343 1505 1526 1568 peracri
1551 1513 1596 1550 et
1621 1504 1773 1551 studio
1788 1506 2022 1568 flagranti

85 1610 92 1626 ι
183 1595 229 1633 et
259 1586 462 1632 doctrina
494 1586 660 1632 eximia
691 1592 736 1632 et
766 1585 976 1631 memoria
1006 1583 1245 1647 singulari.
1307 1586 1440 1647 Nepos
1473 1589 1566 1630 Ait.
1597 1600 1636 1630 o.
1654 1589 1697 1631 ⁵.
1725 1588 1769 1631 4.
1801 1586 2022 1646 (Atticus)

183 1666 394 1712 utebatur
421 1665 577 1711 intime
611 1664 662 1724 Q.
695 1662 957 1722 Hortensio,
989 1663 1073 1724 qui
1105 1663 1176 1708 lu’s
1200 1662 1471 1725 temporibus
1485 1663 1796 1725 principatum
1819 1664 2021 1726 eloquen-

186 1743 279 1791 tiae
309 1742 506 1799 tenebat,
554 1750 608 1789 ut
638 1740 838 1803 intelligi
866 1757 952 1787 non
976 1748 1164 1802 posset,
1206 1749 1308 1786 uter
1334 1757 1432 1786 eum
1457 1740 1568 1803 plus
1598 1739 1838 1803 diligeret,
1875 1743 2023 1787 Gicero

185 1837 245 1867 an
283 1821 580 1888 Hortensium·
621 1827 665 1865 et
694 1818 774 1877 id,
820 1819 941 1883 quod
969 1826 1066 1863 erat
1096 1817 1450 1881 difficillimum,
1493 1819 1746 1883 efficiebat,
1784 1827 1865 1877 ut,
1907 1821 2025 1866 iuter

183 1885 296 1962 φιλῶ
319 1889 483 1944 tantae
501 1897 652 1944 laudis
667 1901 792 1943 esset
813 1896 1077 1953 aemulatio,
1108 1895 1237 1942 nulla
1260 1896 1546 1943 intercederet
1569 1895 1856 1954 obtrectatio,
1889 1905 2025 1942 esset·

180 1988 272 2037 que
302 1975 470 2021 talium
489 1976 688 2022 virorum
702 1964 874 2037 copula.
916 1964 1109 2034 Quintil.
1125 1987 1190 2021 ιι.
1222 1990 1259 2021 c.
1278 1980 1321 2021 3.
1356 1978 1397 2021 8.
1432 1976 1703 2037 (Hortensii)
1726 1976 1903 2038 scripta
1925 1984 2023 2022 tan-

188 2062 284 2100 tum
315 2055 438 2100 intra
458 2053 643 2112 faniam
668 2060 802 2114 sunt,
836 2068 927 2114 qua
958 2051 1038 2097 diu
1062 2053 1277 2115 princeps
1308 2061 1569 2109 oratorum,
1601 2054 1845 2116 aliquando
1875 2071 2023 2102 aem·

190 2132 264 2178 lus
313 2132 534 2202 Ciceronis
564 2130 851 2178 existimatus
883 2137 981 2185 est,
1021 2131 1280 2187 novissime,
1331 2131 1480 2193 quoad
1506 2134 1654 2189 vis-it,
1687 2133 1938 2179 secundus:
1970 2141 2023 2178 ut

187 2191 440 2278 appareat,
465 2199 696 2272 placuisse
735 2208 916 2274 aliquid
944 2224 992 2253 eo
1029 2207 1230 2265 dicente,
1270 2209 1390 2271 quod
1420 2209 1612 2279 legentes
1641 2228 1728 2257 non
1761 2212 2024 2259 invenimus.

188 2287 274 2348 cic.
301 2289 420 2334 Orat.
442 2303 480 2345 o.
480 2290 571 2334 ’.38
606 2291 708 2333 132.
751 2288 938 2334 Dicebat
968 2287 1155 2349 melius,
1187 2304 1320 2349 quam
1344 2288 1555 2349 scripsit,
1589 2291 1867 2337 Hortensius.
1904 2289 2023 2336 Conf.

135 2423 139 2429 .
189 2356 341 2430 Meyer.
386 2369 506 2413 Orat.
541 2369 666 2412 Rom.
706 2370 876 2428 Fragm.
910 2379 1015 2411 va.
1050 2369 1091 2411 1.
1135 2383 1176 2427 p.
1206 2369 1310 2411 365.
1363 2369 1405 2410 1..
1430 2368 1472 2410 C.
1502 2370 1666 2425 Luzac,
1697 2368 1882 2430 specim.
1914 2369 2023 2414 nist.

188 2444 338 2491 Iurid.
354 2444 407 2489 de
443 2444 494 2503 Q.
520 2430 756 2489 Hortensio
772 2451 982 2500 oratore,
1024 2444 1246 2488 Ciceronis
1271 2443 1457 2489 aemulo.
1502 2445 1639 2508 Lugd.
1670 2449 1765 2492 nat.
1802 2449 1934 2492 1810.
1963 2450 2022 2493 8⁰.

188 2527 222 2568 1.
250 2525 299 2567 G.
328 2506 483 2579 Limen
508 2529 563 2567 et
584 2525 634 2567 G.
661 2523 730 2566 W.
756 2520 806 2565 af
821 2519 1036 2578 GadoHn,
1080 2521 1186 2567 Diss.
1220 2520 1274 2566 de
1307 2523 1540 2568 Hortensio
1565 2532 1769 2583 oratore,
1805 2525 2027 2571 Ciceronis

185 2583 373 2670 aernulo.
424 2598 566 2646 Abone
585 2601 717 2646 1822.
752 2602 811 2644 4.

503 2895 760 2952 ANNUS
813 2895 1056 2973 VITAE
1106 2894 1525 2953 CICERONIS
1574 2899 1715 2955 XIII.

187 3063 225 3093 a.
245 3049 292 3092 U.
311 3051 354 3092 C.
673 3054 785 3095 Coss.
821 3054 863 3094 C.
900 3053 1110 3094 CAELIUS
1143 3054 1349 3097 CALDUS.
1860 3072 1899 3099 a.
1916 3060 1964 3100 A.
1983 3062 2026 3102 C.

227 3141 1142 3188 660.L.1)0M1T11]s
1175 3148 1550 3189 AIIENOBARBUS.
1909 3151 1985 3207 94.

271 3270 334 3347 (¹)
376 3271 445 3331 Ο.
468 3272 705 3337 Caelius,
744 3273 901 3329 homo
944 3292 1138 3342 novUS,
1178 3295 1284 3333 non
1324 3276 1685 3333 mediocribus
1725 3278 2026 3334 inimicitiis

192 3389 254 3427 ac
292 3346 563 3429 laboribus
603 3375 906 3441 contendit,
959 3384 1020 3432 ut
1055 3377 1122 3434 ad
1159 3396 1397 3435 summos
1437 3378 1663 3435 honores
1702 3382 2021 3452 perveniret.

192 3491 226 3526 1.
268 3490 313 3527 c.
343 3478 426 3530 15.
470 3480 558 3531 57.
