2210 3970
250 235 357 287 584
708 243 1038 282 ANNALes
1093 243 1603 282 mennonium.

304 379 365 421 De
395 390 537 431 anno,
570 388 657 436 quo
683 371 787 417 haee
811 372 948 418 oratio
974 372 1122 418 habita
1147 372 1231 429 sit,
1264 373 1326 418 ita
1358 372 1556 433 disputat
1580 370 1654 416 Ph.
1684 370 1761 415 Ed.
1789 371 1992 417 Huschke
2020 372 2069 417 in

243 455 439 501 Analect.
469 453 574 497 Litt.
601 467 642 512 p.
661 452 720 494 92
742 465 846 512 sqq.
878 467 905 493 >›
918 454 1023 505 Iam·
1038 449 1074 494 si
1104 448 1208 494 adeo
1239 457 1412 494 eertum
1439 449 1633 511 aliquem
1661 464 1828 494 annum
1861 451 2068 495 extricare

243 532 447 576 volumus
463 562 477 586 ‚
520 528 702 574 unicum
734 528 998 590 praesidium
1026 526 1147 572 nobis
1179 526 1429 589 suppeditat
1465 524 1670 587 praetoris
1699 527 1792 571 eius
1821 528 1950 583 anni,
1982 543 2070 590 quo

243 609 348 654 haec
368 623 516 652 caussa
538 615 635 653 acta
655 615 744 663 est,
768 606 930 651 Metelli
956 605 1052 650 dico
1064 638 1078 662 ,
1108 605 1272 650 mentio
1294 607 1318 663 §
1337 606 1396 648 39
1415 603 1548 648 huius
1567 604 1770 648 orationis
1789 603 1915 649 facta.
1932 632 1993 638 —
2010 631 2070 640 -

242 685 454 743 Lucium,
486 684 705 730 Numidici
731 684 932 741 fratrem,
964 692 1215 746 praeturam
1241 683 1414 744 gessisse
1438 697 1552 727 anno
1568 684 1683 739 683,
1711 682 1959 726 testimonio
1975 697 2070 742 pro-

242 763 376 810 batur
406 763 578 809 Asconii
602 762 775 808 Pediani
809 764 873 824 [p.
891 765 964 807 97.
991 771 1036 807 et
1067 763 1218 819 139.]‚
1250 760 1329 822 qui
1364 776 1507 822 quum
1538 758 1728 816 referat,
1770 763 1814 804 1..
1843 758 2070 804 Metellum

240 859 279 888 a.
298 845 346 889 U.
363 846 408 888 C.
427 845 529 886 684.
557 850 798 903 praetorem
824 841 854 884 i.
867 856 903 885 e.
930 846 1200 901 propraetore
1226 836 1421 881 siciliam
1452 836 1630 892 rexisse,
1662 842 1864 898 apparet,
1897 844 2074 897 praetu-

240 936 336 966 ram
367 919 502 980 ipsius
528 918 575 962 in
601 935 769 963 annum
792 917 1118 979 praecedentem
1146 913 1427 959 reiiciendam
1451 929 1551 959 esse.
1616 914 1726 959 Huic
1756 914 1896 975 igitur
1927 928 2068 969 anno,

242 996 364 1041 urbis
410 995 613 1040 conditae
644 998 734 1040 683
751 1026 765 1051 ‚
803 994 1043 1050 Ciceronis,
1083 1001 1192 1037 tunc
1233 991 1350 1036 inter
1391 999 1672 1053 quaesturam
1714 1000 1761 1036 et
1801 983 2069 1038 aedilitatein

238 1072 405 1135 agentis
421 1105 435 1128 ‚
468 1084 614 1117 xxxw
631 1075 656 1128 ‚‘
678 1071 782 1116 iure.
806 1070 917 1115 hane
947 1071 1188 1115 orationem
1219 1084 1404 1114 asserere
1435 1069 1547 1114 mihi
1580 1068 1765 1114 videor.'’

315 1175 377 1252 (2)
419 1176 480 1231 D.
509 1175 697 1230 Iunius
735 1174 951 1230 Silanus
981 1172 1518 1246 magnificentissima
1546 1171 1818 1228 aedilitate
1847 1179 1941 1228 aut
1973 1171 2071 1226 hoe

240 1293 379 1333 anno
419 1275 637 1332 functus
676 1281 759 1330 est
798 1282 892 1331 aut
932 1275 1194 1346 sequenti.
1236 1292 1290 1330 11.
1333 1292 1379 1329 c.
1404 1276 1492 1328 22.
1524 1277 1625 1344 360.

1005 1510 1307 1519 .....-..—-—-—

1004 1520 1311 1532 —-——-——

481 1664 736 1751 ANNUS
790 1693 1030 1753 VITAE
1080 1648 1824 1753 cmERom's'xxxvn.

242 1875 280 1903 a.
299 1861 348 1902 U.
367 1863 410 1904 C.
777 1863 891 1903 Coss.
927 1862 1005 1903 CN.
1039 1861 1287 1903 pommus
1319 1860 1538 1902 MGNIJS.
1903 1874 1940 1901 a.
1959 1860 2008 1901 A.
2027 1861 2071 1901 G.

276 1953 384 1994 684.
933 1954 984 1994 M.
1019 1953 1237 1993 LICINIUS
1269 1952 1497 1993 GRASSUS.
1965 1951 2042 1994 70.

236 2058 238 2062 y
315 2057 393 2155 (¹)
424 2070 538 2136 Hoc*
574 2098 713 2136 anno
745 2081 802 2135 L.
839 2080 1106 2138 Aurelius
1132 2081 1283 2136 Cotta
1321 2086 1538 2155 praetor
1572 2081 1700 2136 tulit
1728 2081 1900 2154 legem
1934 2080 2071 2136 iudi-

241 2182 464 2237 ciariam
499 2181 565 2237 ad
597 2181 877 2254 populum,
899 2198 1005 2254 qua
1053 2181 1284 2247 iudicia,
1322 2198 1459 2254 quae
1487 2181 1609 2254 lege
1636 2182 1878 2238 Cornelia
1910 2199 2075 2255 penes

239 2272 513 2338 senatores
547 2281 792 2345 fuerant,
836 2282 1232 2337 communicata
1266 2288 1393 2337 sunt
1421 2299 1546 2337 cum
1579 2282 1852 2354 equitibus
1886 2291 1939 2338 et
1978 2283 2075 2337 tri-⁵

239 2382 399 2438 bunis
437 2383 677 2437 aerariis.
719 2401 775 2438 11.
817 2401 863 2437 e.
898 2388 948 2439 5.
991 2387 1076 2437 15.

298 2483 447 2527 Livius
472 2483 588 2543 Epit.
611 2485 685 2527 97.
718 2485 777 2527 M.
804 2484 992 2527 Crassus
1020 2490 1064 2528 et
1099 2484 1173 2527 οη.
1198 2484 1440 2544 Pompeius
1470 2483 1674 2529 consules
1690 2483 1821 2542 sacti
1845 2511 1905 2519 -
1931 2484 2071 2528 tribu-

237 2560 401 2605 nitiam
412 2568 684 2621 potestatem
704 2561 1013 2605 restituerunt.
1073 2560 1252 2605 Iudicia
1271 2577 1445 2622 quoque
1455 2578 1543 2622 per
1567 2565 1618 2609 L.
1640 2562 1871 2606 Aurelium
1900 2563 2072 2606 Cottam

230 2646 484 2700 praetorem
508 2637 572 2682 ad
594 2638 766 2699 equites
789 2639 1009 2683 Romanos
1035 2636 1261 2682 translata
1285 2647 1409 2684 sunt.-
1468 2638 1662 2685 Velleius
1682 2653 1746 2685 11.
1762 2655 1799 2684 e.
1817 2642 1890 2684 32.
1917 2644 1960 2685 3.
1983 2641 2077 2684 Per'

239 2716 355 2761 idem
391 2723 565 2776 tempus
605 2717 733 2760 Cotta
768 2714 1000 2759 iudicandi
1035 2732 1222 2775 munus,
1263 2718 1454 2780 quod‘G.
1486 2718 1711 2764 Gracchus
1734 2719 1795 2774 [a.
1813 2719 1862 2765 U.
1879 2720 1924 2762 C.
1942 2719 2070 2775 631.]

239 2801 435 2855 ereptum
467 2782 645 2838 senatui
675 2791 738 2836 ad
765 2793 961 2853 equites,
996 2787 1140 2839 Sulla*
1164 2796 1224 2853 [a.
1244 2799 1370 2855 673.]
1398 2797 1454 2842 ab
1485 2797 1585 2843 illis
1611 2795 1673 2841 ad
1696 2803 1901 2840 senatum
1925 2803 2070 2840 trans-

238 2872 463 2930 tulerant,
495 2871 791 2932 aequabiliter
811 2871 929 2915 inter
948 2877 1187 2934 utrumque
1208 2874 1404 2919 ordinem
1416 2876 1624 2937 partitus
1651 2882 1730 2919 est.
1779 2873 1862 2918 Cic.
1885 2874 1931 2918 in
1949 2877 2067 2934 Vegr.
2151 2914 2156 2917 ,
2189 2877 2202 2894 ⁸

236 2954 333 2996 Aet.
352 2963 404 2996 11.
436 2953 482 2995 L.
501 2963 553 2994 11.
577 2965 613 2994 c.
634 2952 705 2994 71.
725 2953 829 2995 174.
859 2951 1105 2996 Possumne
1121 2979 1181 2987 —
1196 2954 1342 3014 magis
1366 2970 1490 2998 reum
1511 2953 1843 2999 condemnatum
1873 2954 1922 2997 in
1952 2953 2070 2998 iudi-

233 3029 352 3073 cium
377 3026 631 3072 adducere?
692 3028 752 3072 At
778 3043 964 3089 quorum
989 3028 1157 3076 iudicio
1178 3030 1549 3081 condemnatum?
1579 3046 1732 3092 nempe
1752 3047 1926 3088 eorum,
1958 3048 2069 3093 quos

234 3107 273 3151 ii
289 3140 304 3164 ‚
335 3107 417 3167 qui
446 3106 666 3150 severiora
695 3103 867 3149 iudicia
897 3104 1179 3164 desiderant,
1212 3108 1492 3154 arbitrantur
1521 3125 1592 3153 res
1619 3108 1818 3153 iudicare
1841 3116 2063 3170 oportere,

227 3185 568 3247 ‘publicanorum
595 3183 763 3228 iudicio
782 3216 796 3240 ,
836 3193 947 3245 quos
972 3184 1178 3231 videlicet
1203 3190 1324 3232 'nuno'
1344 3187 1548 3248 'populus
1583 3186 1754 3232 iudices
1787 3187 1940 3248 poscit
1957 3220 1970 3243 ,
2013 3181 2066 3232 cle

230 3264 418 3325 quibus,
449 3271 502 3307 ut
528 3277 600 3306 eos
630 3261 802 3306 iudices
829 3259 1065 3306 habeamus
1080 3296 1094 3320 ,
1130 3263 1268 3325 legem
1300 3264 1355 3309 ab
1383 3264 1556 3309 homine
1580 3281 1667 3309 non
1697 3265 1843 3308 nostri
1864 3266 2066 3326 generis,

232 3357 319 3386 non
345 3357 401 3386 ex
431 3341 629 3403 equestri
661 3339 752 3384 loco
775 3340 1010 3402 profecto,
1053 3340 1134 3386 sed
1161 3341 1463 3400 nobilissimo,
1486 3342 1823 3407 promulgatam
1853 3342 2064 3388 videmus,

235 3418 440 3464 Asconius
471 3419 517 3463 in
546 3419 681 3464 Pison.
711 3435 752 3479 p.
772 3421 843 3463 16.
877 3419 1034 3479 Legem
1060 3417 1347 3465 iudiciariam
1373 3427 1478 3465 ante
1505 3419 1679 3481 aliquot
1706 3435 1868 3476 annos,
1902 3419 2064 3482 quibus

234 3496 502 3558 temporibus
530 3505 766 3542 accusatus
794 3506 862 3543 est
896 3500 1049 3543 Verres
1079 3515 1108 3544 a
1140 3499 1371 3558 Cicerone,
1407 3498 1518 3544 tulit
1543 3498 1753 3543 Aurelius
1789 3499 1915 3543 Cotta
1933 3510 2062 3559 praes-¹
