2158 4030
396 258 451 312 L.
477 258 541 312 11.
584 274 628 310 e,
655 255 842 311 xxm.
886 255 926 328 S
950 259 1015 308 61
1062 285 1137 294 —
1175 270 1222 306 c.
1248 254 1430 307 XXIV.
1476 255 1514 326 ἕ
1539 257 1625 307 66.
1855 258 1923 307 85

94 406 408 482 quotidiana
460 407 671 464 dicendi
712 408 1026 463 exercitatio
1072 406 1247 478 potuit
1293 404 1518 469 afferre,
1559 411 1704 459 certe
1743 411 1824 466 et,
1878 407 1923 458 si

90 511 225 583 quid
258 511 597 566 auctoritatis
626 511 680 564 in
714 525 800 564 mc
825 514 971 572 erat,
1012 507 1270 561 constitui
1304 522 1365 560 ea
1391 505 1534 577 apud
1562 522 1652 559 eos
1686 507 1795 568 uti,
1830 507 1920 575 qui

91 627 213 666 eam
258 610 392 666 mihi
431 611 719 676 dederant,
772 617 861 675 et,
915 610 958 663 si
1001 606 1130 680 quid
1179 607 1342 661 etiam
1389 606 1616 660 dicendo
1668 608 1920 677 consequi

91 717 362 783 poteram,
404 712 471 765 iis
504 710 784 766 ostendere
816 709 1156 783 potissimum
1180 751 1193 772 ,
1234 708 1325 779 qui
1367 708 1415 761 ei
1449 723 1663 778 quoque
1702 707 1778 760 rei
1816 706 1923 760 sru'-

89 816 244 869 ctum
277 826 375 866 suo
415 811 616 867 iudicio
645 810 990 867 tribuendum
1024 826 1140 865 esse
1173 808 1456 862 duxerant.

101 1029 104 1058 :
165 1010 352 1068 XXIV.
429 1015 523 1068 64.
565 1013 740 1086 Atque
786 1011 919 1068 illud
952 1012 1007 1066 in
1041 1010 1234 1084 primis
1277 1008 1412 1063 mihi
1454 1005 1763 1063 laetandum
1805 1006 1924 1062 iure

86 1129 208 1168 esse
238 1111 515 1179 videbam,
567 1112 738 1187 quod,
792 1113 847 1168 in
889 1112 989 1168 hac
1029 1109 1243 1166 insolita
1283 1108 1418 1164 mihi
1461 1108 1515 1163 in
1550 1107 1664 1162 t'oro
1708 1107 1922 1162 dicendi

35 1225 38 1229 ’
90 1214 328 1280 ratione,
362 1230 552 1270 caussa
593 1214 716 1269 talis
763 1213 940 1268 oblata
983 1197 1126 1276 erat,
1166 1212 1221 1266 in
1251 1227 1358 1283 qua
1403 1211 1577 1264 oratio
1615 1209 1799 1265 deesse
1835 1226 1925 1264 ne·

90 1314 225 1369 mini
259 1320 453 1387 posset.
536 1312 835 1368 Dicendum
877 1318 994 1367 crat
1036 1312 1182 1366 enim
1228 1310 1294 1364 de
1339 1311 1431 1364 Cn.
1459 1310 1694 1381 Pompeii
1742 1310 1924 1379 singu-

88 1412 190 1469 lari
255 1412 560 1486 eximiaque
618 1413 837 1468 virtute.
947 1412 1119 1466 Huius
1176 1417 1359 1466 autem
1418 1411 1677 1465 orationis
1734 1410 1924 1466 diffiei-

87 1513 196 1572 lius
252 1521 369 1571 erat
415 1515 655 1580 exitum,
715 1531 876 1587 quam
930 1513 1258 1586 principium
1311 1512 1570 1566 invenire.
1665 1512 1745 1566 lta
1787 1512 1919 1566 mihi

89 1631 197 1672 non
242 1622 354 1671 tam
399 1615 582 1688 copia,
622 1630 784 1687 quam
820 1613 1012 1669 modus
1056 1619 1174 1669 erat
1208 1614 1263 1667 in
1298 1612 1526 1668 dicendo
1563 1612 1922 1684 quaerendus,

83 1719 177 1772 65.
219 1716 332 1773 Iam
365 1721 528 1772 vero¹
570 1716 761 1771 virtuti
802 1714 894 1770 Cn.
932 1714 1170 1787 Pompeii
1203 1731 1340 1786 quae
1376 1720 1584 1785 poterat
1620 1730 1716 1785 par
1754 1716 1926 1768 oratio

87 1817 356 1874 inveniri?
435 1817 575 1887 Quid
608 1824 718 1882 est,
759 1816 899 1890 quod
939 1817 1226 1889 quisquam
1267 1822 1363 1871 aut
1403 1814 1628 1885 dignum
1674 1814 1790 1879 illo,
1831 1823 1925 1869 aut

85 1918 280 1992 populo
332 1919 570 1975 Romano
611 1934 807 1974 novum
854 1925 949 1973 aut
989 1917 1245 1990 cuiquam
1287 1915 1593 1972 inauditum
1635 1924 1812 1989 posset
1850 1916 1922 1971 as-

79 2017 262 2076 ferre?
340 2018 524 2094 Neque
556 2019 701 2098 enim
737 2019 858 2074 illae
890 2026 1046 2074 erant
1078 2018 1222 2074 solae
1253 2019 1485 2073 virtutes
1522 1996 1923 2090 imperatoriae,

83 2136 226 2193 quae
258 2120 418 2193 vulgo
456 2121 864 2185 existimantur,
905 2119 1053 2175 tabor
1087 2120 1142 2174 in
1184 2120 1426 2191 negotio,
1468 2118 1726 2173 fortitudo
1754 2120 1807 2173 in
1840 2135 1922 2190 pe·

88 2218 308 2285 riculis,
348 2219 618 2276 industria
651 2220 707 2275 in
748 2219 981 2291 agendo,
1022 2219 1270 2274 celeritas
1304 2219 1359 2272 in
1399 2217 1761 2282 conficiendo,
1801 2235 1924 2272 eon-

83 2319 272 2377 silium
306 2320 361 2376 in
395 2320 747 2394 providendo:
789 2337 926 2393 quae
958 2327 1109 2375 tanta
1141 2326 1296 2375 erant
1324 2321 1378 2374 in
1413 2318 1512 2374 hoc
1546 2335 1682 2384 uno,
1722 2327 1922 2391 quanta

89 2421 153 2475 in.
193 2420 442 2476 omnihus
478 2421 703 2493 reliquis
744 2420 1187 2494 imperatoribu8‚
1226 2437 1362 2492 quos
1406 2427 1504 2475 aut
1540 2419 1778 2473 vidimus
1830 2427 1926 2474 aut

84 2520 425 2587 audivimus,
467 2538 572 2577 non
599 2520 836 2576 fuerunt.
917 2524 1006 2576 66.
1049 2520 1299 2589 Quare²‚
1337 2536 1508 2592 quum
1537 2518 1734 2574 beilum
1763 2536 1926 2590 grave

82 2627 140 2676 et
191 2620 553 2694 periculosum
598 2622 800 2676 nostris
838 2620 1194 2692 vectigalibus
1231 2628 1396 2693 atque
1437 2621 1598 2674 sociis
1641 2637 1674 2675 a
1714 2619 1924 2674 duobus

81 2721 470 2794 potentissimis
529 2721 746 2793 regibus
798 2719 1119 2786 inferretur,
1179 2721 1489 2776 Mithridate
1547 2727 1601 2775 ct
1660 2721 1919 2791 Tigrane,

82 2837 316 2894 quorum
355 2821 493 2877 alter
522 2822 746 2877 relictus
767 2865 781 2887 ,
821 2822 959 2878 alter
998 2823 1309 2888 lacessitus,
1350 2824 1685 2878 occasionem
1718 2822 1821 2876 sibi
1854 2822 1921 2876 ad

85 2922 455 2995 occupandam
500 2923 682 2977 Asiam
721 2922 953 2978 oblatam
1000 2942 1116 2979 esse
1153 2924 1550 2984 arbitrabatur;
1600 2930 1920 2995 quumque³

83 3024 292 3081 bellum
333 3024 410 3078 ita
449 3024 814 3078 necessarium
859 3032 1029 3089 esset,
1083 3032 1144 3079 ut
1183 3025 1382 3096 negligi
1431 3041 1535 3078 non
1582 3030 1788 3094 posset,
1843 3024 1919 3077 ita

84 3140 369 3197 magnum,
408 3130 472 3179 ut
501 3125 909 3180 accuratissime
935 3132 1075 3181 esset
1101 3124 1591 3181 administrandum
1610 3166 1624 3188 ,
1665 3129 1719 3177 et
1752 3141 1921 3195 quum

81 3227 146 3285 εἰ
179 3227 558 3300 imperatorem
610 3226 898 3298 praeficere
943 3227 1160 3283 deberet
1206 3228 1461 3300 populuS‚
1516 3227 1571 3279 in
1623 3242 1728 3297 quo
1780 3233 1921 3280 esset

83 3329 285 3385 eximia
304 3329 428 3384 belli
448 3330 675 3384 scientia
691 3371 705 3394 ,
726 3329 1016 3400 singularis
1038 3331 1213 3385 virtus
1228 3374 1242 3395 ,
1264 3330 1564 3384 clarissima
1592 3329 1917 3389 auctoritas,

151 3557 318 3616 olbia,
351 3562 477 3605 c.11.
513 3562 626 3617 §29.
662 3587 721 3597 —
753 3561 921 3620 2)1bid.
957 3578 991 3607 c.
1012 3565 1052 3607 2.
1086 3564 1171 3619 M.
1206 3586 1257 3594 -
1296 3557 1470 3618 ⁵)1bid.
1505 3574 1543 3603 c.
1575 3563 1647 3604 16.
1682 3559 1797 3617 §aa

1537 3634 1609 3682 ὃ*
