2150 3990
446 182 501 238 L.
526 182 589 242 11.
632 199 678 235 c.
703 180 862 270 xxx.
905 181 944 253 g
969 185 1042 235 so
1079 211 1155 221 -
1193 181 1449 237 c.·xxx1.
1493 182 1533 255 g
1558 187 1646 237 84.
1886 186 1950 237 οι

134 332 228 389 Illa
267 348 391 389 vero
432 333 486 388 in
526 332 616 389 illo
653 331 868 388 homine
905 330 1173 387 mirabilia
1208 330 1456 397 suerunt,
1509 331 1961 403 comprehendere

134 434 332 490 multos
358 434 622 500 amicitIa,
648 434 789 489 tueri
810 432 1092 505 obsequin,
1119 448 1244 486 cum
1267 431 1516 486 omnibus
1536 434 1965 497 communicare,

126 533 273 606 ⁴quod
302 533 556 598 habebat,
597 534 798 589 servire
824 532 1155 604 temporibus
1183 549 1405 586 suorum
1433 533 1674 587 omnium
1708 533 1964 604 pecunia,

129 634 333 705 gratia,
386 634 564 689 labore
610 635 875 707 corporis,
928 633 1128 688 scelere
1173 634 1366 698 etiam,
1425 633 1471 687 si
1512 650 1645 705 opus
1684 640 1854 697 esset,
1908 640 1963 688 ct

130 733 383 796 audacia;
421 750 635 789 versare
669 751 822 790 suam
862 740 1114 789 naturam
1152 740 1206 788 et
1238 750 1424 805 regere
1457 732 1524 788 ad
1560 740 1772 806 tempus
1799 740 1964 806 atque

130 834 236 890 huc
282 842 337 891 et
382 836 510 892 illuc
557 843 807 910 torquere
858 843 913 892 et
958 836 1206 892 flectcre:
1233 853 1387 929 'cum
1440 835 1690 891 tristibus
1741 852 1926 891 severe
1948 877 1965 899 ‚

124 952 253 991 reum
279 937 522 993 remissis
542 938 801 1004 iucunde,
828 954 953 993 cum
975 936 1192 992 senibus
1213 938 1479 1008 graviter,
1519 953 1645 992 cum
1681 937 1962 991 iuventute

126 1038 382 1104 comiter,
434 1055 560 1094 cum
601 1037 914 1094 facinorosis
958 1038 1247 1102 audacter,
1301 1054 1426 1093 cum
1466 1037 1767 1092 libidinosis
1805 1035 1960 1091 luxu·

125 1138 265 1194 riose
304 1140 502 1195 vivere.
580 1143 669 1196 82.
712 1140 822 1195 Hac
863 1139 951 1194 ille
990 1146 1102 1194 tam
1141 1140 1291 1194 varia
1330 1138 1725 1211 multiplicique
1765 1145 1960 1192 natura

123 1254 293 1310 quum
325 1256 512 1294 omnes
543 1239 792 1294 omnibus
823 1254 889 1293 ex
932 1240 1092 1293 terris
1124 1237 1368 1292 homines
1406 1237 1676 1309 improbos
1708 1236 1962 1292 audaces·

117 1354 227 1411 que
260 1338 574 1412 collegerat,
610 1347 728 1395 tum
755 1340 918 1394 etiam
946 1338 1144 1393 multos
1172 1337 1336 1393 sortes
1355 1338 1500 1392 viros
1519 1345 1573 1392 et
1594 1338 1759 1393 bonos
1784 1339 1962 1410 specie

116 1438 352 1512 quadam
409 1441 631 1497 virtutis
681 1440 1028 1497 assimulatae
1074 1438 1307 1495 tenebat.
1405 1439 1488 1495 Me
1509 1445 1525 1478 ⁸
1582 1440 1791 1513 ipsum,
1847 1457 1959 1505 me,

113 1539 371 1614 inquam,
410 1542 681 1616 quondam
722 1559 888 1616 paene
929 1540 1017 1597 ille
1056 1541 1296 1614 decepit,
1335 1557 1505 1613 quum
1550 1549 1603 1596 et
1647 1541 1784 1596 civis
1822 1540 1958 1597 mibi

114 1640 327 1708 honus,
377 1649 432 1699 et
470 1643 660 1718 optimi
705 1644 970 1716 cuiusque
1009 1641 1269 1715 cupiduS‚
1322 1648 1377 1697 et
1409 1642 1598 1698 firmus
1642 1642 1853 1697 amicus
1891 1658 1956 1698 ac

114 1740 293 1798 fidelis
323 1743 626 1808 vider-etun
677 1760 784 1818 quo
803 1749 826 1782 ²
865 1750 1106 1817 tempore
1145 1744 1324 1817 ipsum
1362 1741 1647 1798 defendere
1691 1744 1953 1816 cogitavi:

118 1843 398 1916 sperabam
449 1845 625 1923 enim,
677 1846 724 1900 si
770 1843 1049 1900 absolutus
1099 1851 1251 1910 erat,
1312 1845 1739 1900 coniunctiorem
1798 1844 1953 1901 illum

110 1942 270 1999 nohis
302 1943 414 2001 fore
453 1944 510 2002 in
541 1945 750 2002 ratione
783 1945 1079 2019 petitionis.

112 2190 114 2193 .
188 2142 380 2199 xxxl.
452 2147 551 2200 83.
590 2145 971 2200 Praetermitto
1004 2151 1026 2184 ³
1072 2146 1261 2201 ruinas
1311 2145 1681 2201 fortunarum:
1740 2146 1809 2202 ad
1861 2146 1951 2202 illa

110 2244 298 2311 venio,
337 2257 475 2317 quae
506 2261 613 2300 non
644 2243 714 2300 ad
745 2246 1012 2318 privatam
1038 2246 1390 2317 ignominiam
1416 2247 1705 2312 vitiorum,
1744 2262 1851 2303 non
1883 2248 1953 2304 ad

113 2344 463 2401 domesticam
509 2345 680 2418 ipsius
732 2345 1106 2402 difficultatem
1151 2364 1215 2402 ac
1257 2347 1683 2420 turpitudinem,
1734 2348 1830 2404 sed
1881 2349 1950 2405 ad

108 2455 381 2502 summam
400 2446 786 2520 rempublicam
808 2454 971 2520 atque
990 2447 1059 2503 ad
1093 2450 1336 2504 omnium
1369 2449 1571 2504 civium
1606 2452 1774 2505 vitam
1806 2451 1946 2507 salu·

108 2553 326 2620 temque
357 2549 648 2621 pertinent.
727 2549 859 2618 Quis
893 2551 1096 2616 nescit,
1133 2550 1420 2606 Catilinam
1460 2551 1635 2625 pridie
1678 2552 1948 2609 Kalendas

106 2647 221 2704 lan.
248 2647 446 2722 Lepido
471 2657 526 2706 et
553 2649 708 2705 Tullo
735 2650 1048 2706 consulibus
1073 2652 1288 2707 stetisse
1317 2652 1372 2706 in
1400 2653 1620 2707 comitio
1645 2670 1772 2708 cum
1802 2654 1943 2709 telo?

107 2750 200 2804 Cn.
235 2751 526 2807 Pisonem*
563 2759 618 2808 et
655 2752 940 2808 Catilinam
980 2760 1035 2808 et
1079 2753 1473 2826 Vargunteium
1519 2761 1575 2809 et
1618 2756 1945 2811 Autronium

39 2897 44 2911 ,
108 2867 329 2907 manum
348 2859 400 2918 ⁸,
439 2853 722 2910 consulum
755 2861 809 2910 et
834 2856 1144 2927 principum
1171 2855 1411 2910 civitatis
1444 2855 1943 2913 interficiendorum

103 2969 296 3009 caussa
317 2995 332 3019 ,
371 2956 684 3027 paravisse?
739 2957 927 3012 sceleri
968 2973 1031 3012 ac
1071 2956 1241 3012 furori
1283 2958 1373 3012 isti
1420 2974 1526 3011 non
1570 2964 1807 3013 mentem
1847 2958 1944 3013 ali·

104 3070 267 3126 quam
300 3063 396 3111 aut
422 3057 706 3122 timorem,
731 3057 824 3113 sed
858 3056 1132 3113 fortunam
1164 3057 1347 3132 populi
1375 3057 1601 3111 Romani
1629 3057 1938 3114 obstitisse?

105 3159 193 3211 84.
235 3156 418 3212 Haec⁶
457 3164 539 3213 est
585 3158 675 3214 illa
716 3159 1047 3225 coniuratiO,
1087 3176 1225 3232 quae
1267 3160 1538 3231 Torquato
1582 3159 1802 3215 consule
1845 3160 1938 3217 de·

165 3337 339 3397 1)1bid.
377 3355 415 3384 ο.
449 3343 491 3386 s.
526 3343 650 3400 §14·
683 3367 743 3378 --
775 3346 815 3403 ι)
847 3342 901 3387 ad
941 3345 1034 3387 Att.
1068 3346 1102 3387 1.
1136 3344 1178 3386 2.
1213 3344 1237 3399 ς
1274 3345 1315 3387 ι.
1349 3368 1407 3376 -
1439 3343 1482 3402 ⁵)
1510 3341 1555 3387 in
1588 3342 1715 3389 catil.
1756 3346 1791 3388 1.
1824 3359 1862 3389 c.
1888 3348 1932 3390 e.

102 3417 217 3472 §st
249 3441 309 3452 —
338 3417 382 3476 ⁴)
414 3433 489 3479 pro
516 3418 639 3465 Sulla
665 3422 791 3466 c.24.
824 3422 943 3480 567.
979 3446 1037 3454 -—
1069 3423 1111 3477 5)
1142 3419 1188 3464 in
1211 3418 1337 3465 Catil.
1363 3423 1394 3465 1.
1425 3422 1657 3479 c.6.§14.
1692 3447 1752 3459 --
1784 3425 1824 3481 6)
1857 3438 1933 3484 pro

102 3491 224 3538 Sulla
251 3509 287 3540 c.
307 3497 345 3538 4.
379 3497 402 3552 ᾗ
422 3499 491 3541 11.
