2210 3970
690 206 719 241 Λ
742 206 770 242 N
792 207 821 243 N
844 207 873 242 u
895 207 920 243 s
972 208 1018 244 u.
1071 207 1114 243 c.
1171 192 1485 243 660—662.
1907 197 2012 247 537

177 349 253 379 nec
286 340 434 379 tamen
462 340 546 378 aut
578 336 846 380 auctoritate
863 367 876 392 ‚
915 350 1002 396 qua
1025 334 1272 397 plurimum
1294 334 1518 396 pollebat,
1559 342 1640 380 aut
1670 336 1884 397 religione
1900 369 1915 392 ,
1957 337 2011 381 de

174 426 261 471 qua
298 426 421 457 nemo
446 410 676 458 dubitabat
691 444 706 470 ,
743 413 949 475 affligere
971 414 1136 474 potuit.
1201 411 1319 458 Conf.
1347 416 1498 473 Meyer.
1528 414 1649 457 Orat.
1683 414 1805 458 Rom.
1833 416 2005 474 Fragm.

176 500 320 535 nvn.
353 491 394 536 6.
426 505 467 551 p.
485 491 590 535 287.
622 501 754 535 mn.
784 493 826 537 2.
861 508 900 552 p.
919 493 1022 537 346.

928 692 1234 720 ====2

381 887 395 906 x
473 855 729 918 ANNUS
782 856 1024 918 VITAE
1075 857 1503 920 CICERONIS
1555 860 1692 918 XIV.

18 1020 35 1116 ξ.
167 1052 339 1096 mue.
715 1055 829 1096 Coss.
864 1056 907 1096 c,
943 1055 1195 1096 numus
1228 1056 1458 1097 rmccus.
1839 1053 2007 1097 ...ια

7 1126 29 1150 ’*
207 1144 318 1187 661.
863 1147 915 1188 ιι.
948 1147 1246 1188 mmmm.
1889 1150 1964 1189 93.

243 1273 508 1348 Apparuit
551 1273 726 1359 denuo
758 1291 921 1348 quam
969 1273 1130 1331 fallax
1173 1276 1245 1331 sit
1279 1282 1393 1331 tota
1440 1276 1783 1331 comitiorum
1838 1277 2005 1340 ratio,

170 1390 339 1447 quum
378 1374 680 1430 Herennius
715 1371 772 1429 in
810 1374 1070 1447 petitione
1110 1374 1422 1431 consulatus
1457 1377 1729 1448 superarit
1775 1375 1831 1430 L.
1870 1375 2005 1431 Mar·

169 1473 316 1531 cium
349 1473 673 1548 Philippum.
714 1492 768 1529 11.
806 1491 852 1529 c.
878 1477 965 1530 55.
1002 1477 1091 1530 97.

232 1574 317 1621 cic.
351 1577 477 1620 Brut.
508 1588 546 1620 c.
571 1575 780 1619 45.166.
844 1572 1015 1618 Eodem
1047 1580 1242 1636 tempore
1272 1577 1331 1619 M.
1349 1574 1599 1619 Herennius
1630 1575 1679 1619 in
1708 1575 2003 1622 mediocribus

167 1652 419 1700 oratoribus
463 1651 624 1698 Latine
654 1655 699 1694 et
732 1643 973 1711 diligenter
1003 1646 1284 1712 loquentibus
1316 1659 1575 1697 numeratus
1606 1658 1704 1697 est:
1746 1654 1826 1715 qui
1857 1661 2006 1700 tamen

166 1744 362 1780 summa
377 1710 612 1779 nobilitate
650 1727 893 1785 hominem,
929 1730 1190 1817 cognatione
1204 1762 1220 1788 ‚
1266 1728 1535 1787 sodalitate,
1576 1729 1792 1793 collegio,
1834 1747 2007 1778 summa

166 1809 303 1858 etiam
333 1808 611 1873 eloquentia,
644 1808 695 1852 L.
712 1804 1003 1868 Philippum,
1036 1806 1085 1852 in
1108 1806 1367 1853 consulatus
1377 1807 1596 1870 petitione
1609 1810 1850 1870 superavit.
1876 1826 1913 1856 c.
1932 1814 2005 1857 47.

4 1867 47 1932 ‘3⁴
159 1878 272 1934 ssa.
333 1882 515 1933 Duobus
535 1886 679 1949 igitur
704 1884 912 1941 summis,
946 1884 1104 1929 Crasso
1135 1893 1181 1931 et
1203 1885 1418 1942 Antonio,
1442 1886 1494 1932 Ι..
1510 1884 1755 1949 Philippus
1774 1890 2009 1951 proximus

16 1968 46 2002 ⁴¹
166 1963 418 2023 accedebat,
456 1963 540 2010 sed
571 1963 699 2037 longo
731 1961 970 2008 intervallo
1002 1970 1150 2009 tamen
1169 1964 1410 2026 protimus
1440 1971 1523 2010 cet.
1573 1967 1636 2011 De
1666 1965 1893 2030 Philippo,
1924 1970 2005 2031 qui

166 2043 336 2093 dnobus
367 2050 520 2091 tamen
555 2041 680 2088 annis
723 2049 816 2103 post
854 2040 1005 2087 consul
1036 2048 1208 2088 creatus
1247 2050 1339 2099 eet,
1380 2041 1494 2088 conf.
1533 2046 1690 2106 Meyer.
1725 2047 1848 2092 Orat.
1879 2050 2003 2093 Rom.

166 2124 337 2185 Fragm.
369 2133 450 2167 ιιι.
479 2137 522 2183 p.
542 2122 646 2165 323.

445 2483 723 2549 ANNUS
779 2486 1039 2548 VITAE
1093 2491 1547 2572 cmERONIS
1601 2492 1710 2567 XV.

14 2680 45 2723 ’κ
159 2659 326 2749 i...u.c.
704 2686 818 2726 Coss.
832 2651 897 2726 ὀ.
931 2685 1180 2726 nummus
1213 2687 1460 2727 rumuli.
1828 2690 1933 2731 ..A.
1952 2691 1995 2732 e.

195 2778 305 2821 662.
852 2777 904 2817 ιι.
937 2777 1215 2819 PERPERNA.
1878 2781 1955 2822 92.

232 2906 290 2962 L.
309 2904 567 2962 Lucullus
593 2922 717 2961 cum
742 2906 920 2961 Marco
947 2904 1114 2969 fratre
1141 2907 1197 2960 P.
1221 2904 1510 2962 Servilium
1540 2923 1803 2979 augurem
1836 2926 1993 2966 reum

157 3007 427 3072 fecerunt,
467 3022 518 3061 a
537 3023 642 3078 quo
682 3012 888 3078 patrem
919 3022 1079 3061 suum
1113 3005 1171 3060 L.
1194 3005 1489 3071 Licinium,
1530 3007 1622 3078 qui
1650 3014 1867 3079 praetor
1902 3010 1992 3066 ad-

60 3131 61 3136 *
153 3120 342 3174 versus
370 3107 671 3181 fugitivos
655 3125 711 3160 ιιι
744 3107 926 3162 Sicilia
956 3106 1095 3162 male
1121 3122 1236 3162 rem
1271 3113 1534 3178 gesserat,
1563 3109 1987 3210 repetundarum

154 3207 483 3282 postulatum
521 3201 784 3262 dolebant.
825 3225 896 3263 v1.
934 3212 1092 3262 c.15.
1135 3210 1224 3262 56.

218 3308 303 3354 eie.
333 3309 388 3355 de
417 3325 533 3370 prov.
567 3323 681 3352 c.ons
713 3323 749 3351 c.
779 3309 820 3352 9.
856 3310 929 3353 21.
989 3308 1111 3366 Quae
1139 3310 1333 3366 juerant
1374 3308 1642 3354 inimicitiae
1670 3312 1901 3371 graviores
1941 3316 1985 3357 in

158 3386 370 3442 civitate,
399 3402 532 3447 quam
568 3384 851 3429 Lucullorum
881 3393 1015 3446 atque
1046 3386 1379 3430 Serviliorum?
1445 3385 1506 3429 ld.
1543 3387 1673 3433 Acad.
1708 3406 1770 3450 pr.
1804 3402 1853 3433 11.
1886 3396 1984 3435 c.1.

160 3467 200 3508 1.
244 3465 313 3521 (L.
331 3462 563 3524 Lucullus)
596 3463 829 3508 admodum
861 3463 1142 3520 adolescens,
1177 3481 1270 3508 cum
1297 3463 1480 3522 fratre,
1507 3466 1616 3525 pari
1639 3468 1812 3526 pietate
1844 3477 1886 3512 et
1921 3470 1984 3511 iu-

1615 3545 1675 3591 36
