2210 3970
280 316 2015 343 mna-amrnzmmwwmawmwwvmmwwmnmm

782 1291 786 1294 ⁴
851 1292 1051 1353 LIBER
1094 1292 1456 1351 SEPTIMUS.

308 1498 348 1555 ἰ.
437 1506 482 1555 1.
525 1499 703 1568 Quum
727 1505 743 1536 ¹
798 1505 851 1552 et
903 1504 1092 1552 contra
1150 1495 1483 1551 voluntatem
1533 1510 1709 1550 meam
1762 1501 1816 1549 et
1860 1501 2072 1567 praeter

233 1602 536 1675 opinionem
569 1599 891 1663 accidisset,
931 1604 994 1652 ut
1034 1596 1186 1656 mihi.
1210 1613 1337 1651 cum
1379 1596 1605 1668 imperio
1643 1596 1699 1650 in
1740 1596 2070 1670 provinciam

230 1700 499 1774 proficisci
538 1715 756 1754 necesse
800 1703 978 1763 esset,
1018 1696 1299 1770 Sulpicio²
1337 1702 1392 1752 et
1430 1695 1678 1752 Marcello
1715 1692 2037 1751 'consulibus
2058 1733 2073 1760 ,

234 1802 427 1874 scripsi
468 1800 535 1856 ad
570 1801 803 1874 Appium
843 1799 1165 1864 Pulchrum,
1205 1799 1443 1854 maximo
1463 1803 1485 1837 ²
1518 1811 1677 1871 opere
1697 1840 1712 1863 ,
1752 1814 1849 1870 pro
1888 1803 2071 1852 nostra

233 1917 449 1957 summa
485 1901 866 1955 coniunctione
893 1900 1169 1972 ipsiusque
1200 1898 1467 1970 singulari
1500 1897 1869 1963 humanitate,
1908 1898 2072 1952 etiam

233 1998 396 2075 atque
433 2004 597 2059 etiam
632 2002 698 2059 ab
731 2019 792 2056 eo
826 2007 1042 2073 petenS,
1082 2007 1174 2066 ut,
1213 2001 1646 2072 quibuscumque
1678 1998 1841 2054 rebus
1866 2005 2074 2071 posset,

233 2104 564 2176 prospiceret
596 2100 981 2157 etconsuleret
1013 2100 1314 2155 rationibus
1339 2101 1504 2163 meis;
1542 2105 1598 2156 et
1616 2105 1656 2166 ⁴,
1695 2114 1832 2172 quae
1864 2114 2072 2154 succes-

233 2205 343 2259 sori
387 2203 833 2258 coniunctissimo
883 2208 937 2256 et
988 2202 1319 2257 amicissimo
1370 2200 1712 2256 commodare
1764 2206 1940 2273 potest
1997 2201 2074 2265 is,

234 2305 329 2378 qui
367 2305 701 2378 provinciam
741 2302 945 2370 tradit,
997 2309 1059 2358 ut
1099 2319 1191 2368 ea,
1243 2320 1341 2375 pro
1379 2308 1565 2363 nostra
1616 2302 2076 2357 consociatissima

233 2405 539 2470 voluntate,
579 2421 711 2458 cura
745 2421 806 2458 ac
840 2402 1120 2474 diligentia
1153 2420 1252 2458 sua
1284 2402 1756 2476 complecteretur:
1798 2408 1860 2456 ut
1893 2419 2079 2457 omnes

237 2505 624 2576 intelligerent,
664 2520 762 2557 nec
786 2520 873 2557 me
901 2503 1320 2558 benevolentiori
1349 2504 1604 2575 cuiquam
1634 2503 1946 2567 succedere,
1979 2519 2077 2557 nec

236 2609 414 2681 ipsum
455 2604 699 2660 amiciori
738 2604 975 2675 potuisse
1016 2605 1349 2676 provinciam
1390 2603 1621 2659 tradere.
1716 2607 1767 2657 2.
1811 2601 1956 2658 Sed⁵
1996 2610 2078 2660 est

240 2706 588 2770 incredibile,
628 2721 791 2776 quam
826 2720 913 2758 me
953 2706 1154 2776 negotii
1196 2705 1451 2761 taederet.
1530 2705 1645 2760 Non
1686 2704 1914 2759 habebat
1947 2705 2079 2759 satis

239 2823 498 2880 magnum
538 2820 791 2876 campum
833 2804 920 2859 ille
960 2822 1115 2859 meus
1154 2823 1259 2860 non
1300 2807 1517 2877 ignotus
1557 2821 1751 2860 cursus
1790 2806 1986 2871 animi,
2026 2814 2079 2860 et

241 2908 540 2966 industriae
590 2923 741 2960 meae
793 2906 1069 2978 praeclara
1125 2924 1287 2979 opera
1337 2906 1597 2962 cessabat.
1695 2906 1934 2979 Quippe:
1994 2907 2079 2960 ius

242 3009 532 3066 Laodiceae
571 3023 658 3061 me
696 3005 910 3071 dicere,
963 3023 1132 3078 quum
1173 3008 1372 3063 Romae
1413 3008 1473 3062 A.
1509 3007 1714 3062 Plotius
1745 3006 1983 3062 diceret?
2026 3014 2078 3061 et

243 3128 412 3185 quum
445 3108 745 3164 exercitum
772 3107 987 3163 Cassius
1014 3106 1234 3163 haberet
1263 3115 1505 3174 tantum,
1545 3124 1631 3162 me
1660 3124 1852 3163 nomen
1887 3107 2081 3162 babere

309 3386 347 3441 ι)
380 3383 511 3444 Epist.
535 3382 589 3426 ad
626 3381 817 3453 Appium
843 3381 1081 3426 Pulchrum
1107 3381 1182 3440 (ad
1200 3384 1320 3427 Fam.
1354 3386 1433 3429 111.
1452 3386 1494 3428 2.
1529 3384 1639 3442 §1.)
1673 3405 1727 3415 —-
1765 3383 1804 3441 ²)
1838 3380 1890 3426 ad
1918 3385 2008 3426 Att.
2030 3382 2077 3425 V.

247 3465 320 3506 21.
366 3462 452 3518 §Q
486 3487 544 3494 —-
579 3461 619 3519 ³)
652 3459 786 3521 Epist.
824 3458 877 3504 ad
907 3458 1097 3521 Appium
1140 3458 1379 3504 Pulchrum
1428 3459 1501 3518 (ad
1545 3462 1663 3504 Fam.
1691 3462 1773 3504 111.
1806 3462 1846 3503 2.
1883 3460 1988 3517 §1.)
2022 3485 2078 3490 —-

245 3540 286 3598 4)
319 3537 431 3582 lbid.
459 3542 534 3583 ιιι.
567 3542 607 3582 3.
644 3540 727 3595 §r
764 3562 821 3569 -
854 3539 895 3594 ⁵)
927 3535 979 3581 ad
1008 3540 1099 3581 Att.
1134 3539 1182 3581 v.
1221 3541 1291 3582 15.
1327 3540 1405 3594 §L
