2150 3990
486 257 541 313 L.
567 258 652 313 Vl.
695 276 739 313 c.
765 258 875 313 XX.
919 255 958 330 S
985 260 1052 311 48
1093 288 1166 295 --
1206 274 1252 309 c.
1278 256 1413 310 XXI.
1456 255 1495 329 S
1520 261 1607 310 51.
1855 259 1955 310 261

133 411 344 474 cuissc,
396 425 492 464 nec
533 408 829 481 oportuisse
882 406 1125 463 Sextium
1176 404 1242 460 de
1274 406 1326 460 vi
1367 422 1519 460 reum
1555 404 1712 459 lieri?
1766 407 1956 477 quavis

132 508 271 580 lege,
312 508 499 581 quovis
531 509 758 563 crimine
790 505 1152 563 accusandum
1181 505 1358 577 potius
1391 503 1586 559 fuisse?
1628 504 1790 559 etiam
1825 504 1957 559 illud

132 607 356 674 dixeriS,
396 624 641 663 caussam
680 608 918 673 MiloniS,
959 606 1236 662 fortissimi
1276 605 1408 670 viri,
1449 605 1793 659 coniunctam
1832 621 1957 659 cum

135 707 234 763 hoc
286 707 624 763 existimari?
686 724 822 779 quae
872 724 969 780 pro
1013 723 1100 762 me
1137 723 1169 761 a
1209 705 1391 761 Sextio
1430 703 1571 759 sacta
1609 704 1755 768 sint,
1807 703 1962 759 bonis

134 823 249 862 esse
282 807 477 879 grata?
557 808 669 863 Non
705 825 937 880 coarguo
970 807 1386 863 inconstantiam
1419 806 1677 861 orationis
1709 822 1772 860 ac
1813 807 1960 861 testi·

134 907 300 965 monii
334 909 433 963 tui.
515 907 659 976 Quas
696 910 839 964 enim
880 909 1043 964 huius
1081 909 1320 964 actiones
1358 906 1607 980 probatas
1639 906 1793 962 bonis
1844 923 1961 963 esse

135 1006 306 1073 dicis,
359 1010 414 1063 in
447 1025 536 1064 eas
568 1008 818 1081 plurimis
855 1009 1034 1064 verbis
1071 1009 1441 1064 testimonium
1487 1007 1701 1063 dixisti:
1741 1007 1962 1080 quicum

136 1114 317 1165 autem
356 1107 520 1164 huius
559 1126 804 1164 caussam
845 1109 1254 1183 periculumque
1292 1110 1616 1180 coniungaS‚
1656 1125 1781 1164 eum
1819 1125 1964 1163 sum-

138 1209 242 1265 mis
280 1208 529 1264 laudibus
561 1207 818 1263 extulisti.
901 1209 1004 1263 Sed
1038 1209 1136 1264 hoc
1176 1226 1403 1281 quaem,
1444 1226 1575 1264 num
1616 1209 1671 1263 P.
1697 1208 1970 1273 Sextium,

139 1324 247 1382 qua
276 1308 394 1381 lege
431 1307 796 1363 accusandum
830 1308 1048 1363 omnino
1087 1307 1253 1363 fuisse
1285 1325 1478 1379 negaS,
1517 1325 1578 1363 ea
1618 1308 1734 1379 lege
1778 1306 1967 1362 conde·

139 1408 315 1465 mnari
336 1412 492 1480 putes
511 1404 791 1479 oportere?
827 1412 949 1470 aut,
984 1406 1029 1460 si
1064 1412 1116 1460 te
1143 1406 1198 1460 in
1234 1407 1543 1462 testimonio
1574 1406 1782 1461 consuli
1810 1405 1970 1470 nolis,

140 1524 207 1564 ne
253 1506 382 1581 quid
441 1506 540 1562 tibi
586 1506 929 1562 auctoritatis
979 1522 1009 1560 a
1054 1522 1142 1562 me
1194 1506 1461 1563 tributum
1514 1523 1631 1562 esse
1689 1506 1971 1571 videatur,

142 1607 412 1665 dixerisne
445 1608 500 1663 in
540 1623 664 1663 eum
705 1606 1078 1663 testimonium
1118 1606 1184 1663 de
1222 1609 1310 1673 vi,
1363 1624 1524 1680 quem
1565 1609 1780 1682 negaris
1817 1623 1971 1664 reum

145 1709 363 1766 omnino
395 1706 462 1765 de
492 1707 546 1763 vi
582 1706 696 1763 fieri
736 1705 1060 1763 debuisse?'’

220 1909 358 1966 XXI.
438 1914 526 1966 50.
570 1909 750 1979 Quin¹
793 1911 956 1966 etiam
997 1908 1215 1966 Paullus
1248 1916 1430 1966 noster
1462 1926 1630 1983 quum
1674 1911 1828 1966 testis
1860 1927 1977 1983 pro·

146 2009 344 2066 ductus
388 2016 530 2067 esset
575 2010 631 2065 in
685 2009 966 2075 Sextium,
1027 2009 1368 2066 confirmavit
1419 2027 1477 2066 se
1532 2026 1724 2066 nomen
1778 2010 1979 2066 Vatinii

147 2108 488 2174 delaturum,
546 2108 592 2164 si
643 2109 821 2165 Macer
869 2109 1110 2164 Licinius
1166 2116 1551 2166 cunctaretur:
1610 2118 1666 2166 et
1715 2111 1893 2166 Macer
1950 2127 1981 2166 a

149 2209 320 2266 Sextii
353 2208 620 2264 subselliis
651 2210 917 2273 surrexit,
959 2226 1021 2265 ac
1054 2226 1112 2264 se
1152 2209 1229 2264 illi
1260 2227 1366 2265 non
1400 2210 1715 2266 defuturum
1749 2210 1979 2267 affirma-

148 2310 242 2366 vit.
335 2309 476 2378 Quid
521 2310 777 2382 quaeris?
830 2310 989 2365 homo
1039 2310 1288 2383 petulans
1339 2317 1394 2366 et
1443 2311 1649 2377 audax,
1702 2311 1983 2378 Vatinius,

145 2408 299 2466 valde
326 2409 674 2483 perturbatus
705 2409 1123 2482 debilitatusque
1150 2410 1414 2465 discessit.
1496 2410 1611 2479 Quo
1632 2417 1653 2449 ²
1682 2410 1822 2466 facto
1855 2412 1980 2468 Sex·

39 2583 42 2586 Δ
147 2512 258 2566 tius
298 2517 479 2567 noster
510 2509 786 2565 absolutus
825 2516 908 2566 est
939 2526 986 2565 a.
1010 2509 1061 2564 d.
1085 2526 1152 2565 ιν.
1190 2509 1266 2564 Id.
1308 2508 1483 2574 Mart„
1523 2516 1606 2575 et,
1646 2511 1788 2583 quod
1828 2511 1981 2569 vehe-

72 2687 81 2692 ἱ
147 2616 359 2667 menter
407 2609 655 2666 interfuit
706 2610 1033 2683 reipublicae
1054 2652 1068 2675 ,
1128 2609 1332 2665 nullam
1378 2609 1549 2666 videri
1604 2612 1660 2666 in
1718 2613 1981 2670 eiusmodi

146 2726 338 2767 caussa
369 2708 756 2766 dissensionem
789 2727 934 2776 esse,
973 2710 1224 2765 omnibus
1256 2712 1541 2766 sententiis
1572 2711 1850 2769 absolutus
1882 2723 1981 2771 est.

150 2815 238 2867 51.
281 2809 427 2866 Sed-⁹·
459 2815 617 2866 antea
642 2811 776 2876 iam,
815 2829 864 2868 a.
887 2811 937 2866 d.
961 2830 1036 2867 111.
1066 2811 1142 2868 Id.
1179 2812 1334 2868 Febr.
1363 2811 1606 2867 dixeram
1639 2831 1737 2885 pro
1768 2815 1984 2872 Bestia

151 2911 217 2967 de
266 2911 476 2967 ambitu
525 2911 668 2984 apud
718 2919 1020 2984 praetorem
1071 2913 1164 2969 Cn.
1200 2914 1497 2970 Domitium
1545 2915 1600 2968 in
1642 2914 1755 2970 foro
1807 2917 1985 2971 medio

152 3013 389 3068 maximo
428 3018 720 3068 conventu:
762 3012 1111 3086 incidensque
1155 3013 1212 3068 in
1251 3030 1376 3069 eum
1416 3014 1594 3069 locum
1635 3015 1691 3068 in
1731 3014 1986 3082 dicendo,

153 3129 323 3185 quum
370 3111 585 3168 Sextius
606 3155 620 3178 ‚
679 3111 868 3168 multis
921 3114 975 3168 in
1016 3113 1215 3187 templo
1265 3113 1499 3168 Castoris
1537 3112 1851 3170 vulneribus
1902 3135 1987 3173 ac·

155 3213 353 3286 ceptis,
407 3211 645 3268 subsidio
690 3213 898 3268 Bestiae
950 3220 1195 3270 servatus
1246 3221 1421 3278 esset,
1473 3223 1988 3290 προῳκονομησάμην

157 3310 411 3384 quiddam
464 3313 711 3382 εὐκαίρως
757 3312 821 3367 de
865 3314 959 3378 iis,
1019 3331 1155 3386 quae
1195 3315 1248 3369 in
1293 3314 1537 3369 Sextium
1590 3317 1987 3390 apparabantur

227 3547 262 3603 ¹)
293 3545 345 3590 ad
379 3552 429 3606 Q.
458 3547 632 3594 fratrem
655 3553 708 3596 ll.
737 3553 778 3594 11.
815 3551 895 3605 §2
932 3577 986 3583 —
1025 3554 1059 3609 ²)
1095 3549 1202 3594 ibid.
1233 3552 1315 3607 §L
1353 3579 1408 3585 -—
1443 3554 1481 3611 5)
1516 3552 1699 3599 11=id.11.
1735 3560 1771 3599 3.
1811 3560 1892 3614 §bx
1979 3584 1981 3587 ⁴
