2210 3970
684 246 716 283 A
736 245 766 283 ιι
786 246 817 283 N
837 245 869 282 u
889 244 914 281 s
968 243 1013 281 u.
1063 244 1107 280 e.
1163 219 1478 282 690—691.
1896 235 2002 286 007

171 381 365 445 equestri
391 386 488 425 erat
520 378 612 423 loco
648 382 810 432 natus,
849 381 984 436 atque
1024 372 1074 418 in
1098 375 1317 435 petitione
1340 381 1519 435 patrem
1550 375 1721 420 amisit.
1781 377 1896 422 Sunt
1926 379 2003 439 qui

170 460 258 506 huc
284 458 470 505 referant
486 489 500 515 ,
532 453 647 519 quod
678 452 794 516 apud
820 452 1063 498 Ciceronem
1089 450 1255 513 legitur
1281 451 1335 497 ad
1363 455 1457 498 Att.
1491 464 1521 498 1.
1545 455 1589 498 6.
1618 454 1661 497 2.
1711 451 1849 495 Pater
1873 453 2001 496 nobis

169 537 356 585 decessit
378 534 595 581 a.d.v¹11.
618 531 718 576 Kal.
744 528 965 575 Decembr.
1027 527 1109 574 Sed
1133 545 1273 590 quum
1304 543 1353 573 ea
1379 528 1559 589 epistola
1580 530 1738 591 scripta
1762 529 1820 574 sit
1845 531 2003 576 2686.

170 615 314 662 multo
345 621 447 660 ante
477 605 763 675 petitionem,
805 606 950 668 potius
982 603 1036 650 de
1067 600 1219 668 quovis
1261 605 1347 650 alio
1387 604 1559 651 decessu
1591 623 1725 669 quam
1770 606 1825 652 de
1867 615 2008 654 morte

171 692 349 753 videtur
377 685 658 753 cogitandum
693 698 794 730 esse.
858 685 919 754 Et
946 682 1044 744 quis
1071 679 1220 728 credat
1247 681 1496 728 Ciceronem
1526 682 1587 728 sic
1618 681 1673 729 de
1702 690 1845 730 morte
1869 685 2006 746 patris

171 769 359 834 potuisse
389 765 575 813 scribere
605 763 660 810 ad
692 763 920 808 amicum?

247 871 311 948 (⁷)
352 869 433 926 Ad
468 869 611 924 hunc
651 881 855 921 annum
895 863 1175 920 referenda
1213 863 1431 920 videtur
1466 865 1638 919 oratio
1660 905 1675 929 ,
1716 879 1878 936 quam
1913 880 2010 936 pro

178 973 237 1039 Q.
284 970 453 1027 Gallio
484 967 673 1024 habuit
708 971 898 1021 contra
932 965 1000 1020 Μ.
1038 963 1320 1020 Calidium.

231 1075 384 1119 Ancon.
411 1069 466 1116 ad
491 1072 616 1115 Orat.
643 1066 690 1112 in
723 1073 823 1127 toga
850 1064 974 1110 caud.
1008 1081 1048 1127 p.
1081 1066 1152 1109 88.
1189 1063 1242 1123 Q.
1274 1062 1504 1120 Gallium,
1545 1079 1674 1124 quem
1699 1071 1862 1125 postea
1892 1063 1944 1123 [i.
1972 1080 2007 1110 c.

168 1158 275 1215 post‘
296 1149 536 1206 orationem
566 1147 613 1191 in
644 1152 748 1207 toga
773 1141 957 1188 candida
984 1141 1205 1202 habitam]
1231 1158 1355 1186 reum
1381 1139 1576 1186 ambitus
1602 1138 1836 1199 defendit,
1867 1141 2009 1204 signi-

160 1229 308 1291 ficare
337 1224 526 1273 videtur.
589 1222 673 1269 cic.
696 1225 818 1267 Brut.
841 1236 878 1266 c.
897 1223 970 1265 80.
998 1222 1102 1265 277.
1141 1219 1261 1277 Quin
1287 1219 1423 1263 etiam
1449 1218 1654 1275 memini,
1697 1234 1834 1280 quam
1865 1217 2008 1278 (cali-

167 1306 292 1364 dius)
318 1305 367 1350 in
393 1301 673 1349 accusatione
699 1313 785 1342 sua
821 1296 871 1355 Q.
893 1295 1042 1341 Gallio
1073 1296 1253 1340 crimini
1279 1294 1506 1352 dedisset,
1553 1295 1644 1341 sibi
1672 1311 1774 1341 eum
1797 1312 2011 1342 venenum

161 1382 396 1446 paravisse
412 1378 545 1442 idque
566 1394 595 1421 a
615 1391 662 1420 se
679 1389 773 1419 esse
790 1372 1104 1434 deprehensum
1116 1405 1131 1428 ‚
1158 1388 1339 1434 seseque
1365 1371 1687 1434 chirographa,
1721 1374 2009 1435 testificatio·

168 1475 273 1518 nes,
304 1457 472 1504 indicia
489 1490 503 1515 ‚
535 1451 842 1519 quaestiones,
874 1448 1165 1509 manifestam
1193 1467 1312 1507 rem,
1356 1449 1532 1510 deferre
1569 1448 1761 1508 diceret,
1794 1449 1934 1514 deque
1960 1468 2008 1496 eo

169 1536 353 1587 crimine
384 1540 589 1583 accurate
626 1539 671 1577 et
701 1529 924 1592 exquisite
957 1526 1305 1592 disputavisset,
1338 1545 1406 1572 me
1436 1528 1486 1573 in
1515 1526 1840 1589 respondendo,
1870 1547 2008 1591 quum

170 1630 310 1668 essem
339 1599 675 1676 argumentatus
691 1642 705 1667 ,
749 1615 965 1671 quantum
997 1621 1067 1652 res
1090 1604 1298 1665 ferebat,
1345 1604 1423 1650 hoc
1455 1604 1604 1667 ipsum
1637 1606 1772 1650 etiam
1797 1608 2008 1668 posuisse

163 1707 261 1771 pro
263 1689 559 1756 argumento,
590 1685 710 1750 quod
729 1686 834 1743 ille,
868 1702 1004 1748 quum
1022 1690 1197 1747 pestem
1218 1681 1386 1744 capitis
1412 1683 1512 1740 sui,
1545 1699 1682 1744 quum
1704 1683 1875 1729 indicia
1894 1701 2007 1731 ntor·

167 1765 244 1815 tis'
256 1783 304 1825 se
329 1765 592 1829 comperisse
622 1763 866 1825 manifesto
894 1771 938 1808 et
963 1779 1099 1808 mann
1127 1769 1272 1806 tenere
1299 1758 1490 1816 diceret,
1524 1767 1616 1805 tam
1643 1761 1789 1806 solute
1816 1762 2009 1825 egisset,

167 1853 260 1894 tam
292 1843 480 1900 leniter,
512 1848 605 1888 tam
637 1843 907 1888 oscitanter:
943 1859 969 1886 n
987 1844 1050 1887 Tu
1080 1840 1229 1896 istuc,
1264 1840 1323 1884 M.
1357 1837 1529 1895 Calidi,
1562 1839 1656 1884 nisi
1676 1839 1906 1901 fingeres,
1938 1842 2006 1886 sie

167 1920 358 1987 ageres?
382 1918 651 1985 praesertim
678 1921 853 1982 quum”
886 1927 969 1967 cet.
1033 1921 1110 1965 Sic
1127 1935 1207 1965 nos
1228 1917 1392 1963 stammt'
1413 1917 1606 1962 oratoris
1622 1916 1695 1962 vel
1718 1918 1915 1964 sanitate
1935 1919 2008 1964 vel

165 1995 277 2048 vitio
300 1997 387 2071 pro
418 2005 675 2064 argumento
717 1997 780 2043 ad
814 1995 1072 2044 diluendam
1102 1998 1267 2042 crimen
1297 1995 1374 2040 un·
1398 2010 1567 2042 snmus.
1631 1994 1749 2043 Conf.
1782 2001 1833 2058 Q.
1857 1998 2003 2044 Cicero

165 2080 198 2127 1.
225 2095 264 2146 c.
291 2076 593 2142 Meyer.,0rat.
615 2078 743 2124 Rom.
778 2078 950 2138 Fragm.
983 2088 1058 2121 xc.
1090 2078 1128 2120 1.
1163 2092 1202 2136 p.
1222 2076 1326 2119 436.

449 2303 703 2363 ANNUS
749 2300 991 2358 VITAE
1041 2299 1464 2356 CICERONIS
1516 2301 1698 2359 XLIV.

165 2479 202 2506 a.
221 2465 270 2506 ΙΙ.
286 2465 332 2507 C.
483 2457 590 2516 [Kal.
609 2462 773 2503 Ianuar.
792 2459 1035 2502 inciderunt
1051 2459 1095 2500 in
1113 2458 1153 2498 d.
1177 2457 1236 2498 14
1255 2458 1387 2499 Martii
1403 2471 1440 2500 a.
1463 2457 1520 2498 63
1540 2458 1589 2500 A.
1607 2453 1671 2511 C.]
1829 2474 1866 2503 a.
1886 2466 1933 2503 A.
1951 2465 1996 2506 C.

142 2570 150 2581 .
201 2545 310 2588 691.
370 2556 373 2562 “
472 2551 475 2555 ’
1882 2544 1959 2588 63.

165 2685 229 2726 Ab
254 2683 336 2724 hoc
370 2682 469 2723 inde
499 2695 612 2724 anno
646 2695 782 2736 usque
810 2682 863 2722 ad
890 2695 929 2723 a.
953 2678 1063 2723 708.
1091 2681 1167 2734 qui
1200 2681 1282 2721 suit
1315 2681 1575 2722 confusionis
1610 2683 1810 2736 ultimus,
1844 2698 1997 2740 operae

231 2749 414 2803 pretium
458 2749 645 2790 facturus
679 2761 773 2788 esse
801 2748 905 2789 mihi
938 2748 1052 2788 visus
1088 2760 1212 2798 sum,
1256 2747 1317 2798 si,
1359 2748 1699 2803 quotiescunque
1741 2754 1999 2794 memorandi

194 2859 196 2862 ,
233 2819 379 2875 essent
409 2814 500 2855 dies
533 2814 587 2855 ad
619 2815 774 2855 veteris
807 2813 1045 2854 Kalendarii
1079 2825 1267 2852 normam
1301 2814 1545 2866 compositi,
1590 2828 1663 2855 eos
1695 2816 1749 2856 ad
1781 2820 1883 2859 anni
1918 2820 1998 2859 sor-

232 2887 342 2922 mam
362 2867 565 2938 lulianam
583 2880 839 2922 reducerem.
884 2881 943 2920 Ex
959 2884 1153 2920 accurata
1174 2879 1287 2918 enim
1307 2878 1473 2919 illorum
1494 2884 1730 2934 temporum
1755 2885 1997 2936 cognitione

233 2947 385 2986 mirum
424 2949 491 2986 est
525 2946 731 3000 quantum
763 2946 871 2986 lucis
905 2947 1063 2986 oriatur
1095 2958 1227 2999 quum
1260 2946 1374 2985 omni
1406 2945 1606 2986 historiae
1633 2947 1840 2989 Romanae
1860 2981 1872 3002 ‚
1907 2955 1997 2992 tum

233 3012 609 3053 innumerabilibus
635 3016 824 3052 veterum
844 3013 1118 3066 scriptorum,
1151 3012 1362 3052 Ciceronis
1388 3013 1583 3064 maxime,
1619 3013 1745 3066 locis,
1778 3017 1854 3068 qni
1880 3030 1998 3057 nunc

234 3084 338 3119 sunt
371 3079 561 3118 difficiles
589 3083 717 3131 atque
752 3079 934 3119 obscuri.
1009 3079 1113 3119 Usui
1145 3083 1287 3119 autem
1320 3079 1423 3117 mihi
1458 3080 1575 3118 suere
1602 3080 1683 3120 hac
1708 3082 1755 3120 iu
1789 3096 1836 3122 re
1864 3083 2000 3124 Tabu-

235 3146 326 3203 lae,
360 3145 672 3185 Kalendarium
699 3145 981 3185 Romanorum
1004 3151 1148 3199 vetus,
1174 3146 1296 3198 qualo
1306 3145 1411 3195 fuit
1429 3146 1482 3184 ab
1502 3143 1556 3186 A.
1585 3146 1631 3188 U.
1660 3147 1766 3188 691.
1790 3162 1920 3202 usquc
1943 3151 2000 3190 ad

233 3209 288 3253 A.
307 3212 352 3251 U.
374 3210 399 3254 7
407 3212 483 3252 09.
514 3217 802 3266 comparantes
828 3225 921 3252 cum
940 3212 1088 3262 forma
1112 3214 1219 3252 anni
1245 3211 1446 3260 Iuliana,
1482 3225 1610 3265 quas,
1644 3213 1698 3253 ad
1725 3214 1995 3258 illustrandas

225 3279 444 3320 ciceronis
481 3279 707 3332 epistolas,
752 3279 1002 3332 compositas
1040 3293 1064 3319 a
1098 3279 1208 3320 Guil.
1243 3278 1359 3318 Ferd.
1390 3278 1529 3331 Korb,
1575 3279 1707 3320 edidit
1739 3282 1916 3323 Orouius
1952 3285 1999 3324 in

234 3346 444 3404 Onomast.
470 3346 647 3386 Tullian.
676 3357 711 3386 ι».
730 3357 758 3386 1.
789 3359 830 3399 p.
853 3345 1125 3386 131—192.
1151 3359 1235 3399 quo
1261 3345 1404 3384 Korbii
1431 3345 1571 3385 labore
1596 3346 1773 3387 feliciter
1798 3362 1901 3389 usus
1931 3358 1998 3390 est

236 3409 283 3453 E.
305 3411 376 3453 W.
399 3412 589 3464 Fischer,
632 3412 852 3451 Resmische
886 3412 1130 3464 Zeittafeln
1165 3425 1242 3451 von
1277 3411 1404 3450 Roms
1436 3412 1672 3468 Grtindung
1705 3414 1771 3453 bis
1803 3417 1890 3466 aas
1912 3415 2001 3456 Au-

235 3482 409 3533 gustus’
446 3478 543 3519 Tod.
587 3478 764 3530 Altona,
795 3478 933 3519 1846.
967 3479 1028 3520 4⁰.
1095 3479 1206 3519 Ante
1243 3478 1444 3518 Korbium
1478 3492 1576 3519 vero
1610 3480 1720 3520 hauc
1748 3488 1909 3535 partem
1938 3484 2002 3523 hi-

240 3545 415 3598 storiae,
451 3559 504 3586 ne
525 3545 576 3587 de
601 3546 829 3600 Scaligero,
856 3547 1045 3599 Petavio,
1072 3546 1163 3587 aliis
1187 3546 1358 3600 loquar,
1393 3546 1674 3590 illustraverat
1705 3551 1996 3603 sagacissimus
