2210 3970
399 214 590 271 L.V11.
634 213 855 271 exul.
899 213 939 290 S
968 219 1079 271 109¹
1108 245 1153 254 —
1223 235 1268 269 c.
1294 215 1473 271 XLlll.
1517 217 1555 291 S
1588 221 1706 274 112.
1858 224 1958 274 541

133 366 347 422 datione
404 374 458 422 et
501 368 731 440 proximi
783 367 1069 432 memoria,
1113 365 1350 436 medium
1397 367 1527 423 illud
1581 369 1954 425 tristissimum

133 472 344 539 tempus
383 466 629 522 debuisse
651 509 665 531 ‚
717 469 762 522 si
815 484 879 523 ex
919 483 1108 522 rerum
1154 472 1348 522 natura
1388 483 1502 522 non·
1528 474 1765 539 poteram
1818 469 1955 524 evel-

132 566 240 622 lere
262 609 275 629 ,
316 583 379 622 ex
414 567 592 623 animo
631 567 847 640 quidem
887 573 1031 623 certe
1067 565 1351 624 excidere?

208 765 389 827 xmn.
475 771 597 822 111.
639 768 788 839 Ego¹
822 784 980 833 vero„
999 769 1045 823 si
1075 766 1302 823 fuissent
1329 766 1647 822 inimicitiae
1666 766 1801 821 mihi
1830 784 1961 823 cum

129 866 186 921 st
206 865 463 931 Caesare,
503 873 683 923 tamen
722 867 822 924 hoc
862 875 1103 941 tempore
1139 867 1479 941 reipublicae
1504 866 1783 923 consulere
1804 910 1818 932 ,
1859 869 1959 924 ini-

128 965 364 1024 micitias
403 967 460 1023 in
499 966 645 1023 aliud
686 975 898 1042 tempus
936 985 1210 1026 reservare
1241 968 1563 1024 debuissem.
1657 968 1961 1025 Potuissem

130 1066 296 1129 etiam
335 1084 675 1125 summorum
712 1071 951 1126 virorum
991 1070 1231 1143 exemplo
1275 1070 1592 1126 inimicitias
1635 1069 1962 1143 reipublicae

129 1183 324 1225 caussa
347 1168 632 1243 deponere.
699 1170 816 1226 -Sed
836 1187 1006 1243 quum
1028 1171 1345 1226 inimicitiae
1370 1169 1601 1227 fuissent
1632 1187 1927 1243 numquam
1940 1198 1960 1236 ·,

129 1269 308 1340 opinio
345 1270 578 1326 iniuriae
606 1269 867 1325 beneficio
903 1276 1046 1325 esset
1077 1270 1345 1324 exstincta
1364 1311 1379 1333 ,
1419 1270 1687 1325 sententia
1718 1287 1839 1326 mea
1859 1312 1875 1335 ,
1913 1272 1962 1325 si

129 1366 369 1440 dignitas¹
420 1367 682 1440 agebatur
737 1368 792 1423 G.
833 1368 1075 1423 Caesaris
1095 1408 1110 1432 ,
1168 1367 1374 1422 homini
1424 1366 1628 1423 tribui:
1686 1369 1736 1423 si
1794 1368 1967 1426 bonos

127 1466 378 1541 quidam,
428 1474 655 1525 ¹senatus
692 1467 1008 1524 concordiae
1044 1467 1320 1524 consului:
1361 1467 1407 1522 si
1447 1468 1744 1524 auctoritas
1780 1467 1968 1527 decre-

130 1571 350 1633 torunu
394 1568 755 1625 constantiam
797 1567 1004 1624 ordinis
1043 1568 1100 1622 in
1138 1566 1324 1623 eodem
1362 1566 1602 1623 ornando
1641 1568 1966 1642 imperatore

131 1668 368 1731 Servavi:
408 1668 466 1726 si,
487 1674 746 1743 perpetua
782 1668 923 1725 ratio
960 1667 1150 1725 Gallici
1187 1666 1343 1732 belli,
1376 1668 1702 1742 reipublicae
1727 1670 1965 1743 providi:

133 1766 641 1841 sialiquodmeam
668 1768 939 1842 privatum
971 1767 1240 1835 officium,
1279 1785 1506 1826 menon
1539 1770 1815 1842 ingratum
1849 1786 1967 1828 esse

132 1868 395 1942 maestiti.
473 1868 650 1942 Atque
681 1868 781 1925 hoc
813 1868 957 1925 volui
990 1869 1215 1942 probare
1245 1869 1514 1927 omnibus.
1571 1869 1787 1927 Ardeo·²
1818 1872 1965 1928 cuim

134 1967 441 2034 incredibili
481 1968 712 2043 quodam
746 1986 929 2026 amore
968 1970 1208 2043 patriae:
1250 1971 1343 2042 qui
1376 1987 1466 2027 me
1494 1987 1648 2028 amor
1685 1978 1741 2027 et
1777 1971 1965 2028 subve-

135 2067 259 2128 nire
270 2068 406 2142 dim
420 2111 425 2118 ψ
439 2068 871 2143 impendentibus
895 2069 1151 2142 periculis
1180 2070 1436 2128 maximis
1461 2087 1586 2126 cum
1620 2071 1968 2129 dimicatione

134 2169 363 2242 capitia..
394 2176 451 2225 et
486 2185 735 2234 rursum,
774 2186 945 2242 quum
976 2170 1156 2225 omnia
1189 2169 1296 2226 tela
1334 2169 1572 2242 undique
1607 2186 1725 2226 esse
1758 2171 1968 2228 intenta

133 2270 189 2325 in
234 2269 465 2343 patriam
502 2250 771 2335 viderem,
829 2269 1012 2325 subire
1045 2268 1247 2341 coegit,
1299 2275 1462 2341 atque
1500 2269 1750 2342 excipere
1793 2287 1969 2328 unum

134 2387 232 2444 pro
263 2369 545 2427 universis.
625 2369 724 2424 Hic
765 2385 853 2424 me
891 2386 1044 2425 meus
1086 2370 1142 2423 in
1187 2368 1576 2441 rempublicam
1608 2370 1823 2425 animus
1857 2373 1961 2443 pri-

135 2473 312 2533 stinus
347 2488 413 2529 ac
449 2470 701 2545 perennis
738 2486 870 2526 cum·
906 2471 971 2527 C..
1006 2470 1231 2526 Caesare
1268 2469 1520 2534 reduxit,
1560 2471 1929 2529 reconciliavit
1949 2516 1965 2538 ‚

136 2572 489 2632 restituitaein.
518 2572 771 2644 gratiam.
851 2569 1024 2639 Quod.
1048 2569 1227 2625 volent
1271 2568 1531 2642 denique,
1571 2569 1816 2627 homines
1853 2574 1962 2628 exi-

133 2674 381 2736 stimentz
420 2673 621 2730 nemini
651 2689 750 2744 ego
782 2689 1000 2745 possum
1021 2688 1137 2727 esse
1170 2671 1305 2728 bene
1325 2671 1391 2728 de
1424 2671 1696 2744 republica
1728 2678 1967 2732 merenti

132 2792 252 2832 nou·
275 2776 500 2831 amicus
576 2778 601 2828 1
614 2776 699 2829 12.
725 2773 884 2845 ‘Ergo
902 2779 931 2812 ³·
950 2773 1395 2846 supplicationem
1414 2773 1726 2845 quindecim
1746 2774 1968 2832 dierum

131 2875 343 2933 decrevi
381 2874 649 2932 sententia
679 2890 815 2928 mea.
893 2874 1238 2946 Reipublicae
1275 2874 1412 2929 satis
1446 2879 1563 2928 erat
1602 2880 1680 2927 tot
1718 2874 1962 2940 dierum,

14 2989 52 3034 ὲ.
132 2982 264 3051 quot
308 2975 368 3033 C..
396 2974 579 3032 Mario.
657 2974 773 3029 Diis
810 2973 1204 3031 immortalibus
1243 2989 1348 3028 non
1387 2979 1505 3028 erat
1541 2973 1737 3044 exigua
1775 2974 1961 3031 eadem

133 3077 452 3150 gratulatio,
503 3092 641 3148 quae
691 3092 755 3130 ex
812 3075 1065 3132 maximis
1108 3074 1278 3132 hellis.
1376 3074 1518 3145 Ergo
1570 3074 1660 3130 ille
1708 3076 1962 3132 cumulus

135 3176 345 3233 dierum
373 3175 606 3230 bominis
638 3182 720 3230 est
752 3174 1005 3246 dignitati
1033 3175 1286 3232 tributus,
1340 3176 1404 3230 In
1433 3191 1539 3246 quo
1567 3191 1665 3246 ego
1691 3176 1784 3231 Cn.
1807 3177 1959 3233 Pom-

137 3277 240 3349 peii
298 3277 554 3331 virtutem
588 3282 668 3330 et
726 3275 890 3330 animi
948 3276 1375 3346 magnitudinem
1435 3274 1735 3332 admiratus
1793 3295 1912 3334 sum
1945 3323 1959 3342 ,

201 3507 239 3563 ι)
272 3502 379 3550 ibid.
411 3508 536 3553 c.20.
571 3508 685 3565 §472
723 3531 778 3538 -
814 3508 853 3562 2)
888 3504 995 3551 lbid.
1030 3522 1063 3550 c.
1084 3509 1125 3550 9.
1160 3506 1274 3561 §aa
1310 3530 1366 3537 —
1400 3505 1583 3564 ⁵)1bid.
1616 3511 1742 3553 c.11.
1778 3511 1895 3566 §26.
