2210 3970
456 215 675 300 1..v111.
719 262 763 297 ω.
788 241 947 299 xxv.
990 242 1124 315 §es
1165 272 1238 282 --
1278 242 1558 298 cxxvii.
1603 243 1754 316 §cs
1913 249 2026 300 57⁷

200 410 266 450 eo
299 390 647 468 scripseram,
687 375 792 467 qno
831 395 887 449 in
919 391 1192 449 suadendo
1222 391 1343 465 plus
1375 394 1714 448 auctoritatis
1746 392 2027 456 haberem;

198 493 489 567 eodemque
507 495 833 567 pertinebat,
855 493 997 567 quod
1018 508 1264 549 caussam
1287 493 1405 548 eius
1424 493 1730 565 probabam.
1773 492 1878 548 Sed
1897 495 2027 566 quid

198 592 331 660 haee
354 594 535 651 nunc?
598 595 811 651 Utinam
851 594 1056 668 aliquid
1080 592 1382 668 profectum
1406 595 1573 650 esset!
1620 595 1730 651 Nae
1760 610 1860 667 ego
1899 595 2030 650 istas

198 694 407 751 litteras
428 695 482 750 in
503 696 757 750 concione
778 696 997 751 recitari
1017 695 1321 760 voluissem.
1367 698 1460 752 67.
1489 695 1668 764 Quum
1684 702 1701 734 ¹
1736 701 1918 751 autem
1940 695 2027 752 de·

194 793 393 850 diesem
422 795 528 850 iam
549 794 757 851 litteras
782 811 831 851 a.
853 794 904 851 d.
926 813 1035 852 vm.
1063 795 1198 861 Kal„
1233 796 1417 869 pueri,
1455 812 1590 869 quos
1622 811 1749 852 cum
1781 795 1942 850 Matio
1974 802 2029 850 et

197 891 446 952 Trebatio
478 895 763 961 miseram,
815 896 1095 969 epistolam
1128 895 1263 952 mihi
1294 896 1596 953 attulerunt
1629 895 1727 952 hoc
1760 895 2029 969 exemplo:

415 1045 662 1104 Marms
698 1064 782 1106 ET
822 1046 1188 1106 TasseArws
1227 1048 1545 1106 Omnem
1583 1047 1725 1107 Ine.
1772 1067 1818 1105 s,

177 1190 183 1198 ’
275 1198 445 1263 Quum
463 1203 488 1238 ²
528 1197 702 1270 Capua
734 1199 1050 1265 exissemus,
1089 1201 1147 1255 iu
1179 1200 1364 1256 itinere
1387 1200 1679 1266 audiimus,
1719 1199 2031 1272 Pompeium

195 1297 477 1354 Brundisio
496 1317 544 1354 a.
567 1298 619 1353 d.
641 1315 770 1354 xm.
789 1298 1012 1354 Kalend.
1042 1300 1214 1371 April.
1250 1317 1370 1355 cum
1400 1301 1640 1354 omuibus
1671 1301 1862 1371 copiis,
1901 1317 2032 1372 quas

192 1396 430 1454 habuerit
447 1438 463 1462 ‚
494 1401 794 1470 profectum
825 1415 934 1453 esse
956 1418 975 1453 .·
1018 1398 1291 1454 Caesarem
1322 1407 1531 1470 postero
1567 1399 1652 1454 die
1690 1401 1745 1453 in
1783 1400 2031 1471 oppidum

188 1496 461 1559 introisse,-
501 1497 856 1553 concionatum
893 1515 1036 1560 esse:
1088 1498 1210 1553 iude
1248 1498 1469 1554 Romam
1506 1498 1856 1561 contendisse:
1897 1499 2031 1557 velle

193 1604 313 1653 ante
345 1596 569 1653 Kalend.
609 1614 720 1654 esse
749 1598 821 1653 ad
865 1597 1081 1663 Urbem,
1121 1605 1172 1654 et
1195 1616 1392 1671 paucas
1429 1598 1542 1654 dies
1578 1598 1655 1653 ibi
1691 1602 2031 1666 commorari,

195 1694 381 1752 deinde
426 1697 484 1752 ia
526 1696 813 1771 Hispanias
842 1698 1127 1771 proficisci.
1226 1697 1387 1754 Nobis
1430 1717 1535 1755 uon
1585 1699 1819 1755 alienum
1861 1702 2035 1775 visum

193 1803 299 1863 est,
323 1797 570 1871 queniam
595 1798 663 1856 de
680 1799 906 1855 adventu
928 1799 1165 1856 Caesaris
1175 1817 1280 1873 pro
1304 1809 1442 1857 certo
1468 1800 1786 1858 habebamus
1799 1843 1814 1867 ,
1841 1820 2035 1875 pueros

194 1897 264 1954 ad
292 1906 343 1955 te
371 1900 663 1967 remittere,
693 1908 752 1956 ut
781 1901 840 1956 id
871 1910 928 1956 tu
959 1919 1119 1974 quam
1137 1903 1376 1974 primum
1412 1903 1590 1959 scires.
1668 1902 1918 1960 Mandata
1944 1914 2034 1960 tua

193 1998 341 2055 nobis
371 2017 527 2056 curae
558 2009 702 2067 sunt,
735 2019 924 2075 eaque,
956 2010 1014 2057 ut
1041 2011 1244 2074 tempus
1270 2003 1582 2076 postularit,
1614 2022 1846 2078 ayemus.
1912 2004 2030 2061 Tre·

194 2098 366 2155 botius
395 2099 575 2156 sedulo
605 2101 764 2174 facit,
802 2109 862 2157 ut
899 2102 1181 2158 antecedat.
1263 2103 1507 2174 Epistola
1538 2106 1856 2176 conscripta,
1901 2124 2030 2161 nun·

197 2200 384 2255 tiatum
413 2207 491 2254 est
520 2199 696 2266 nobis,
742 2200 1015 2257 Caesarem
1045 2220 1095 2257 a.
1125 2203 1178 2258 d.
1216 2218 1359 2259 7111.
1396 2201 1519 2259 Kal.
1549 2203 1720 2275 April.
1755 2204 2035 2262 Beneventi

195 2318 534 2367 mansurum,
571 2319 620 2358 a.
650 2302 702 2358 d.
741 2318 853 2359 νη.
893 2302 1125 2375 Capuae,
1163 2322 1212 2360 a.
1235 2305 1287 2360 d.
1316 2320 1398 2361 71.
1433 2304 1724 2362 Sinuessae.
1804 2305 1915 2363 Hoc
1932 2324 2033 2379 pre

197 2409 334 2459 certo
365 2409 626 2475 putamus.

270 2603 483 2661 XXVII.
560 2607 651 2661 68.
692 2606 804 2661 At³
864 2604 1062 2663 Caesar
1105 2621 1276 2679 quum
1315 2622 1363 2662 a.
1410 2607 1464 2662 d.
1513 2623 1600 2664 vu.
1661 2607 1778 2664 Kal.
1821 2608 2031 2683 Apriles

197 2704 415 2779 Capuae
457 2713 627 2771 esset,
679 2706 745 2762 ab
765 2711 787 2745 ⁴
831 2723 894 2763 eo
933 2706 1069 2763 mihi
1101 2706 1315 2764 litterae
1353 2706 1596 2764 redditae
1631 2716 1791 2775 sunt,
1834 2710 2033 2782 quibus

198 2804 311 2860 iam
350 2822 470 2876 opes
499 2821 671 2871 meaS,
718 2823 853 2872 non,
905 2815 967 2864 ut
1006 2808 1406 2881 superioribuS,
1456 2826 1629 2880 opem,
1668 2811 2026 2883 exspectabat.

201 2904 380 2973 Quum
411 2905 529 2961 eius
566 2906 907 2965 clementiam
946 2908 1329 2965 Corfiniensem
1369 2907 1516 2965 illam
1551 2926 1647 2982 per
1677 2909 1887 2969 litteras
1924 2913 2028 2970 col·

199 3003 587 3071 laudavissem,
626 3007 903 3080 rescripsit
941 3007 1040 3065 hoc
1079 3009 1347 3082 exemplo:

536 3157 785 3217 CAESAR
823 3158 962 3216 Iste.
1011 3158 1341 3218 moenem
1375 3159 1514 3216 Ine.
1558 3178 1603 3217 s.
1627 3177 1687 3221 D.

275 3307 426 3363 Recte
475 3311 752 3382 auquraris
802 3311 865 3366 de
915 3330 1025 3378 me,
1080 3313 1227 3387 (bene
1277 3312 1415 3366 enim
1466 3312 1560 3365 tibi
1611 3316 1843 3386 coquitus
1885 3318 2023 3391 sum)

262 3463 300 3520 ι)
327 3462 381 3508 ad
405 3467 695 3526 Att.1x.‚15.
722 3467 807 3523 §a
842 3493 898 3501 -
933 3466 1110 3527 2)1bid.
1146 3470 1215 3513 lx.
1247 3471 1317 3513 15.
1349 3472 1396 3514 Α.
1428 3495 1484 3503 -
1518 3470 1560 3527 5)
1589 3468 1697 3517 lbid.
1726 3474 1799 3518 lx.
1830 3475 1897 3519 14.
1934 3476 2019 3532 §a

195 3539 238 3599 4)
268 3538 377 3588 lbid.
410 3545 480 3588 1x.
516 3547 586 3588 16.
620 3544 701 3601 §L
