2210 3970
431 232 484 285 L.
511 231 597 285 lx.
642 247 686 283 c.
714 222 896 286 xxvl.
940 228 979 301 g
1007 234 1071 282 77
1114 258 1186 266 --
1227 225 1508 282 «:.xxvl1.
1552 228 1590 299 g
1617 230 1704 281 ao,
1876 233 1978 284 451

233 479 443 538 XXVII.
529 485 615 536 79.
659 479 968 552 Quidquid¹
1020 484 1200 534 autem
1248 475 1530 532 habuerim
1571 475 1758 532 iudicii
1798 475 1865 532 de
1916 476 1994 531 di-

158 581 355 647 cendo,
395 582 451 636 in
485 579 823 635 Oratorem
857 596 1043 638 meum,
1073 578 1304 640 contuli;
1345 579 1443 632 in²
1477 595 1583 650 quo
1616 577 1840 650 perfecti
1879 594 1994 631 ora·

156 683 291 738 toris
329 689 384 738 et
433 698 677 738 summae
716 681 1048 753 eloquentiae
1088 682 1321 753 speciem
1362 679 1665 751 exprimere
1715 679 1992 734 constitui.

156 782 327 851 Quem
347 787 368 821 ³
402 781 634 848 librum,
661 781 873 836 etiamsi
904 782 1084 836 minus
1105 787 1286 835 nostra
1308 778 1800 844 commendatione,
1836 778 1995 834 Bruti

154 889 336 941 tamen
386 883 603 939 nomine
641 882 909 953 divulgari
961 898 1176 938 necesse
1215 887 1348 937 erat.
1443 880 1800 948 Quaesierat⁴
1851 879 1998 934 enim

155 985 361 1040 Brutus
390 982 551 1056 idque
585 984 694 1040 iam
714 984 955 1056 saepiuS,
987 982 1128 1055 quod
1155 981 1491 1055 eloquentiae
1517 997 1690 1052 genus
1716 979 1997 1052 probarem

155 1086 390 1142 maxime
428 1091 483 1141 et
527 1084 686 1158 quale
723 1085 860 1140 mihi
889 1084 1170 1140 ,videretur
1208 1082 1373 1148 illud,
1414 1083 1503 1139 cui
1543 1081 1680 1137 nihil
1719 1079 1845 1136 addi
1879 1097 1999 1154 pos-

155 1191 267 1252 set,
297 1185 440 1258 quod
459 1202 557 1257 ego
578 1201 853 1242 summum
874 1191 928 1240 et
958 1184 1412 1256 perfectissimum
1442 1182 1759 1238 iudicarem.
1812 1181 1958 1254 Ergo
1976 1186 1999 1219 ⁸

156 1294 344 1343 utrum
377 1285 650 1343 difficilius
676 1293 771 1343 aut
804 1286 979 1341 maius
1013 1292 1179 1349 essct,
1219 1301 1416 1355 negare
1449 1284 1576 1339 huic
1611 1284 1825 1355 saepius
1859 1281 1999 1337 idem

155 1388 398 1459 roganti,
438 1403 506 1442 an
540 1386 752 1443 efficere
793 1386 846 1440 id
869 1427 884 1450 ‚
925 1384 1067 1456 quod
1100 1391 1347 1455 rogaret,
1385 1383 1481 1439 diu
1520 1382 1862 1454 multumque
1901 1382 1999 1439 du-

155 1486 339 1544 bitavi.
430 1487 566 1544 Nam
614 1494 668 1544 et
709 1501 905 1558 negare
946 1487 1025 1550 ei,
1080 1502 1239 1557 quem
1282 1485 1441 1540 unice
1479 1483 1763 1555 diligerem
1802 1484 2003 1555 cuique

154 1604 243 1645 me
279 1589 624 1647 carissimum
665 1605 781 1645 esse
820 1588 1079 1645 sentirem
1101 1629 1117 1652 ,
1156 1587 1478 1659 praesertim
1516 1594 1571 1641 et
1611 1586 1755 1642 iusta
1795 1586 2000 1658 petenti

153 1697 209 1747 et.
245 1689 520 1763 praeclara
551 1689 822 1763 cupienti,
865 1688 1066 1746 durum
1105 1687 1396 1743 admodum
1431 1687 1566 1743 mihi
1602 1685 1908 1747 videbatur;
1947 1692 2004 1740 et

154 1790 432 1863 suscipere>
459 1797 668 1847 tantam
701 1807 846 1855 rem,
886 1796 1147 1862 quantam
1189 1806 1295 1844 non
1333 1788 1491 1845 modo
1532 1787 1787 1844 facultate
1820 1803 2003 1843 conse·

155 1891 251 1964 qui
283 1890 499 1948 difficile
532 1897 700 1955 esset,
743 1890 836 1947 sed
877 1891 1041 1947 etiam
1082 1891 1408 1962 cogitatione
1441 1888 1756 1960 complecti,
1795 1888 1883 1942 vix
1919 1904 2004 1942 ar-

156 1990 396 2048 bitrabar
435 2008 550 2048 esse
588 1991 735 2055 eiuS,
775 1991 869 2062 qui
911 1998 1191 2046 vereretur
1217 1989 1690 2062 reprehensionem
1720 1989 2003 2045 doctorum

158 2097 320 2163 atque
358 2090 750 2164 prudentium.>
819 2090 958 2157 Quid
1011 2092 1157 2146 enim
1204 2097 1287 2145 est
1325 2090 1531 2155 maiuS,
1580 2106 1743 2160 quam
1768 2130 1783 2153 ,
1831 2106 2002 2161 quum

159 2197 311 2247 tanta
348 2192 421 2246 sit
453 2191 596 2247 inter
627 2197 866 2246 oratores
897 2191 1062 2246 bonos
1102 2190 1513 2255 dissimilitudo,
1554 2190 1825 2255 iudicare,
1864 2207 2004 2263 quae

159 2292 231 2346 sit
257 2292 460 2363 optima
480 2291 684 2363 species
712 2297 766 2346 et
795 2292 948 2363 quasi
979 2292 1151 2362 figura
1181 2291 1432 2347 dicendi?
1489 2295 1580 2347 80.
1622 2290 1757 2346 Nam
1778 2296 1801 2328 Β
1833 2308 2003 2363 quum

160 2397 244 2447 est
287 2392 458 2448 oratio
506 2391 681 2449 mollis
729 2399 783 2446 et
822 2398 1010 2448 tenera
1049 2398 1104 2447 et
1150 2393 1226 2446 ita
1267 2390 1548 2454 flexibilis,
1600 2397 1663 2444 ut
1714 2398 2005 2462 sequatur,

160 2509 498 2564 quocumque
537 2499 818 2564 torqueaS,
867 2499 984 2547 tum
1026 2499 1079 2549 et
1119 2500 1347 2547 naturae
1386 2493 1567 2549 variae
1607 2498 1662 2546 et
1700 2491 2006 2548 voluntates

160 2592 395 2648 multum
435 2592 579 2648 inter
617 2609 673 2647 se
713 2591 970 2647 distantia
1010 2591 1306 2648 effecerunt
1345 2609 1544 2664 genera
1586 2591 1816 2647 dicendi.
1879 2592 2002 2649 Flu-

159 2709 283 2749 men
322 2692 442 2749 aliis
472 2693 758 2749 verborum
798 2693 1210 2766 volubilitasque
1243 2693 1392 2749 cordi
1427 2701 1537 2760 est,
1577 2695 1671 2766 qui
1705 2699 1913 2766 ponunt
1947 2694 2003 2748 in

158 2794 416 2848 orationis
460 2793 737 2851 celeritate
774 2793 1153 2866 eloquentiam.
1248 2796 1515 2850 Distincta
1567 2794 1699 2850 alios
1738 2802 1793 2851 et
1839 2796 2003 2850 inter-

161 2900 361 2966 puncta
401 2895 709 2961 intervalla,
749 2913 931 2951 morae
971 2897 1460 2968 respirationesque
1496 2895 1780 2951 delectant.
1862 2895 2003 2964 Quid

161 3001 335 3066 potest
385 3012 501 3051 esse
539 3003 650 3051 tam
690 2995 999 3053 diversum?
1054 3005 1235 3054 tamen
1289 3005 1371 3053 est
1414 2999 1470 3051 in
1526 3004 1755 3069 utroque
1800 2996 2005 3068 aliquid

161 3094 440 3151 excellens.
519 3095 808 3152 Elaborant
837 3096 928 3151 alii
958 3098 1012 3153 in
1045 3098 1265 3154 lenitate
1293 3106 1346 3153 ct
1375 3097 1754 3170 aequabilitate
1782 3105 1837 3152 et
1870 3114 2005 3169 puro

164 3197 316 3267 quasi
351 3196 583 3268 quodam
622 3205 676 3253 et
715 3197 941 3253 candido
981 3217 1175 3270 genere
1215 3200 1445 3255 dicendi.
1526 3200 1669 3255 Ecce
1708 3199 1873 3271 aliqui
1908 3199 2003 3254 du-

225 3379 262 3436 ¹)
293 3376 428 3438 Epist.
454 3377 508 3423 ad
529 3382 705 3439 Leptam
734 3379 807 3438 (ad
827 3383 945 3426 Fam.
968 3384 1041 3426 VI.
1059 3385 1130 3426 18.
1156 3383 1263 3439 §4.)
1298 3406 1356 3415 —
1389 3384 1429 3439 ⁹)
1462 3383 1619 3426 Orator
1645 3398 1681 3426 c.
1701 3383 1775 3427 19.
1807 3383 1922 3442 §61.
1945 3408 2002 3415 —

163 3453 342 3514 ³)1bid.
378 3471 414 3501 c.
440 3459 512 3501 31.
542 3458 690 3513 5112.
724 3483 783 3492 —
815 3459 856 3517 4)
890 3457 999 3504 ibid.
1031 3476 1066 3504 c.
1093 3464 1133 3506 1.
1170 3462 1254 3518 §3·
1287 3486 1345 3494 -
1378 3460 1420 3518 ⁵)
1448 3455 1561 3504 Ibid.
1598 3460 1623 3517 ς
1651 3462 1693 3505 1.
1726 3486 1783 3494 —
1818 3460 1858 3518 6)
1889 3458 1999 3503 lbid.

163 3548 198 3576 c.
220 3534 291 3577 16.
317 3534 341 3591 §
364 3537 435 3578 52.
