2210 3970
248 247 361 306 ,742
722 257 1048 294 ANNALES
1107 259 1611 297 οιόΕηοΝιΑΝῐ.

254 392 337 437 καὶ
384 396 487 440 τοῖς
526 389 712 443 τείχεσι
749 388 866 438 τούς
902 385 1261 448 ἐλαφροτάτους
1293 387 1596 449 στρατιώτας
1631 386 1918 449 ἐπιστήσας,
1966 398 2082 448 τούς

251 467 304 514 δὲ
327 466 680 530 Βρεντεσινούς
707 464 929 527 ἀτρεμεῖν
957 472 1060 512 κατ’
1092 469 1253 512 οἰκίαν
1285 469 1543 526 κελεύσας,
1581 470 1699 528 ὅλην
1726 468 1862 522 ἐντὸς
1896 473 1979 530 τήν
2001 476 2083 519 πό-

250 549 330 592 λιν
359 546 600 606 ἀνέσκαψε
635 548 714 590 καὶ
750 545 1069 608 διετάφρευσε
1097 548 1178 590 καὶ
1209 548 1467 592 σκολόπων
1500 546 1731 607 ἐνέπλησε
1762 552 1878 602 τούς
1906 569 2085 598 στενω-

248 627 375 678 πούς
411 626 532 683 πλήν
568 626 729 680 δυεῖν,
785 624 853 669 δι’
897 614 962 670 ὧν
993 624 1072 672 ἐπὶ
1104 627 1360 672 θάλατταν
1395 626 1548 679 αὐτὸς
1582 630 1839 685 κατῆλθεν.
1904 631 2084 691 Appian.

247 708 294 749 B.
323 707 366 748 C.
397 717 448 749 11.
482 719 518 749 c.
544 707 615 747 38.
648 701 813 755 Αὐτὸς
846 702 889 748 δ’
924 703 952 750 o‘
973 706 1234 766 Πομπήιος
1263 706 1356 751 τῶν
1391 705 1511 766 ἀμφ’
1546 706 1699 753 αὐτὸν
1739 708 1825 767 ἤδη
1854 709 2004 754 τελῶν
2030 708 2089 754 τοὶ

247 780 335 844 μὲν
358 782 506 828 ἔδωκε
535 790 638 834 τοῖς
666 782 869 835 ὑπάτοις
888 786 1184 847 προαπάγειν
1207 781 1255 837 ἒς
1276 789 1519 847 ”Ι-Ιπειρον
1535 784 1589 830 ἐκ
1614 789 1924 848 Βρεντεσίου.
1954 802 1992 830 c.
2011 788 2086 829 39.

245 865 342 909 Καὶ
381 861 671 908 διέπλευσαν
704 861 810 907 οἵδε
852 863 1033 908 αὐτίκα
1071 864 1300 922 ἀσφαλῶς
1334 866 1383 917 ἒς
1426 866 1724 927 Δυρράχιον.
1759 891 1818 899 —-
1851 881 1887 908 c.
1917 868 1989 909 40.
2025 864 2084 910 Οἱ

245 940 333 1003 μὲν
351 941 409 999 δή
438 943 559 1000 μετὰ
580 941 671 985 τῶν
691 940 882 987 ὑπάτων
900 942 1306 988 διεπεπλεύκεσαν
1330 942 1378 995 ἐς
1398 943 1454 989 τὸ
1471 947 1755 1006 Δυρράχιον
1777 961 1786 970 ·
1825 942 1853 988 o‘
1870 941 1922 989 δὲ
1952 946 2083 1003 Πομ-

246 1021 392 1077 πήιος
421 1023 506 1068 τὸν
530 1020 799 1066 ὑπόλοιπον
824 1022 1031 1083 στρατὸν
1055 1023 1101 1075 ἐς
1122 1022 1177 1068 τὸ
1206 1021 1499 1084 Βρεντέσιον
1529 1021 1739 1086 ἀγαγὼν,
1775 1023 1859 1075 τάς
1887 1040 1937 1069 τε
1967 1027 2084 1074 ναῦς

247 1099 470 1161 ἀνέμενεν
503 1099 820 1157 ἐπανελθεῖν,
861 1101 916 1145 αἱ)
943 1103 1059 1153 τούς
1090 1101 1303 1154 ὑπάτους
1335 1101 1591 1165 διέφερον,
1621 1106 1702 1148 καὶ
1737 1109 1824 1149 τὸν
1851 1106 2078 1165 Καίσαρα

250 1178 529 1226 ἐπελθόντα
557 1177 653 1224 ἀπὸ
690 1179 863 1236 τειχῶν
897 1179 1131 1241 ἠμύνετο,
1163 1180 1249 1239 τήν
1278 1198 1328 1227 τε
1360 1183 1512 1227 πόλιν
1543 1181 1841 1246 διετάφρευε.

317 1282 404 1357 (¹⁵)
447 1283 665 1348 Cicer0,
718 1301 886 1355 quum
916 1284 971 1337 in
1005 1284 1202 1339 litteris
1236 1286 1416 1357 Capua
1449 1285 1625 1341 allatis
1660 1287 1971 1341 nuntiatum
2002 1303 2081 1341 es-

244 1389 355 1448 set,
394 1383 526 1438 falso
567 1390 747 1439 tamen
792 1402 1039 1450 rumore,
1082 1387 1395 1458 Pompeium
1437 1387 1544 1441 iam
1580 1404 1730 1441 mare
1771 1388 2081 1452 transiisse,

242 1483 396 1539 ardet
437 1483 645 1550 dolore,
699 1502 796 1539 nec
841 1485 1176 1551 dissimulat,
1240 1504 1376 1558 quae
1408 1493 1529 1541 acta
1569 1493 1776 1551 essent,
1837 1487 1938 1540 sibi
1980 1487 2084 1542 dis-

242 1583 458 1656 plicere.
499 1602 608 1639 vm.
641 1603 686 1640 c.
713 1590 799 1641 20.
841 1589 910 1640 49
930 1604 1044 1657 sqq.
1074 1604 1144 1640 1x.
1187 1604 1232 1640 c.
1257 1591 1308 1640 5.
1349 1591 1399 1640 8.

305 1683 526 1729 Plutarch.
557 1688 700 1745 Pomp.
730 1700 766 1728 c.
787 1688 858 1729 63.
894 1689 935 1729 1.
969 1687 1028 1732 Οἱ
1051 1684 1138 1747 μὲν
1168 1681 1255 1733 οὖν
1289 1686 1430 1733 ἄλλοι
1453 1690 1540 1734 τοῦ
1566 1690 1827 1748 Πομπηίου
1856 1686 1940 1732 τὸν
1963 1685 2082 1732 ἀπό-

243 1762 394 1808 πλουν
439 1760 490 1806 ἐν
526 1770 628 1814 τοῖς
661 1763 884 1823 ἀρίστοις
915 1766 1141 1811 τίθενται
1173 1767 1592 1830 στρατηγήμασιν,
1626 1767 1777 1820 αὐτὸς
1805 1766 1860 1814 δὲ
1886 1771 2082 1828 Καῖσαρ

242 1840 517 1902 ἐθαύμαζεν
551 1843 632 1888 ὅτι
666 1846 747 1888 καὶ
780 1843 929 1889 πόλιν
962 1842 1082 1901 ἔχων
1116 1843 1303 1906 ὀχυράν
1333 1850 1414 1892 καὶ
1448 1846 1731 1908 προσδοκῶν
1758 1849 1841 1899 τὰς
1870 1845 1920 1897 ἐξ
1954 1845 2080 1906 Ἰβη·

244 1923 351 1983 ρίας
385 1921 614 1981 δυνάμεις
659 1925 740 1966 καὶ
774 1924 1189 1986 θαλασσοκρατῶν
1231 1923 1422 1975 ἐξέλιπε
1454 1929 1535 1972 καὶ
1568 1926 1812 1989 προήκατο
1846 1927 1929 1986 τήν
1953 1932 2080 1973 Ἰτα-

243 2001 371 2045 λίαν.
436 2003 676 2046 Αῑτιᾶται
706 2004 787 2047 καὶ
817 2002 1042 2065 Κικέρων
1071 2003 1148 2062 [ad
1167 2007 1259 2047 Ati.
1282 2017 1364 2048 vlt.
1384 2009 1456 2049 11.
1477 2008 1570 2065 3.],
1607 2008 1689 2053 ὅτι
1730 2006 1812 2065 τήν
1847 2009 2082 2067 Θεμιστο-

243 2079 413 2132 κλέους
439 2078 711 2141 ἐμιμήσατο
742 2084 1039 2146 στρατήγίαν
1071 2083 1258 2143 μᾶλλον
1286 2082 1315 2141 ἢ
1349 2082 1435 2141 τήν
1461 2083 1788 2146 Περικλέους,
1818 2084 1911 2129 τῶν
1938 2101 2080 2148 πραγ-

242 2160 408 2220 μάτων
441 2163 642 2213 τούτοις
674 2160 852 2222 ὁμοίων
887 2162 1065 2220 ὄντων,
1097 2162 1188 2208 οὐκ
1221 2161 1445 2214 ἐκείνοις.

317 2263 404 2339 (1⁶)
447 2266 552 2319 Diu
583 2267 763 2338 itaque
791 2267 1104 2323 deliberavit
1129 2267 1260 2339 quid
1293 2267 1393 2321 sibi
1418 2272 1558 2322 esset
1587 2266 1891 2322 faciendum
1913 2309 1928 2332 ,
1967 2286 2078 2324 vm.

239 2383 285 2420 c.
309 2369 399 2421 14.
446 2370 514 2419 55
557 2383 670 2437 sqq.
704 2384 749 2421 c.
775 2372 840 2423 21
883 2386 963 2441 sq.
995 2376 1048 2424 et
1082 2386 1149 2424 ne
1182 2374 1358 2422 totum
1391 2385 1448 2422 se
1480 2367 1809 2439 aegritudini
1838 2368 2080 2434 dederet,

232 2467 469 2538 >sumpsit
498 2468 598 2521 sibi
631 2469 889 2540 quasdam
925 2470 1103 2525 theses
1137 2469 1417 2541 politicaS,
1459 2468 1524 2523 de
1558 2470 1754 2541 quibus
1787 2471 1843 2524 in
1876 2476 2078 2526 utram·

239 2583 343 2638 que
363 2574 601 2638 partem,
622 2575 740 2623 tum
763 2570 990 2636 Graece,
1013 2578 1131 2625 tum
1157 2571 1342 2624 Latine
1363 2570 1636 2624 disseruit.
1660 2589 1771 2627 vm.
1800 2590 1845 2626 c.
1874 2576 1943 2626 25
1989 2579 2077 2628 57.

301 2667 523 2712 Plutarch.
559 2668 645 2715 Cic.
664 2685 699 2713 c.
719 2674 789 2714 37.
826 2674 868 2715 2.
901 2675 1002 2718 Καὶ
1029 2671 1178 2730 δῆλός
1203 2669 1310 2716 ἑστι
1342 2674 1398 2730 τῇ
1423 2668 1584 2733 γνώμῃ
1601 2673 1757 2717 πολλὰ
1781 2672 2079 2733 ῥιπτασθεὶς

241 2748 318 2792 ἐπ’
363 2746 617 2809 ἀμφότερα
662 2752 744 2794 καὶ
786 2750 1118 2809 δυσπαθήσας.
1197 2755 1393 2813 Γράφει
1433 2753 1521 2814 γάρ
1554 2751 1604 2797 ἐν
1649 2759 1756 2804 ταῖς
1793 2750 2078 2807 ἐπιστολαῖς

241 2824 526 2887 διαπορεῖν,
571 2827 816 2890 ποτέρωσε
856 2831 949 2894 χρή
993 2829 1288 2894 τρέπεσθαι,
1334 2834 1598 2892 Πομπηίου
1635 2829 1723 2891 μὲν
1768 2830 1959 2884 ἔνδοξον
1993 2837 2074 2880 καὶ

242 2906 393 2964 καλήν
426 2904 673 2954 ὑπόθεσιν
710 2908 830 2971 πρὸς
875 2911 962 2957 τὸν
1004 2912 1214 2971 πόλεμον
1251 2910 1468 2969 ἔχοντος,
1505 2916 1755 2974 Καίσαρος
1794 2913 1838 2957 δ’
1876 2912 2076 2974 ἄμεινον

242 2992 350 3049 τοῖς
389 2988 633 3050 πράγμασι
667 2988 916 3052 χρωμένου
956 2991 1037 3036 καὶ
1075 2993 1261 3050 μᾶλλον
1299 2991 1472 3039 ἑαυτὸν
1503 2992 1585 3038 καὶ
1620 2993 1738 3044 τούς
1775 2995 1950 3051 φίλους
1983 2993 2074 3040 σώ-

241 3065 436 3122 ζοντος,
488 3067 600 3112 ὥστ’
641 3068 774 3126 ἐχειν
805 3068 893 3129 μὲν
930 3071 985 3116 ὃν
1017 3073 1164 3134 φύγῃ,
1199 3072 1264 3132 μή
1294 3072 1423 3130 ἔχειν
1459 3073 1515 3120 δὲ
1542 3075 1664 3135 πρὸς
1693 3073 1749 3119 ὅν
1776 3076 1908 3137 φύγῃ
1943 3074 2071 3132 (conf.

239 3145 296 3189 ad
326 3147 419 3190 Att.
450 3159 555 3191 vul.
589 3150 627 3191 7.
658 3151 736 3207 2.).
800 3149 989 3208 Quintil.
1034 3163 1090 3195 11.
1127 3166 1163 3196 e.
1190 3156 1231 3196 1.
1268 3154 1309 3197 9.
1360 3155 1426 3196 An
1464 3153 1721 3214 ignoramus
1759 3156 1961 3216 antiquis
1997 3156 2073 3200 Ιιοι·

231 3221 389 3281 fuisse
411 3223 472 3267 ad
495 3225 740 3286 aagendam
758 3226 1054 3288 eloquentiam
1067 3244 1209 3288 genus
1227 3231 1583 3288 emer-citationis,
1612 3240 1664 3276 ut
1687 3232 1832 3276 theses
1849 3233 2043 3278 dicerent
2057 3268 2069 3290 ,

242 3307 285 3343 et
317 3317 563 3347 communes
601 3304 741 3361 locos,
776 3312 820 3349 et
853 3314 997 3350 cetera
1034 3309 1150 3352 citra
1182 3308 1458 3370 complex-uffa
1489 3326 1636 3354 rerum
1659 3326 2068 3372 personarumque,

238 3378 403 3439 quibus
434 3396 560 3424 verae
584 3382 814 3444 fictaeque
846 3388 1167 3431 controversiae
1200 3388 1518 3432 continentur?
1591 3387 1657 3432 ld.
1691 3401 1734 3432 x.
1769 3405 1805 3432 c.
1834 3393 1875 3434 5.
1912 3393 1981 3435 11.
2014 3393 2070 3435 In

242 3454 320 3500 Ῐιοσ
349 3458 512 3517 optime
545 3459 716 3513 facient
747 3462 959 3523 infinitae
989 3466 1294 3525 quaestione3‚
1328 3482 1442 3526 quas
1473 3466 1622 3510 vocari
1645 3465 1817 3519 θέσεις
1844 3466 2066 3526 diaeimus,

241 3533 403 3592 quibus
435 3536 579 3580 Cicero
615 3537 701 3582 iam
721 3541 933 3601 princeps
965 3542 1012 3588 in
1042 3542 1266 3603 republica
1296 3545 1489 3589 emerem·
1516 3544 1695 3590 solebat.
