2150 3990
273 247 375 296 158
866 257 1076 296 emano
1123 258 1193 295 mr
1241 257 1377 296 vrrA
1424 257 1529 295 suA

266 393 565 456 Postremo,
598 393 766 447 eiecto
785 393 896 447 sive
915 393 1110 447 emisso
1136 393 1243 448 iam
1262 408 1329 447 ex
1358 391 1496 446 Urbe
1521 390 1775 456 Catilina,
1814 391 1901 446 ille
1933 407 2081 449 arma

265 493 448 557 misit,
487 505 723 558 cornua,
761 492 953 556 tubaS,
994 490 1183 556 falceS,
1223 492 1405 563 signa,
1446 491 1675 561 ligones;
1733 490 1822 546 ille
1862 492 2083 548 relictus

263 592 411 646 intus
432 634 446 657 ,
487 598 825 665 exspectatus
865 591 992 646 foris
1013 634 1027 657 ,
1086 591 1297 646 Lentuli
1330 601 1503 663 poena·
1530 606 1865 662 compressus
1886 634 1900 656 ,
1959 609 2079 648 con-

262 692 424 745 vertit
455 708 512 746 so
549 692 834 763 aliquando
879 691 946 745 ad
987 692 1233 746 timorem
1254 733 1269 755 ,
1330 674 1624 762 numiluam
1670 690 1737 744 ad
1776 693 2076 747 sanitatem.

263 789 360 846 Hic
393 797 579 845 contra
612 791 688 846 ita
719 791 951 861 quievit,
991 797 1054 844 ut
1085 807 1145 844 eo
1183 796 1422 862 tempore
1454 791 1598 845 omni
1638 790 1853 863 Neapoli
1886 790 2078 857 fuerit,

261 890 351 946 ubi
391 907 563 962 neque
601 889 844 944 homines
888 888 1054 944 fuisse
1086 895 1349 961 putantur
1394 889 1556 944 huius
1600 890 1786 946 affines
1825 891 2078 963 suspicio-

261 991 344 1044 nis
365 1027 379 1054 ,
420 996 473 1043 et
498 989 648 1043 locus
667 994 749 1043 est
788 987 900 1060 ipse
939 1003 1044 1042 non
1070 994 1182 1043 tam
1221 988 1289 1043 ad
1315 981 1726 1047 inflammandos
1751 991 2078 1047 calamitoso-

258 1103 381 1145 rum
421 1089 656 1153 animos,
694 1099 857 1160 quam
890 1086 958 1142 ad
989 1087 1336 1143 consolandos
1367 1089 1812 1146 accommodatus
1907 1077 1910 1082 ’

330 1281 423 1347 1V.
503 1292 554 1344 9.
594 1289 820 1360 Propter
850 1286 988 1342 hanc
1021 1289 1193 1359 igitur
1220 1295 1428 1344 tantam
1461 1289 1958 1346 dissimilitudinem
1991 1291 2078 1346 ho·

257 1389 466 1446 minum
497 1396 660 1462 atque
690 1400 1005 1444 caussarum
1032 1386 1349 1445 dissimilem
1370 1407 1457 1446 me
1489 1391 1546 1446 in
1579 1398 1808 1463 utroque
1839 1391 2078 1464 praebui.

257 1493 357 1547 Αἱ]
402 1490 605 1546 Sullam
646 1506 857 1563 quoque
895 1505 1079 1546 omnes
1098 1532 1112 1555 ,
1165 1492 1259 1562 qui
1298 1490 1522 1546 'aderant
1542 1533 1557 1556 ,
1614 1493 1708 1563 qui
1741 1491 2080 1558 laborabant,

254 1592 348 1664 qui
369 1591 580 1649 salvum,
602 1590 876 1655 volebant,
916 1606 1012 1662 pro
1043 1605 1143 1645 sua
1173 1597 1326 1662 parte
1357 1595 1518 1662 atque
1550 1591 1872 1646 auctoritate
1903 1591 2079 1647 defen-

253 1691 465 1747 debant.
545 1683 721 1759 Quid2
752 1690 1048 1746 Autronio?
1090 1704 1267 1745 nonne
1292 1689 1527 1756 sodaleS,
1568 1706 1672 1745 non
1701 1690 1932 1763 collegae
1963 1693 2076 1758 sui,

254 1808 360 1847 non
399 1797 607 1848 veteres
646 1792 838 1856 amici,
877 1805 1107 1863 quorum
1146 1791 1235 1846 ille
1267 1792 1419 1863 eopia
1451 1791 1720 1864 quondam
1753 1792 2079 1859 abundarat,

253 1902 358 1947 no'n
386 1892 443 1947 bi
475 1909 660 1948 omnes
679 1933 695 1957 ,
734 1893 828 1964 qui
863 1898 990 1947 sunt
1024 1893 1080 1946 in
1114 1891 1390 1964 republica
1406 1893 1679 1965 principes
1698 1935 1714 1959 ,
1753 1893 2077 1955 defuerunt?

253 1993 421 2047 immo
465 1994 629 2048 etlam
680 1992 988 2048 testimonio
1033 1991 1275 2064 plerique
1326 1991 1632 2047 laeserunt?
1731 1974 2079 2059 Statuerant,

252 2099 465 2148 tantum
497 2092 630 2147 illud
675 2110 791 2148 esse
824 2092 1149 2148 maleficium
1173 2135 1186 2156 ,
1244 2092 1386 2165 quod
1425 2108 1530 2146 non
1569 2092 1726 2147 modo
1757 2109 1863 2148 non
1903 2094 2075 2148 occul-

250 2194 356 2249 tari
378 2209 473 2266 per
499 2209 555 2248 se
576 2229 591 2258 -,
631 2193 723 2248 sed
744 2194 908 2248 etiam
929 2194 1127 2266 aperiri
1150 2192 1518 2265 illustrarique
1538 2192 1770 2248 deberet.
1854 2199 1938 2250 10.
1980 2195 2076 2250 Er-

250 2300 358 2365 go³
392 2299 445 2348 et
478 2293 544 2348 de
570 2294 830 2349 Autronio
862 2300 917 2349 et
955 2293 1021 2349 de
1054 2294 1248 2349 ceteris
1287 2289 1550 2348 iudicium
1583 2309 1765 2349 meum
1797 2300 1851 2349 et
1882 2295 2076 2351 horum
2143 2299 2145 2301 ’

248 2395 555 2467 principum
594 2411 692 2467 par
724 2403 885 2467 atque
922 2410 1094 2450 unum
1140 2393 1306 2449 fuisse
1349 2393 1573 2449 affirmo.
1652 2395 1785 2463 Quis
1829 2403 2073 2452 nostrum

249 2494 422 2550 adfuit
478 2495 844 2567 Vargunteio?
935 2495 1132 2550 Nemo:
1198 2510 1266 2550 ne
1330 2494 1390 2562 Q.
1439 2494 1656 2567 quidem
1720 2496 2037 2552 Hortensius
2057 2540 2071 2562 ,

249 2597 567 2668 praesertim
618 2595 713 2667 qui
753 2593 906 2650 illum
952 2594 1096 2650 solus
1148 2601 1305 2650 antea
1349 2593 1415 2649 de
1472 2594 1679 2650 ambitu
1731 2596 2068 2653 defendisset.

249 2697 364 2752 Non
403 2699 546 2753 enim
581 2697 688 2751 iam
721 2713 778 2751 se
817 2696 925 2750 ullo
963 2694 1136 2750 officio
1167 2712 1292 2751 cum
1332 2695 1421 2750 illo
1459 2697 1808 2751 coniunctum
1848 2697 2071 2752 arbitra·

249 2798 442 2863 batur,
483 2813 651 2869 quum
687 2796 774 2851 ille
794 2838 808 2861 ‚
848 2802 999 2851 tanto
1038 2796 1236 2852 scelere
1274 2797 1560 2851 commisso
1579 2839 1594 2861 ‚
1634 2798 1876 2851 omnium
1909 2797 2070 2853 offici-

249 2916 405 2955 orum
451 2899 760 2954 societatem
814 2897 1133 2953 diremisset.
1215 2897 1346 2966 Quis
1393 2903 1636 2952 nostrum
1675 2898 1788 2953 Ser.
1833 2897 2034 2953 Sullam
2055 2941 2069 2963 ,

249 3001 371 3073 quis
403 2999 492 3065 P.,
530 3000 654 3071 quis
691 2999 758 3054 M.
797 2998 1046 3064 Laecam,
1087 2999 1208 3071 quis
1240 3000 1293 3054 C.
1329 2998 1632 3054 Cornelium
1677 2998 2067 3054 defendendum
2136 3004 2142 3014 “

248 3100 493 3172 putavit?
535 3100 656 3171 quis
689 3098 773 3153 his
812 3098 1018 3154 adfuit?
1060 3098 1239 3155 Nemo.
1283 3099 1422 3167 Quid
1463 3099 1573 3153 ita?
1615 3098 1752 3166 Quia
1785 3101 1978 3155 ceteris
2013 3100 2068 3154 in

250 3201 456 3255 caussis
492 3200 655 3254 etiam
696 3206 946 3254 nocentes
978 3200 1079 3254 viri
1120 3200 1243 3254 boni
1264 3236 1278 3265 ,
1319 3201 1365 3254 si
1406 3200 1692 3257 necessarii
1726 3207 1882 3265 sunt,
1922 3199 2067 3255 dese-

251 3300 443 3357 rendos
468 3317 584 3373 esse
612 3315 716 3354 non
759 3307 983 3372 putant:
1024 3302 1080 3355 in
1110 3301 1208 3356 hoc
1237 3302 1463 3356 crimine
1493 3316 1597 3355 non
1628 3300 1798 3356 solum
1834 3300 2066 3358 levitatis

315 3545 354 3602 ¹)
387 3557 463 3603 pro
493 3541 617 3588 Sulla
644 3558 679 3589 e.
714 3545 753 3587 2.
787 3544 870 3599 M.
905 3568 961 3577 -
997 3545 1035 3602 ³)
1070 3541 1176 3588 lbid.
1211 3543 1294 3598 §¹2
1329 3568 1387 3576 —-
1418 3542 1458 3598 5)
1493 3539 1601 3586 thid.
1636 3544 1718 3601 95.
