2210 3970
669 222 903 262 Annus
955 221 1001 262 υ.
1054 224 1099 263 c.
1157 211 1283 263 711.
1813 213 1922 267 817

19 402 27 410 .
81 353 212 417 11318
242 365 341 428 per
376 354 445 410 M.
473 352 733 428 Lepidum
765 370 892 410 cum
928 355 998 411 Μ.
1026 355 1258 411 Antonio
1289 354 1495 427 gratia,
1533 354 1758 412 Romam
1792 374 1919 413 cum

80 455 324 512 exercitu
370 455 517 512 venit
570 461 653 521 et,
694 455 957 528 perculsis
996 456 1064 510 iis
1113 456 1207 527 qui
1247 456 1303 510 in
1344 473 1467 512 eum
1506 457 1679 529 iniqui
1725 464 1916 525 erant,

9 570 129 699 ga.
165 553 217 610 d.
253 573 304 610 x.
334 553 451 610 Kal.
493 552 747 610 Octobres
790 555 887 628 [=
909 558 978 609 22
1005 555 1211 629 Septb.]
1257 556 1595 612 consulatum
1637 558 1760 613 iniit
1790 576 1917 615 cum

9 590 142 723 iQ.
164 652 374 717 Pedio,
415 652 589 727 pridie
616 670 791 726 quam
825 669 1030 711 annum
1066 655 1314 728 impleret
1356 657 1696 728 vigesimum.
1744 660 1815 733 (v.
1848 659 1916 715 ad

79 751 452 827 a.691.17.)

12 813 37 843 ἱ
139 855 319 901 Sueton.
361 856 475 915 Aug.
514 867 552 899 c.
581 854 654 899 12.
717 852 809 898 Sed
835 860 891 899 ut
925 853 1156 918 cognovit,
1187 854 1427 901 Antonium
1460 863 1571 918 post
1590 856 1762 918 sugam
1793 875 1823 902 a
1855 859 1914 905 M.

8 882 242 997 {itepide
274 937 497 994 receptum
513 964 527 988 ,
570 938 821 994 ceterosque
863 930 996 978 duces
1028 938 1071 979 et
1109 934 1333 980 exercitus
1369 935 1617 979 consentire
1649 951 1739 996 pro
1763 936 1915 997 parti·

39 1009 159 1056 bus
175 1042 190 1068 ,
237 1024 444 1055 caussam
483 1010 769 1071 optimatium
805 1010 902 1055 sine
943 1011 1223 1056 cunctatione
1265 1010 1491 1068 deseruit,
1532 1010 1596 1056 ad
1624 1018 1917 1073 praetextum

8 1096 11 1147 ζ
75 1091 276 1133 mutatae
306 1085 555 1133 voluntatis
585 1085 708 1131 dicta
729 1087 954 1151 factaque
979 1089 1269 1152 quorumdam
1299 1088 1632 1135 calumniatus:
1665 1090 1800 1151 quasi
1829 1089 1918 1135 alii

13 1183 15 1205 ῑ
74 1178 124 1211 se
139 1179 364 1228 puerum,
397 1163 484 1209 alii
518 1162 764 1209 ornandum
796 1165 1124 1230 tollendumque
1155 1169 1425 1223 iactassent,
1461 1183 1517 1212 ne
1552 1173 1635 1211 aut
1680 1167 1800 1224 sibi,
1833 1175 1917 1213 aut

15 1283 19 1286 .
73 1240 298 1287 veteranis
333 1256 422 1303 par
457 1242 613 1304 gratia
654 1241 914 1302 referretur.
960 1245 1149 1291 Velleius
1183 1258 1236 1291 1¹.
1279 1260 1315 1290 c.
1344 1248 1416 1290 62.
1450 1248 1493 1290 5.
1554 1251 1737 1291 Pansae
1779 1252 1917 1307 atque

8 1339 38 1385 1
75 1317 223 1365 Hirtii
250 1333 437 1382 corpora
455 1319 643 1382 publica
682 1322 916 1383 sepultura
949 1321 1198 1379 honorata5
1233 1323 1438 1368 Caesaris
1468 1323 1577 1369 adeo
1603 1324 1732 1369 nulla
1761 1324 1916 1370 habita

19 1385 51 1458 ζ
73 1395 264 1456 mentio,
290 1403 344 1443 ut
371 1394 513 1459 legati
528 1430 543 1455 ,
575 1397 658 1461 qui
692 1398 755 1444 ad
792 1401 1034 1446 exercitum
1051 1400 1148 1445 eius
1163 1399 1295 1443 missi
1320 1407 1477 1458 erant,
1510 1401 1767 1446 iuberentur
1796 1418 1916 1446 sum-

24 1469 38 1507 fl*
73 1481 190 1521 moto
217 1489 266 1521 eo
292 1473 463 1521 milites
501 1475 686 1539 alloqui.
720 1479 814 1523 Non
832 1478 940 1538 fnit
972 1484 1064 1522 tam
1096 1476 1304 1537 ingratus
1321 1478 1571 1536 exercitus,
1603 1495 1737 1541 quam
1749 1479 1916 1539 fuerat

6 1551 19 1601 ',·
74 1560 272 1599 senatm.
303 1554 415 1598 Nam
433 1570 570 1616 quum
597 1571 692 1600 eam
723 1555 938 1601 iniuriam
955 1553 1279 1599 dissimulando
1310 1556 1472 1600 Caesar
1497 1555 1670 1615 ferret,
1702 1575 1916 1621 negavere

71 1631 242 1677 milites
273 1631 370 1678 sine
399 1632 666 1695 imperatore
701 1648 783 1678 suo
818 1631 916 1678 ulla
948 1648 995 1677 se
1025 1630 1263 1677 audituros
1297 1632 1522 1680 mandata.
1589 1637 1679 1680 Hoc
1703 1644 1771 1682 est
1795 1634 1919 1682 illud

7 1728 19 1742 2
73 1718 277 1773 tempus,
324 1725 412 1772 quo
459 1710 606 1755 Cicero
653 1711 792 1756 insito
834 1725 982 1754 amore
1023 1710 1395 1771 Pompeianarum
1432 1712 1640 1773 partium
1686 1714 1916 1759 Caesarem

9 1811 11 1813 ·
71 1786 344 1835 laudandum
384 1794 430 1833 et
473 1786 717 1834 tollendum
758 1785 991 1842 censebat,
1039 1803 1177 1847 quum
1219 1785 1352 1833 aliud
1390 1787 1585 1846 diceret,
1620 1789 1755 1835 aliud
1783 1789 1915 1836 intel·

8 1864 14 1922 ζ
71 1865 158 1930 ligi
181 1864 315 1913 vellet
345 1863 476 1925 (conf.
511 1867 674 1910 Brutus
701 1861 756 1909 ad
789 1864 874 1910 cie.
909 1862 984 1922 (ad
1019 1866 1139 1908 Fam.
1167 1868 1323 1911 11.20.
1345 1867 1406 1926 1.)
1439 1891 1499 1900 -
1530 1870 1660 1913 c.65.
1697 1872 1736 1913 1.
1807 1871 1916 1913 Tum

35 1987 40 1989 Δ
69 1946 188 1994 inter
218 1962 317 1992 eum
347 1941 605 2007 (Lepidum)
642 1944 955 2003 Caesaremque
987 1947 1031 1986 et
1062 1942 1302 1987 Antonium
1333 1943 1590 1989 commercia
1622 1944 1915 2007 epistolarum

6 2076 10 2082 ,ι
68 2030 114 2071 et
154 2022 455 2070 conditionum
496 2022 618 2067 iacta
653 2019 817 2065 mentio
861 2045 933 2064 -—.
978 2018 1129 2080 Igitur
1161 2018 1295 2079 {inita
1334 2020 1565 2082 potentiae
1612 2023 1804 2068 societas
1838 2050 1912 2069 —.

9 2127 17 2147 ,ι
73 2099 447 2162 Consulatumque
461 2099 570 2145 iniit
590 2099 751 2143 Caesar
774 2095 952 2158 pridie,
986 2111 1119 2156 qnam
1151 2097 1317 2158 viginti
1332 2114 1471 2143 annos
1486 2098 1716 2161 impleret,
1749 2113 1792 2146 x.
1812 2098 1914 2146 Kal.

7 2179 21 2217 ὲ
73 2178 309 2236 Octobris,
349 2194 450 2224 cum
486 2176 656 2238 collega
690 2175 742 2234 Q.
770 2174 934 2231 Pedio,
959 2180 1067 2234 post
1112 2173 1265 2218 Urbem
1312 2174 1535 2220 conditam
1582 2178 1714 2223 annis
1742 2192 1880 2224 »σου
1899 2211 1914 2235 ,

30 2266 34 2270 ’
73 2263 178 2303 ante
209 2266 370 2311 mxu,
403 2270 538 2316 quam
555 2261 640 2311 tu,
668 2256 728 2299 M.
751 2253 925 2308 Vinici,
950 2250 1231 2296 consulatum
1262 2251 1401 2297 inires
1439 2255 1550 2312 [711
1579 2265 1626 2311 -f-
1656 2258 1914 2302 72:783.

9 2384 11 2387 ,
65 2350 154 2397 quo
185 2348 298 2381 anno
335 2335 389 2378 M.
422 2330 616 2377 Vinicius
647 2330 801 2376 consul
831 2329 920 2375 fuit
951 2345 1057 2375 cum
1094 2332 1139 2374 C.
1170 2330 1311 2376 Cassio
1341 2331 1566 2393 Longin03
1598 2350 1685 2396 quo
1717 2342 1913 2397 tempore

67 2409 260 2458 Velleius
293 2408 426 2455 libros
457 2424 556 2454 suos
597 2408 851 2471 composuit.
885 2425 927 2453 v.
961 2411 1091 2453 Henr.
1128 2407 1400 2465 Dodweilus,
1451 2409 1646 2455 Annales
1697 2410 1915 2455 Velleiani

67 2490 252 2549 §.xxlx.
283 2488 332 2533 in
364 2486 470 2533 edit.
504 2486 683 2532 Ruhnk.
717 2505 757 2549 p.
772 2488 946 2544 cxlu.].
989 2485 1135 2530 Livius
1168 2484 1281 2546 Epit.
1315 2489 1418 2532 119.
1467 2486 1690 2532 Adversus
1730 2489 1773 2533 C.
1805 2490 1914 2533 Cae·

66 2581 242 2624 sarem,
284 2565 366 2628 qui
394 2563 518 2610 solus
555 2580 578 2610 e
611 2564 756 2610 tribus
799 2563 987 2609 ducibus
1028 2571 1283 2625 supererat,
1322 2580 1488 2626 parum
1529 2573 1692 2626 gratus
1728 2573 1916 2612 senatus

18 2703 21 2708 ι
58 2643 197 2706 fuit:
228 2644 340 2706 qui,
375 2645 429 2689 D.
463 2645 638 2699 Bruto,
670 2641 895 2686 obsidione
933 2640 1179 2686 Mutinensi
1209 2657 1238 2685 a
1274 2642 1459 2687 Caesare
1502 2641 1719 2700 liberato,
1754 2643 1914 2689 honore

69 2721 289 2784 triumphi
320 2720 523 2779 decreto,
560 2719 765 2764 Caesaris
794 2717 1079 2779 militumque
1111 2718 1210 2762 eius
1245 2720 1507 2764 mentionem
1547 2736 1634 2765 non
1668 2722 1787 2766 satis
1808 2739 1913 2783 gra·

0 2807 1 2810 ’
66 2809 160 2847 tam
198 2800 368 2847 babuit.
436 2799 501 2845 Ob
537 2813 651 2859 quae
701 2797 745 2842 C.
781 2797 974 2843 Caesar,
1017 2794 1307 2839 reconciliata
1344 2812 1433 2857 per
1473 2800 1533 2841 Μ.
1562 2798 1778 2859 Lepidum
1809 2817 1909 2845 cum

16 2899 45 2985 Ξ
67 2882 128 2925 Μ.
155 2879 346 2925 Antonio
374 2877 557 2940 gratia,
591 2877 775 2920 Romam
806 2891 904 2919 cum
935 2873 1132 2918 exercitu
1172 2872 1318 2929 venit,
1351 2881 1425 2930 et,
1465 2875 1693 2936 perculsis
1719 2877 1913 2923 adventu

32 2987 41 2994 --
69 2957 167 3003 eius
197 2957 284 3014 iis,
328 2956 409 3018 qui
438 2955 486 3000 in
517 2969 616 2998 eum
657 2952 807 3013 iniqui
838 2957 996 3007 erant,
1036 2967 1172 3011 quum
1211 2967 1350 2995 annos
1381 2953 1674 2999 novemdecim
1700 2954 1910 3014 haberet,

23 3039 38 3073 <
70 3033 229 3080 consul
255 3041 434 3079 creatus
461 3039 542 3077 est.
576 3030 740 3092 Dialog.
772 3028 827 3074 de
858 3031 977 3074 Orat.
1010 3044 1047 3073 c.
1066 3032 1139 3073 17.
1158 3031 1200 3073 2.
1250 3029 1397 3073 Divus
1426 3031 1659 3093 Augustus
1688 3034 1737 3078 in
1765 3034 1909 3079 locum

0 3074 47 3123 ζ
26 3112 245 3183 Pansae
270 3118 315 3156 et
341 3110 486 3155 Hirtii
519 3125 566 3154 se
592 3115 636 3153 et
665 3107 716 3166 Q.
731 3105 918 3151 Pedium
948 3120 1058 3149 coss.
1091 3104 1287 3165 suffecit.
1338 3107 1454 3152 Couf.
1489 3110 1673 3171 Appian.
1707 3115 1754 3156 B.
1772 3115 1816 3157 C.
1834 3126 1909 3158 111.

26 3143 49 3280 Ξ
70 3191 186 3235 0.80
205 3205 297 3252 sqq.
330 3188 410 3233 Dio
426 3199 549 3232 XLVI.
582 3188 696 3230 040
712 3200 804 3247 sqq.
837 3181 1057 3229 Plutarch.
1091 3186 1215 3227 Brut.
1247 3198 1283 3227 c.
1317 3185 1392 3229 27.
1441 3185 1526 3232 Cic.
1557 3191 1687 3234 (246.
1730 3192 1910 3253 Eutrop.

20 3247 154 3408 {vm
203 3281 241 3313 c.
269 3269 312 3311 2.
370 3269 550 3311 Sueten.
581 3266 695 3325 Aug.
728 3278 765 3308 c.
799 3264 872 3307 26.

147 3371 234 3447 (²¹)
276 3370 478 3428 Deinde
523 3385 654 3442 pace
706 3365 848 3421 facta
890 3366 1034 3420 inter
1074 3364 1465 3432 Octavianum,
1520 3369 1814 3426 Antonium
1855 3381 1909 3428 et

24 3410 376 3547 inmitium,
429 3469 572 3546 apud
625 3467 955 3525 confluentes
1007 3467 1150 3521 inter
1189 3453 1468 3525 Perusiam
1518 3477 1572 3524 et
1622 3470 1913 3528 Bononiam

1539 3570 1597 3618 71

26 3634 50 3719 ’ᾗ
