<?xml version="1.0" encoding="UTF-8"?>
<!DOCTYPE html PUBLIC "-//W3C//DTD XHTML 1.0 Transitional//EN"
    "http://www.w3.org/TR/xhtml1/DTD/xhtml1-transitional.dtd">
<html xmlns="http://www.w3.org/1999/xhtml" xml:lang="en" lang="en">
 <head>
  <title>
</title>
<meta http-equiv="Content-Type" content="text/html;charset=utf-8" />
  <meta name='ocr-system' content='tesseract 3.04.00' />
  <meta name='ocr-capabilities' content='ocr_page ocr_carea ocr_par ocr_line ocrx_word'/>
</head>
<body>
  <div class='ocr_page' id='page_1' title='image "./mtulliiciceronis00suriuoft/mtulliiciceronis00suriuoft_0698.png"; bbox 0 0 2210 3970; ppageno 0'>
   <div class='ocr_carea' id='block_1_1' title="bbox 258 250 1629 300">
    <p class='ocr_par' dir='ltr' id='par_1_1' title="bbox 258 250 1629 300">
     <span class='ocr_line' id='line_1_1' title="bbox 258 250 1629 300; baseline -0.004 -1"><span class='ocrx_word' id='word_1_1' title='bbox 258 250 365 300; x_wconf 74' lang='lat'><strong><em>67⁶).</em></strong></span> <span class='ocrx_word' id='word_1_2' title='bbox 734 258 1062 298; x_wconf 73' lang='lat' dir='ltr'><strong>ANNALsss</strong></span> <span class='ocrx_word' id='word_1_3' title='bbox 1121 258 1629 296; x_wconf 49' lang='lat' dir='ltr'><strong>messorium.</strong></span> 
     </span>
    </p>
   </div>
   <div class='ocr_carea' id='block_1_2' title="bbox 251 386 2088 757">
    <p class='ocr_par' dir='ltr' id='par_1_2' title="bbox 251 386 2088 757">
     <span class='ocr_line' id='line_1_2' title="bbox 255 386 2086 449; baseline -0.001 -16"><span class='ocrx_word' id='word_1_4' title='bbox 255 391 369 445; x_wconf 79' lang='lat' dir='ltr'><strong>diem</strong></span> <span class='ocrx_word' id='word_1_5' title='bbox 393 406 440 434; x_wconf 80' lang='lat' dir='ltr'><strong>se</strong></span> <span class='ocrx_word' id='word_1_6' title='bbox 466 389 526 433; x_wconf 84' lang='lat' dir='ltr'><strong>ad</strong></span> <span class='ocrx_word' id='word_1_7' title='bbox 545 388 874 433; x_wconf 80' lang='lat' dir='ltr'><strong>deliberandum</strong></span> <span class='ocrx_word' id='word_1_8' title='bbox 901 395 1183 448; x_wconf 79' lang='lat' dir='ltr'><strong>sumpturum</strong></span> <span class='ocrx_word' id='word_1_9' title='bbox 1196 408 1214 442; x_wconf 90' lang='lat'><em>;</em></span> <span class='ocrx_word' id='word_1_10' title='bbox 1245 388 1289 431; x_wconf 78' lang='lat' dir='ltr'><strong>si</strong></span> <span class='ocrx_word' id='word_1_11' title='bbox 1313 387 1425 448; x_wconf 80' lang='lat' dir='ltr'><strong>quid</strong></span> <span class='ocrx_word' id='word_1_12' title='bbox 1442 387 1628 443; x_wconf 81' lang='lat' dir='ltr'><strong>vellent,</strong></span> <span class='ocrx_word' id='word_1_13' title='bbox 1662 403 1702 430; x_wconf 89' lang='lat' dir='ltr'><strong>a.</strong></span> <span class='ocrx_word' id='word_1_14' title='bbox 1722 386 1765 430; x_wconf 88' lang='lat' dir='ltr'><strong>d.</strong></span> <span class='ocrx_word' id='word_1_15' title='bbox 1783 386 1893 432; x_wconf 71' lang='lat' dir='ltr'><strong>Idus</strong></span> <span class='ocrx_word' id='word_1_16' title='bbox 1911 389 2086 449; x_wconf 80' lang='lat' dir='ltr'><em>Apriles</em></span> 
     </span>
     <span class='ocr_line' id='line_1_3' title="bbox 255 463 2085 528; baseline -0.001 -16"><span class='ocrx_word' id='word_1_17' title='bbox 255 470 340 526; x_wconf 69' lang='grc' dir='ltr'><strong>[Ξ</strong></span> <span class='ocrx_word' id='word_1_18' title='bbox 374 472 429 512; x_wconf 89' lang='grc'><strong>13</strong></span> <span class='ocrx_word' id='word_1_19' title='bbox 461 468 596 528; x_wconf 81' lang='lat' dir='ltr'><strong>April.</strong></span> <span class='ocrx_word' id='word_1_20' title='bbox 629 470 717 511; x_wconf 88' lang='grc'><strong>696</strong></span> <span class='ocrx_word' id='word_1_21' title='bbox 749 483 812 509; x_wconf 74' lang='lat'><strong>:-</strong></span> <span class='ocrx_word' id='word_1_22' title='bbox 844 469 870 508; x_wconf 85' lang='lat'>2</span> <span class='ocrx_word' id='word_1_23' title='bbox 906 466 1001 509; x_wconf 81' lang='lat' dir='ltr'><strong>Maii</strong></span> <span class='ocrx_word' id='word_1_24' title='bbox 1042 468 1101 508; x_wconf 86' lang='lat'><strong>58</strong></span> <span class='ocrx_word' id='word_1_25' title='bbox 1133 481 1170 509; x_wconf 80' lang='lat' dir='ltr'><strong>a.</strong></span> <span class='ocrx_word' id='word_1_26' title='bbox 1205 466 1272 522; x_wconf 93' lang='lat' dir='ltr'><strong>C.]</strong></span> <span class='ocrx_word' id='word_1_27' title='bbox 1315 472 1648 508; x_wconf 78' lang='lat' dir='ltr'><strong>reverterentur.</strong></span> <span class='ocrx_word' id='word_1_28' title='bbox 1693 463 1811 508; x_wconf 85' lang='lat' dir='ltr'><strong>Conf.</strong></span> <span class='ocrx_word' id='word_1_29' title='bbox 1848 481 1886 509; x_wconf 89' lang='lat' dir='ltr'><strong>c.</strong></span> <span class='ocrx_word' id='word_1_30' title='bbox 1921 470 2085 511; x_wconf 83' lang='lat'><strong>8—30.</strong></span> 
     </span>
     <span class='ocr_line' id='line_1_4' title="bbox 252 541 2088 604; baseline -0.002 -15"><span class='ocrx_word' id='word_1_31' title='bbox 252 545 397 589; x_wconf 84' lang='lat' dir='ltr'><strong>Livius</strong></span> <span class='ocrx_word' id='word_1_32' title='bbox 429 545 541 604; x_wconf 88' lang='lat' dir='ltr'><strong>Epit.</strong></span> <span class='ocrx_word' id='word_1_33' title='bbox 573 549 674 589; x_wconf 89' lang='lat'>103.</span> <span class='ocrx_word' id='word_1_34' title='bbox 713 546 892 599; x_wconf 78' lang='lat' dir='ltr'><strong>Caesar,</strong></span> <span class='ocrx_word' id='word_1_35' title='bbox 927 544 975 586; x_wconf 82' lang='lat' dir='ltr'><strong>in</strong></span> <span class='ocrx_word' id='word_1_36' title='bbox 999 544 1278 604; x_wconf 79' lang='lat' dir='ltr'><strong>provinciam</strong></span> <span class='ocrx_word' id='word_1_37' title='bbox 1320 542 1514 586; x_wconf 80' lang='lat' dir='ltr'><em>Galliam</em></span> <span class='ocrx_word' id='word_1_38' title='bbox 1538 541 1803 603; x_wconf 74' lang='lat' dir='ltr'><strong>profectus,</strong></span> <span class='ocrx_word' id='word_1_39' title='bbox 1838 542 2088 598; x_wconf 74' lang='lat' dir='ltr'><strong>Helvetios,</strong></span> 
     </span>
     <span class='ocr_line' id='line_1_5' title="bbox 251 611 2087 684; baseline -0.002 -17"><span class='ocrx_word' id='word_1_40' title='bbox 251 639 408 684; x_wconf 83' lang='lat' dir='ltr'><strong>vagam</strong></span> <span class='ocrx_word' id='word_1_41' title='bbox 440 630 640 683; x_wconf 76' lang='lat' dir='ltr'><strong>gentem,</strong></span> <span class='ocrx_word' id='word_1_42' title='bbox 674 621 871 665; x_wconf 83' lang='lat' dir='ltr'><em>domuit:</em></span> <span class='ocrx_word' id='word_1_43' title='bbox 905 637 1018 680; x_wconf 85' lang='lat' dir='ltr'><strong>quae</strong></span> <span class='ocrx_word' id='word_1_44' title='bbox 1045 621 1189 664; x_wconf 79' lang='lat' dir='ltr'><strong>sedem</strong></span> <span class='ocrx_word' id='word_1_45' title='bbox 1223 635 1437 682; x_wconf 77' lang='lat' dir='ltr'><strong>quaerens</strong></span> <span class='ocrx_word' id='word_1_46' title='bbox 1461 636 1546 680; x_wconf 81' lang='lat' dir='ltr'><strong>per</strong></span> <span class='ocrx_word' id='word_1_47' title='bbox 1569 621 1848 679; x_wconf 76' lang='lat' dir='ltr'><strong>provinciam</strong></span> <span class='ocrx_word' id='word_1_48' title='bbox 1885 611 2087 665; x_wconf 53' lang='lat' dir='ltr'><strong>Caesaris</strong></span> 
     </span>
     <span class='ocr_line' id='line_1_6' title="bbox 251 697 2086 757; baseline -0.001 -13"><span class='ocrx_word' id='word_1_49' title='bbox 251 701 493 745; x_wconf 82' lang='lat' dir='ltr'><strong>Narbonem</strong></span> <span class='ocrx_word' id='word_1_50' title='bbox 536 701 624 744; x_wconf 83' lang='lat' dir='ltr'><strong>iter</strong></span> <span class='ocrx_word' id='word_1_51' title='bbox 648 697 808 757; x_wconf 83' lang='lat' dir='ltr'><strong>facere</strong></span> <span class='ocrx_word' id='word_1_52' title='bbox 848 697 1032 743; x_wconf 77' lang='lat' dir='ltr'><strong>volebat.</strong></span> <span class='ocrx_word' id='word_1_53' title='bbox 1114 697 1174 743; x_wconf 84' lang='lat' dir='ltr'><strong>Cf.</strong></span> <span class='ocrx_word' id='word_1_54' title='bbox 1210 699 1286 743; x_wconf 91' lang='lat' dir='ltr'><strong>Dio</strong></span> <span class='ocrx_word' id='word_1_55' title='bbox 1319 711 1520 743; x_wconf 78' lang='lat' dir='ltr'><strong>xxxvm.</strong></span> <span class='ocrx_word' id='word_1_56' title='bbox 1553 713 1589 744; x_wconf 90' lang='lat' dir='ltr'><strong>c.</strong></span> <span class='ocrx_word' id='word_1_57' title='bbox 1619 700 1815 742; x_wconf 87' lang='lat'><strong>31—33.</strong></span> <span class='ocrx_word' id='word_1_58' title='bbox 1865 698 2086 743; x_wconf 83' lang='lat' dir='ltr'>Plutarch.</span> 
     </span>
    </p>
   </div>
   <div class='ocr_carea' id='block_1_3' title="bbox 251 778 912 823">
    <p class='ocr_par' dir='ltr' id='par_1_3' title="bbox 251 778 912 823">
     <span class='ocr_line' id='line_1_7' title="bbox 251 778 912 823; baseline -0.003 -1"><span class='ocrx_word' id='word_1_59' title='bbox 251 781 363 823; x_wconf 81' lang='lat' dir='ltr'><strong>Caes.</strong></span> <span class='ocrx_word' id='word_1_60' title='bbox 397 794 432 822; x_wconf 90' lang='lat' dir='ltr'><strong>c.</strong></span> <span class='ocrx_word' id='word_1_61' title='bbox 452 781 524 822; x_wconf 87' lang='lat'><strong>18.</strong></span> <span class='ocrx_word' id='word_1_62' title='bbox 573 779 695 822; x_wconf 82' lang='lat' dir='ltr'><strong>Oros.</strong></span> <span class='ocrx_word' id='word_1_63' title='bbox 726 789 789 819; x_wconf 80' lang='lat' dir='ltr'><strong>vl.</strong></span> <span class='ocrx_word' id='word_1_64' title='bbox 818 791 852 818; x_wconf 90' lang='lat' dir='ltr'><strong>c.</strong></span> <span class='ocrx_word' id='word_1_65' title='bbox 874 778 912 820; x_wconf 85' lang='lat'><strong>7.</strong></span> 
     </span>
    </p>
   </div>
   <div class='ocr_carea' id='block_1_4' title="bbox 248 861 2089 1170">
    <p class='ocr_par' dir='ltr' id='par_1_4' title="bbox 248 861 2089 1170">
     <span class='ocr_line' id='line_1_8' title="bbox 328 861 2086 970; baseline -0.001 -21"><span class='ocrx_word' id='word_1_66' title='bbox 328 861 413 970; x_wconf 77' lang='lat'>(¹⁶)</span> <span class='ocrx_word' id='word_1_67' title='bbox 456 897 581 949; x_wconf 89' lang='lat' dir='ltr'><strong>Post</strong></span> <span class='ocrx_word' id='word_1_68' title='bbox 617 894 887 948; x_wconf 82' lang='lat' dir='ltr'>Ciceronis</span> <span class='ocrx_word' id='word_1_69' title='bbox 935 892 1230 946; x_wconf 84' lang='lat' dir='ltr'><strong>discessum</strong></span> <span class='ocrx_word' id='word_1_70' title='bbox 1270 891 1483 946; x_wconf 84' lang='lat' dir='ltr'>Clodius</span> <span class='ocrx_word' id='word_1_71' title='bbox 1516 892 1582 948; x_wconf 90' lang='lat' dir='ltr'><strong>de</strong></span> <span class='ocrx_word' id='word_1_72' title='bbox 1623 895 1740 948; x_wconf 91' lang='lat' dir='ltr'><strong>eius</strong></span> <span class='ocrx_word' id='word_1_73' title='bbox 1780 894 1965 948; x_wconf 87' lang='lat' dir='ltr'><strong>exsilio</strong></span> <span class='ocrx_word' id='word_1_74' title='bbox 2018 893 2086 948; x_wconf 82' lang='lat' dir='ltr'><strong>ad</strong></span> 
     </span>
     <span class='ocr_line' id='line_1_9' title="bbox 248 992 2087 1068; baseline -0.001 -19"><span class='ocrx_word' id='word_1_75' title='bbox 248 995 503 1068; x_wconf 88' lang='lat' dir='ltr'><strong>populum</strong></span> <span class='ocrx_word' id='word_1_76' title='bbox 553 992 719 1047; x_wconf 82' lang='lat' dir='ltr'><strong>refert</strong></span> <span class='ocrx_word' id='word_1_77' title='bbox 763 992 1108 1062; x_wconf 84' lang='lat' dir='ltr'><strong>edictumque</strong></span> <span class='ocrx_word' id='word_1_78' title='bbox 1145 992 1419 1062; x_wconf 87' lang='lat' dir='ltr'><strong>proponit,</strong></span> <span class='ocrx_word' id='word_1_79' title='bbox 1476 999 1538 1046; x_wconf 91' lang='lat' dir='ltr'><strong>ut</strong></span> <span class='ocrx_word' id='word_1_80' title='bbox 1579 993 1658 1047; x_wconf 89' lang='lat' dir='ltr'><strong>illi</strong></span> <span class='ocrx_word' id='word_1_81' title='bbox 1698 1011 1837 1064; x_wconf 84' lang='lat' dir='ltr'><strong>aqua</strong></span> <span class='ocrx_word' id='word_1_82' title='bbox 1875 1000 1928 1049; x_wconf 91' lang='lat' dir='ltr'><strong>et</strong></span> <span class='ocrx_word' id='word_1_83' title='bbox 1972 995 2087 1065; x_wconf 80' lang='lat' dir='ltr'><strong>igni</strong></span> 
     </span>
     <span class='ocr_line' id='line_1_10' title="bbox 250 1090 2089 1170; baseline -0.002 -20"><span class='ocrx_word' id='word_1_84' title='bbox 250 1095 608 1170; x_wconf 80' lang='lat' dir='ltr'><strong>interdicatur</strong></span> <span class='ocrx_word' id='word_1_85' title='bbox 647 1099 700 1147; x_wconf 92' lang='lat' dir='ltr'><strong>et</strong></span> <span class='ocrx_word' id='word_1_86' title='bbox 742 1108 808 1145; x_wconf 94' lang='lat' dir='ltr'><strong>ne</strong></span> <span class='ocrx_word' id='word_1_87' title='bbox 860 1092 1003 1144; x_wconf 84' lang='lat' dir='ltr'><strong>intra</strong></span> <span class='ocrx_word' id='word_1_88' title='bbox 1057 1090 1450 1161; x_wconf 81' lang='lat' dir='ltr'><strong>quadringenta</strong></span> <span class='ocrx_word' id='word_1_89' title='bbox 1497 1092 1647 1146; x_wconf 84' lang='lat' dir='ltr'><strong>milia</strong></span> <span class='ocrx_word' id='word_1_90' title='bbox 1696 1108 1954 1164; x_wconf 85' lang='lat' dir='ltr'><strong>passuum</strong></span> <span class='ocrx_word' id='word_1_91' title='bbox 1995 1098 2089 1146; x_wconf 85' lang='lat' dir='ltr'><strong>aut</strong></span> 
     </span>
    </p>
   </div>
   <div class='ocr_carea' id='block_1_5' title="bbox 247 1190 2102 2390">
    <p class='ocr_par' dir='ltr' id='par_1_5' title="bbox 247 1190 2102 2390">
     <span class='ocr_line' id='line_1_11' title="bbox 250 1190 2087 1263; baseline -0.002 -12"><span class='ocrx_word' id='word_1_92' title='bbox 250 1197 299 1251; x_wconf 93' lang='lat' dir='ltr'><strong>ei</strong></span> <span class='ocrx_word' id='word_1_93' title='bbox 333 1196 490 1250; x_wconf 84' lang='lat' dir='ltr'><strong>liceat</strong></span> <span class='ocrx_word' id='word_1_94' title='bbox 524 1211 667 1256; x_wconf 90' lang='lat' dir='ltr'><strong>esse,</strong></span> <span class='ocrx_word' id='word_1_95' title='bbox 710 1198 804 1246; x_wconf 84' lang='lat' dir='ltr'><strong>aut</strong></span> <span class='ocrx_word' id='word_1_96' title='bbox 846 1191 1099 1261; x_wconf 86' lang='lat' dir='ltr'><strong>cuiquam</strong></span> <span class='ocrx_word' id='word_1_97' title='bbox 1131 1190 1311 1262; x_wconf 88' lang='lat' dir='ltr'><strong>ipsum</strong></span> <span class='ocrx_word' id='word_1_98' title='bbox 1349 1196 1490 1244; x_wconf 89' lang='lat' dir='ltr'><strong>tecto</strong></span> <span class='ocrx_word' id='word_1_99' title='bbox 1521 1192 1775 1263; x_wconf 90' lang='lat' dir='ltr'><strong>recipere.</strong></span> <span class='ocrx_word' id='word_1_100' title='bbox 1815 1210 1864 1246; x_wconf 88' lang='lat' dir='ltr'><strong>v.</strong></span> <span class='ocrx_word' id='word_1_101' title='bbox 1889 1209 1935 1246; x_wconf 89' lang='lat' dir='ltr'><strong>c.</strong></span> <span class='ocrx_word' id='word_1_102' title='bbox 1961 1197 2011 1247; x_wconf 85' lang='lat'><strong>5.</strong></span> <span class='ocrx_word' id='word_1_103' title='bbox 2037 1198 2087 1247; x_wconf 75' lang='grc' dir='ltr'><strong>ὅ.</strong></span> 
     </span>
     <span class='ocr_line' id='line_1_12' title="bbox 312 1285 2089 1356; baseline -0.001 -15"><span class='ocrx_word' id='word_1_104' title='bbox 312 1294 532 1341; x_wconf 81' lang='lat' dir='ltr'><strong>Plutarch.</strong></span> <span class='ocrx_word' id='word_1_105' title='bbox 567 1294 650 1339; x_wconf 88' lang='lat' dir='ltr'><strong>Cic.</strong></span> <span class='ocrx_word' id='word_1_106' title='bbox 674 1309 710 1338; x_wconf 83' lang='lat' dir='ltr'><strong>c.</strong></span> <span class='ocrx_word' id='word_1_107' title='bbox 731 1296 804 1336; x_wconf 85' lang='lat'><strong>32.</strong></span> <span class='ocrx_word' id='word_1_108' title='bbox 836 1296 875 1335; x_wconf 91' lang='lat'><strong>1.</strong></span> <span class='ocrx_word' id='word_1_109' title='bbox 907 1297 997 1343; x_wconf 54' lang='grc' dir='ltr'><strong>(Ως</strong></span> <span class='ocrx_word' id='word_1_110' title='bbox 1030 1292 1073 1337; x_wconf 88' lang='grc' dir='ltr'><strong>δ’</strong></span> <span class='ocrx_word' id='word_1_111' title='bbox 1111 1285 1170 1348; x_wconf 75' lang='grc' dir='ltr'><strong>ἦν</strong></span> <span class='ocrx_word' id='word_1_112' title='bbox 1197 1290 1403 1353; x_wconf 86' lang='grc' dir='ltr'><strong><em>φανερὸς</em></strong></span> <span class='ocrx_word' id='word_1_113' title='bbox 1433 1291 1520 1351; x_wconf 73' lang='grc' dir='ltr'><strong>ἤδη</strong></span> <span class='ocrx_word' id='word_1_114' title='bbox 1548 1292 1822 1355; x_wconf 80' lang='grc' dir='ltr'><strong><em>πεφευγὼς,</em></strong></span> <span class='ocrx_word' id='word_1_115' title='bbox 1856 1292 2089 1356; x_wconf 77' lang='grc' dir='ltr'><strong>ἐπήγαγεν</strong></span> 
     </span>
     <span class='ocr_line' id='line_1_13' title="bbox 254 1366 2087 1438; baseline -0.002 -16"><span class='ocrx_word' id='word_1_116' title='bbox 254 1375 387 1438; x_wconf 73' lang='grc' dir='ltr'><strong><em>αὐτῷ</em></strong></span> <span class='ocrx_word' id='word_1_117' title='bbox 434 1376 585 1437; x_wconf 86' lang='grc' dir='ltr'><strong><em>φυγῆς</em></strong></span> <span class='ocrx_word' id='word_1_118' title='bbox 618 1375 781 1432; x_wconf 85' lang='grc' dir='ltr'><strong><em>ψῆφον</em></strong></span> <span class='ocrx_word' id='word_1_119' title='bbox 826 1370 852 1415; x_wconf 84' lang='lat' dir='ltr'><strong>o‘</strong></span> <span class='ocrx_word' id='word_1_120' title='bbox 882 1370 1108 1423; x_wconf 88' lang='grc' dir='ltr'><strong><em>Κλώδιος</em></strong></span> <span class='ocrx_word' id='word_1_121' title='bbox 1143 1373 1224 1416; x_wconf 82' lang='grc' dir='ltr'><strong><em>καὶ</em></strong></span> <span class='ocrx_word' id='word_1_122' title='bbox 1259 1371 1538 1434; x_wconf 80' lang='grc' dir='ltr'><strong><em>διάγραμμα</em></strong></span> <span class='ocrx_word' id='word_1_123' title='bbox 1581 1371 1866 1433; x_wconf 76' lang='grc' dir='ltr'><strong><em>προῦθηκεν</em></strong></span> <span class='ocrx_word' id='word_1_124' title='bbox 1907 1366 2087 1437; x_wconf 75' lang='grc' dir='ltr'><strong><em>εἵργειν</em></strong></span> 
     </span>
     <span class='ocr_line' id='line_1_14' title="bbox 251 1450 2088 1517; baseline -0.001 -17"><span class='ocrx_word' id='word_1_125' title='bbox 251 1455 400 1517; x_wconf 87' lang='grc' dir='ltr'><strong><em>πυρὸς</em></strong></span> <span class='ocrx_word' id='word_1_126' title='bbox 443 1457 524 1499; x_wconf 84' lang='grc' dir='ltr'><strong><em>καὶ</em></strong></span> <span class='ocrx_word' id='word_1_127' title='bbox 559 1451 740 1503; x_wconf 79' lang='grc' dir='ltr'><strong><em>ὕδατος</em></strong></span> <span class='ocrx_word' id='word_1_128' title='bbox 774 1452 857 1496; x_wconf 90' lang='grc' dir='ltr'><strong><em>τὸν</em></strong></span> <span class='ocrx_word' id='word_1_129' title='bbox 887 1450 1040 1513; x_wconf 79' lang='grc' dir='ltr'><strong><em>ἄνδρα</em></strong></span> <span class='ocrx_word' id='word_1_130' title='bbox 1072 1453 1155 1496; x_wconf 76' lang='grc' dir='ltr'><strong><em>καὶ</em></strong></span> <span class='ocrx_word' id='word_1_131' title='bbox 1188 1450 1254 1511; x_wconf 81' lang='grc' dir='ltr'><em>μή</em></span> <span class='ocrx_word' id='word_1_132' title='bbox 1286 1451 1517 1511; x_wconf 77' lang='grc' dir='ltr'><strong><em>παρέχειν</em></strong></span> <span class='ocrx_word' id='word_1_133' title='bbox 1545 1450 1718 1515; x_wconf 79' lang='grc' dir='ltr'><strong><em>στέγην</em></strong></span> <span class='ocrx_word' id='word_1_134' title='bbox 1745 1451 1885 1505; x_wconf 72' lang='grc' dir='ltr'><strong><em>ἐντὸς</em></strong></span> <span class='ocrx_word' id='word_1_135' title='bbox 1910 1455 2088 1513; x_wconf 80' lang='grc' dir='ltr'><strong><em>μιλίων</em></strong></span> 
     </span>
     <span class='ocr_line' id='line_1_15' title="bbox 251 1524 2087 1592; baseline -0.002 -11"><span class='ocrx_word' id='word_1_136' title='bbox 251 1538 580 1582; x_wconf 78' lang='grc' dir='ltr'><strong><em>πεντακοσίων</em></strong></span> <span class='ocrx_word' id='word_1_137' title='bbox 610 1533 848 1582; x_wconf 87' lang='grc' dir='ltr'><strong><em>Ἰταλίας.</em></strong></span> <span class='ocrx_word' id='word_1_138' title='bbox 915 1537 1028 1583; x_wconf 86' lang='grc' dir='ltr'><strong><em>Τοῖς</em></strong></span> <span class='ocrx_word' id='word_1_139' title='bbox 1049 1529 1136 1591; x_wconf 83' lang='grc' dir='ltr'><strong>μὲν</strong></span> <span class='ocrx_word' id='word_1_140' title='bbox 1173 1524 1259 1576; x_wconf 67' lang='grc' dir='ltr'><strong>οὗν</strong></span> <span class='ocrx_word' id='word_1_141' title='bbox 1290 1529 1459 1582; x_wconf 81' lang='grc' dir='ltr'><strong><em>ἄλλοις</em></strong></span> <span class='ocrx_word' id='word_1_142' title='bbox 1486 1529 1747 1589; x_wconf 76' lang='grc' dir='ltr'><strong><em>ἐλάχιστος</em></strong></span> <span class='ocrx_word' id='word_1_143' title='bbox 1779 1526 1835 1592; x_wconf 80' lang='grc' dir='ltr'><strong>ἧν</strong></span> <span class='ocrx_word' id='word_1_144' title='bbox 1865 1537 1952 1579; x_wconf 83' lang='grc' dir='ltr'><strong><em>τοῦ</em></strong></span> <span class='ocrx_word' id='word_1_145' title='bbox 1983 1532 2087 1578; x_wconf 85' lang='grc' dir='ltr'><strong><em>δια-</em></strong></span> 
     </span>
     <span class='ocr_line' id='line_1_16' title="bbox 252 1609 2088 1679; baseline -0.001 -19"><span class='ocrx_word' id='word_1_146' title='bbox 252 1616 525 1679; x_wconf 82' lang='grc' dir='ltr'><strong><em>γράμματος</em></strong></span> <span class='ocrx_word' id='word_1_147' title='bbox 556 1614 732 1659; x_wconf 84' lang='grc' dir='ltr'><strong><em>τούτου</em></strong></span> <span class='ocrx_word' id='word_1_148' title='bbox 761 1611 905 1673; x_wconf 88' lang='grc' dir='ltr'><strong><em>λόγος</em></strong></span> <span class='ocrx_word' id='word_1_149' title='bbox 940 1610 1247 1671; x_wconf 80' lang='grc' dir='ltr'><strong><em>αἰδουμένοις</em></strong></span> <span class='ocrx_word' id='word_1_150' title='bbox 1282 1609 1365 1656; x_wconf 86' lang='grc' dir='ltr'><strong><em>τὸν</em></strong></span> <span class='ocrx_word' id='word_1_151' title='bbox 1393 1610 1677 1672; x_wconf 76' lang='grc' dir='ltr'><strong><em>Κικέρωνα,</em></strong></span> <span class='ocrx_word' id='word_1_152' title='bbox 1713 1615 1792 1658; x_wconf 85' lang='grc' dir='ltr'><strong><em>καὶ</em></strong></span> <span class='ocrx_word' id='word_1_153' title='bbox 1827 1616 1989 1658; x_wconf 86' lang='grc' dir='ltr'><strong><em>πᾶσαν</em></strong></span> <span class='ocrx_word' id='word_1_154' title='bbox 2015 1611 2088 1658; x_wconf 75' lang='grc' dir='ltr'><strong>ἐν·</strong></span> 
     </span>
     <span class='ocr_line' id='line_1_17' title="bbox 250 1691 2087 1753; baseline -0.002 -14"><span class='ocrx_word' id='word_1_155' title='bbox 250 1694 560 1753; x_wconf 76' lang='grc' dir='ltr'><strong><em>δεικνύμενοι</em></strong></span> <span class='ocrx_word' id='word_1_156' title='bbox 602 1694 968 1752; x_wconf 79' lang='grc' dir='ltr'><strong><em>φιλοφροσύνην</em></strong></span> <span class='ocrx_word' id='word_1_157' title='bbox 1006 1691 1318 1753; x_wconf 77' lang='grc' dir='ltr'><strong><em>παρέπεμπον</em></strong></span> <span class='ocrx_word' id='word_1_158' title='bbox 1367 1691 1567 1751; x_wconf 48' lang='grc' dir='ltr'><strong><em>αὖτόνή</em></strong></span> <span class='ocrx_word' id='word_1_159' title='bbox 1599 1691 1694 1738; x_wconf 80' lang='grc' dir='ltr'><strong>κτὲ.</strong></span> <span class='ocrx_word' id='word_1_160' title='bbox 1753 1692 1854 1738; x_wconf 76' lang='lat' dir='ltr'><strong>,Dio</strong></span> <span class='ocrx_word' id='word_1_161' title='bbox 1885 1705 2087 1737; x_wconf 76' lang='lat' dir='ltr'><strong>xxxvnl.</strong></span> 
     </span>
     <span class='ocr_line' id='line_1_18' title="bbox 250 1769 2088 1834; baseline -0.001 -17"><span class='ocrx_word' id='word_1_162' title='bbox 250 1787 286 1817; x_wconf 88' lang='lat' dir='ltr'><strong>c.</strong></span> <span class='ocrx_word' id='word_1_163' title='bbox 310 1775 380 1816; x_wconf 86' lang='lat'><strong>17.</strong></span> <span class='ocrx_word' id='word_1_164' title='bbox 415 1775 455 1816; x_wconf 89' lang='grc'><strong>6.</strong></span> <span class='ocrx_word' id='word_1_165' title='bbox 490 1774 730 1834; x_wconf 82' lang='grc' dir='ltr'><strong><em>Φυγόντος</em></strong></span> <span class='ocrx_word' id='word_1_166' title='bbox 756 1773 800 1818; x_wconf 89' lang='grc' dir='ltr'><strong>δ’</strong></span> <span class='ocrx_word' id='word_1_167' title='bbox 840 1772 996 1831; x_wconf 77' lang='grc' dir='ltr'><strong><em>αὐτοῦ</em></strong></span> <span class='ocrx_word' id='word_1_168' title='bbox 1023 1771 1058 1817; x_wconf 80' lang='lat' dir='ltr'><strong>o‘</strong></span> <span class='ocrx_word' id='word_1_169' title='bbox 1081 1774 1229 1833; x_wconf 87' lang='grc' dir='ltr'><strong><em>νόμος</em></strong></span> <span class='ocrx_word' id='word_1_170' title='bbox 1258 1772 1310 1818; x_wconf 84' lang='grc' dir='ltr'><strong><em>τὸ</em></strong></span> <span class='ocrx_word' id='word_1_171' title='bbox 1341 1777 1512 1834; x_wconf 81' lang='grc' dir='ltr'><strong><em>κῦρος,</em></strong></span> <span class='ocrx_word' id='word_1_172' title='bbox 1551 1773 1653 1829; x_wconf 73' lang='grc' dir='ltr'><strong>οὐχ</strong></span> <span class='ocrx_word' id='word_1_173' title='bbox 1678 1772 1810 1823; x_wconf 87' lang='grc' dir='ltr'><strong><em>ὅπως</em></strong></span> <span class='ocrx_word' id='word_1_174' title='bbox 1844 1770 1934 1817; x_wconf 78' lang='grc' dir='ltr'><strong>οὐκ</strong></span> <span class='ocrx_word' id='word_1_175' title='bbox 1956 1769 2088 1816; x_wconf 79' lang='grc' dir='ltr'><strong><em>ἐναν-</em></strong></span> 
     </span>
     <span class='ocr_line' id='line_1_19' title="bbox 253 1850 2087 1910; baseline 0.001 -14"><span class='ocrx_word' id='word_1_176' title='bbox 253 1850 520 1903; x_wconf 77' lang='grc' dir='ltr'><strong><em>τιωθέντος</em></strong></span> <span class='ocrx_word' id='word_1_177' title='bbox 549 1851 702 1910; x_wconf 82' lang='grc' dir='ltr'><strong><em>τινὸς,</em></strong></span> <span class='ocrx_word' id='word_1_178' title='bbox 740 1852 864 1898; x_wconf 80' lang='grc' dir='ltr'><strong><em>ἀλλά</em></strong></span> <span class='ocrx_word' id='word_1_179' title='bbox 890 1855 971 1897; x_wconf 83' lang='grc' dir='ltr'><strong><em>καὶ</em></strong></span> <span class='ocrx_word' id='word_1_180' title='bbox 997 1852 1379 1898; x_wconf 83' lang='grc' dir='ltr'><strong><em>σπουδασάντων</em></strong></span> <span class='ocrx_word' id='word_1_181' title='bbox 1405 1852 1562 1898; x_wconf 81' lang='grc' dir='ltr'><strong><em>ἄλλων</em></strong></span> <span class='ocrx_word' id='word_1_182' title='bbox 1592 1870 1643 1898; x_wconf 83' lang='grc' dir='ltr'><strong><em>τε</em></strong></span> <span class='ocrx_word' id='word_1_183' title='bbox 1668 1855 1749 1899; x_wconf 81' lang='grc' dir='ltr'><strong><em>καὶ</em></strong></span> <span class='ocrx_word' id='word_1_184' title='bbox 1775 1851 1936 1898; x_wconf 80' lang='grc' dir='ltr'><strong><em>αὐτῶν</em></strong></span> <span class='ocrx_word' id='word_1_185' title='bbox 1964 1851 2087 1898; x_wconf 70' lang='grc' dir='ltr'><strong><em>ἐκεί·</em></strong></span> 
     </span>
     <span class='ocr_line' id='line_1_20' title="bbox 249 1929 2087 1994; baseline 0.001 -20"><span class='ocrx_word' id='word_1_186' title='bbox 249 1947 366 1985; x_wconf 81' lang='grc' dir='ltr'><strong><em>νων,</em></strong></span> <span class='ocrx_word' id='word_1_187' title='bbox 397 1931 450 1975; x_wconf 75' lang='grc' dir='ltr'><strong>οἳ</strong></span> <span class='ocrx_word' id='word_1_188' title='bbox 476 1929 594 1992; x_wconf 78' lang='grc' dir='ltr'><strong><em>ὑπὲρ</em></strong></span> <span class='ocrx_word' id='word_1_189' title='bbox 621 1936 708 1978; x_wconf 85' lang='grc' dir='ltr'><strong><em>τοῦ</em></strong></span> <span class='ocrx_word' id='word_1_190' title='bbox 725 1932 1001 1994; x_wconf 83' lang='grc' dir='ltr'><strong><em>Κικέρωνος</em></strong></span> <span class='ocrx_word' id='word_1_191' title='bbox 1020 1931 1109 1976; x_wconf 81' lang='grc' dir='ltr'><strong>ἀνά</strong></span> <span class='ocrx_word' id='word_1_192' title='bbox 1136 1930 1356 1993; x_wconf 85' lang='grc' dir='ltr'><strong><em>πρώτους</em></strong></span> <span class='ocrx_word' id='word_1_193' title='bbox 1386 1934 1618 1994; x_wconf 84' lang='grc' dir='ltr'><strong><em>πράττειν</em></strong></span> <span class='ocrx_word' id='word_1_194' title='bbox 1648 1930 1876 1987; x_wconf 77' lang='grc' dir='ltr'><strong><em>ἐδόκουν,</em></strong></span> <span class='ocrx_word' id='word_1_195' title='bbox 1915 1930 2087 1990; x_wconf 74' lang='grc' dir='ltr'><strong><em>ἐπειδή</em></strong></span> 
     </span>
     <span class='ocr_line' id='line_1_21' title="bbox 248 2000 2102 2075; baseline 0.001 -20"><span class='ocrx_word' id='word_1_196' title='bbox 248 2026 336 2071; x_wconf 82' lang='grc' dir='ltr'><strong><em>περ</em></strong></span> <span class='ocrx_word' id='word_1_197' title='bbox 366 2009 491 2059; x_wconf 80' lang='grc' dir='ltr'><strong><em>ἅπαξ</em></strong></span> <span class='ocrx_word' id='word_1_198' title='bbox 523 2007 740 2057; x_wconf 76' lang='grc' dir='ltr'><strong><em>ἐκποδὼν</em></strong></span> <span class='ocrx_word' id='word_1_199' title='bbox 769 2011 1005 2075; x_wconf 79' lang='grc' dir='ltr'><strong><em>ἐγεγόνει,</em></strong></span> <span class='ocrx_word' id='word_1_200' title='bbox 1040 2010 1241 2070; x_wconf 76' lang='grc' dir='ltr'><strong><em>ἔλαβεν·</em></strong></span> <span class='ocrx_word' id='word_1_201' title='bbox 1273 2035 1332 2043; x_wconf 87' lang='lat'><strong>—-</strong></span> <span class='ocrx_word' id='word_1_202' title='bbox 1371 2000 1505 2073; x_wconf 67' lang='grc' dir='ltr'><strong><em>α’ὐτῷ</em></strong></span> <span class='ocrx_word' id='word_1_203' title='bbox 1538 2029 1588 2057; x_wconf 89' lang='grc' dir='ltr'><strong><em>τε</em></strong></span> <span class='ocrx_word' id='word_1_204' title='bbox 1616 2010 1784 2072; x_wconf 81' lang='grc' dir='ltr'><strong><em>ἐκείνῳ</em></strong></span> <span class='ocrx_word' id='word_1_205' title='bbox 1818 2009 1847 2069; x_wconf 79' lang='grc' dir='ltr'><em>ἢ</em></span> <span class='ocrx_word' id='word_1_206' title='bbox 1874 2028 1923 2057; x_wconf 86' lang='grc' dir='ltr'><strong><em>τε</em></strong></span> <span class='ocrx_word' id='word_1_207' title='bbox 1963 2010 2102 2074; x_wconf 79' lang='grc' dir='ltr'><strong><em>φυγή·</em></strong></span> 
     </span>
     <span class='ocr_line' id='line_1_22' title="bbox 249 2088 2086 2153; baseline 0.001 -19"><span class='ocrx_word' id='word_1_208' title='bbox 249 2088 525 2149; x_wconf 76' lang='grc' dir='ltr'><strong><em>ἐπετιμήθη</em></strong></span> <span class='ocrx_word' id='word_1_209' title='bbox 564 2092 644 2135; x_wconf 80' lang='grc' dir='ltr'><strong><em>καὶ</em></strong></span> <span class='ocrx_word' id='word_1_210' title='bbox 688 2089 715 2148; x_wconf 79' lang='grc' dir='ltr'><strong><em>ἡ</em></strong></span> <span class='ocrx_word' id='word_1_211' title='bbox 752 2089 802 2135; x_wconf 80' lang='grc' dir='ltr'><strong>ἐν</strong></span> <span class='ocrx_word' id='word_1_212' title='bbox 841 2095 897 2150; x_wconf 90' lang='grc' dir='ltr'><strong><em>τῇ</em></strong></span> <span class='ocrx_word' id='word_1_213' title='bbox 933 2091 1142 2152; x_wconf 79' lang='grc' dir='ltr'><strong><em>Σικελίᾳ</em></strong></span> <span class='ocrx_word' id='word_1_214' title='bbox 1181 2089 1414 2151; x_wconf 74' lang='grc' dir='ltr'><strong><em>διατριβή</em></strong></span> <span class='ocrx_word' id='word_1_215' title='bbox 1451 2089 1732 2152; x_wconf 80' lang='grc' dir='ltr'><strong><em>άπερρήθη·</em></strong></span> <span class='ocrx_word' id='word_1_216' title='bbox 1779 2092 2086 2153; x_wconf 76' lang='grc' dir='ltr'><strong><em>τρισχιλίους</em></strong></span> 
     </span>
     <span class='ocr_line' id='line_1_23' title="bbox 251 2167 2086 2233; baseline 0 -19"><span class='ocrx_word' id='word_1_217' title='bbox 251 2186 301 2214; x_wconf 82' lang='grc' dir='ltr'><strong><em>τε</em></strong></span> <span class='ocrx_word' id='word_1_218' title='bbox 335 2170 422 2232; x_wconf 84' lang='grc' dir='ltr'><strong>γάρ</strong></span> <span class='ocrx_word' id='word_1_219' title='bbox 454 2171 534 2215; x_wconf 78' lang='grc' dir='ltr'><strong><em>καὶ</em></strong></span> <span class='ocrx_word' id='word_1_220' title='bbox 566 2167 884 2223; x_wconf 76' lang='grc' dir='ltr'><strong><em>ἑπτακοσίους</em></strong></span> <span class='ocrx_word' id='word_1_221' title='bbox 919 2174 1001 2215; x_wconf 78' lang='grc' dir='ltr'><strong><em>καὶ</em></strong></span> <span class='ocrx_word' id='word_1_222' title='bbox 1031 2168 1330 2227; x_wconf 78' lang='grc' dir='ltr'><strong><em>πεντήκοντα</em></strong></span> <span class='ocrx_word' id='word_1_223' title='bbox 1362 2169 1594 2223; x_wconf 85' lang='grc' dir='ltr'><strong><em>σταδίους</em></strong></span> <span class='ocrx_word' id='word_1_224' title='bbox 1626 2169 1746 2233; x_wconf 78' lang='grc' dir='ltr'><strong><em>ὑπὲρ</em></strong></span> <span class='ocrx_word' id='word_1_225' title='bbox 1780 2171 1864 2229; x_wconf 83' lang='grc' dir='ltr'><strong>τήν</strong></span> <span class='ocrx_word' id='word_1_226' title='bbox 1898 2168 2086 2230; x_wconf 87' lang='grc' dir='ltr'><strong><em>Ῥώμην</em></strong></span> 
     </span>
     <span class='ocr_line' id='line_1_24' title="bbox 249 2247 2087 2312; baseline 0.001 -18"><span class='ocrx_word' id='word_1_227' title='bbox 249 2247 590 2311; x_wconf 77' lang='grc' dir='ltr'><strong><em>ὑπερωρίσθη,</em></strong></span> <span class='ocrx_word' id='word_1_228' title='bbox 641 2253 723 2295; x_wconf 79' lang='grc' dir='ltr'><strong><em>καὶ</em></strong></span> <span class='ocrx_word' id='word_1_229' title='bbox 764 2250 1233 2312; x_wconf 75' lang='grc' dir='ltr'><strong><em>προσεπεκηρύχθη,</em></strong></span> <span class='ocrx_word' id='word_1_230' title='bbox 1288 2248 1350 2294; x_wconf 75' lang='grc' dir='ltr'><strong>ἵν’</strong></span> <span class='ocrx_word' id='word_1_231' title='bbox 1393 2253 1439 2295; x_wconf 80' lang='grc' dir='ltr'><strong>εἰ</strong></span> <span class='ocrx_word' id='word_1_232' title='bbox 1483 2250 1542 2302; x_wconf 78' lang='grc' dir='ltr'><strong>δή</strong></span> <span class='ocrx_word' id='word_1_233' title='bbox 1587 2267 1707 2296; x_wconf 85' lang='grc' dir='ltr'><strong><em>ποτε</em></strong></span> <span class='ocrx_word' id='word_1_234' title='bbox 1743 2249 1883 2302; x_wconf 76' lang='grc' dir='ltr'><strong><em>ἐντὸς</em></strong></span> <span class='ocrx_word' id='word_1_235' title='bbox 1922 2249 2087 2296; x_wconf 82' lang='grc' dir='ltr'><strong><em>αὐτῶν</em></strong></span> 
     </span>
     <span class='ocr_line' id='line_1_25' title="bbox 247 2328 2022 2390; baseline 0 -17"><span class='ocrx_word' id='word_1_236' title='bbox 247 2332 424 2387; x_wconf 65' lang='grc' dir='ltr'><strong><em>φανείη</em></strong></span> <span class='ocrx_word' id='word_1_237' title='bbox 447 2364 461 2387; x_wconf 82' lang='grc'><em>,</em></span> <span class='ocrx_word' id='word_1_238' title='bbox 496 2331 577 2375; x_wconf 82' lang='grc' dir='ltr'><strong><em>καὶ</em></strong></span> <span class='ocrx_word' id='word_1_239' title='bbox 613 2328 762 2382; x_wconf 80' lang='grc' dir='ltr'><strong><em>αὐτὸς</em></strong></span> <span class='ocrx_word' id='word_1_240' title='bbox 792 2334 872 2377; x_wconf 81' lang='grc' dir='ltr'><strong><em>καὶ</em></strong></span> <span class='ocrx_word' id='word_1_241' title='bbox 905 2331 954 2376; x_wconf 77' lang='grc' dir='ltr'><strong>οἱ</strong></span> <span class='ocrx_word' id='word_1_242' title='bbox 989 2328 1336 2390; x_wconf 77' lang='grc' dir='ltr'><strong><em>ὑποδεξάμενοι</em></strong></span> <span class='ocrx_word' id='word_1_243' title='bbox 1371 2328 1525 2375; x_wconf 74' lang='grc' dir='ltr'><strong><em>αὐτὸν</em></strong></span> <span class='ocrx_word' id='word_1_244' title='bbox 1550 2328 1701 2376; x_wconf 69' lang='grc' dir='ltr'><strong><em>’ἀνατὶ</em></strong></span> <span class='ocrx_word' id='word_1_245' title='bbox 1733 2329 2022 2375; x_wconf 86' lang='grc' dir='ltr'><strong><em>διόλωνται.</em></strong></span> 
     </span>
    </p>
   </div>
   <div class='ocr_carea' id='block_1_6' title="bbox 245 2447 2085 3003">
    <p class='ocr_par' dir='ltr' id='par_1_6' title="bbox 245 2447 2085 3003">
     <span class='ocr_line' id='line_1_26' title="bbox 326 2447 2085 2523; baseline 0 -20"><span class='ocrx_word' id='word_1_246' title='bbox 326 2448 411 2523; x_wconf 91' lang='lat'>(¹⁷)</span> <span class='ocrx_word' id='word_1_247' title='bbox 453 2449 655 2510; x_wconf 87' lang='lat' dir='ltr'><strong>Deinde</strong></span> <span class='ocrx_word' id='word_1_248' title='bbox 696 2449 965 2503; x_wconf 84' lang='lat' dir='ltr'><strong>Ciceronis</strong></span> <span class='ocrx_word' id='word_1_249' title='bbox 1006 2449 1226 2504; x_wconf 88' lang='lat' dir='ltr'><strong>domum</strong></span> <span class='ocrx_word' id='word_1_250' title='bbox 1257 2450 1310 2503; x_wconf 93' lang='lat' dir='ltr'><strong>in</strong></span> <span class='ocrx_word' id='word_1_251' title='bbox 1343 2447 1547 2504; x_wconf 84' lang='lat' dir='ltr'><strong>Palatio</strong></span> <span class='ocrx_word' id='word_1_252' title='bbox 1578 2449 1647 2522; x_wconf 88' lang='lat' dir='ltr'><strong>[v.</strong></span> <span class='ocrx_word' id='word_1_253' title='bbox 1671 2448 1738 2503; x_wconf 84' lang='lat' dir='ltr'><strong>ad</strong></span> <span class='ocrx_word' id='word_1_254' title='bbox 1759 2466 1808 2503; x_wconf 83' lang='lat' dir='ltr'><strong>a.</strong></span> <span class='ocrx_word' id='word_1_255' title='bbox 1832 2453 1961 2505; x_wconf 74' lang='lat'>692.</span> <span class='ocrx_word' id='word_1_256' title='bbox 1987 2451 2085 2520; x_wconf 86' lang='lat'><strong>6.]‚</strong></span> 
     </span>
     <span class='ocr_line' id='line_1_27' title="bbox 247 2539 2084 2621; baseline 0.001 -19"><span class='ocrx_word' id='word_1_257' title='bbox 247 2548 409 2603; x_wconf 91' lang='lat' dir='ltr'><strong>simul</strong></span> <span class='ocrx_word' id='word_1_258' title='bbox 448 2565 573 2602; x_wconf 90' lang='lat' dir='ltr'><strong>cum</strong></span> <span class='ocrx_word' id='word_1_259' title='bbox 608 2549 820 2619; x_wconf 89' lang='lat' dir='ltr'><strong>porticu</strong></span> <span class='ocrx_word' id='word_1_260' title='bbox 848 2548 1023 2602; x_wconf 86' lang='lat' dir='ltr'><strong>Catuli</strong></span> <span class='ocrx_word' id='word_1_261' title='bbox 1064 2549 1136 2620; x_wconf 88' lang='lat' dir='ltr'><strong>[v.</strong></span> <span class='ocrx_word' id='word_1_262' title='bbox 1161 2548 1228 2602; x_wconf 85' lang='lat' dir='ltr'><strong>ad</strong></span> <span class='ocrx_word' id='word_1_263' title='bbox 1249 2539 1296 2602; x_wconf 68' lang='lat' dir='ltr'><strong>n.</strong></span> <span class='ocrx_word' id='word_1_264' title='bbox 1321 2552 1448 2602; x_wconf 81' lang='lat'><strong>655.</strong></span> <span class='ocrx_word' id='word_1_265' title='bbox 1475 2550 1550 2621; x_wconf 83' lang='lat'><strong>5.]</strong></span> <span class='ocrx_word' id='word_1_266' title='bbox 1593 2548 1762 2602; x_wconf 80' lang='lat' dir='ltr'><strong>diruit</strong></span> <span class='ocrx_word' id='word_1_267' title='bbox 1796 2565 2084 2620; x_wconf 79' lang='lat' dir='ltr'><strong>areamque</strong></span> 
     </span>
     <span class='ocr_line' id='line_1_28' title="bbox 245 2647 2084 2720; baseline -0.001 -16"><span class='ocrx_word' id='word_1_268' title='bbox 245 2647 444 2719; x_wconf 90' lang='lat' dir='ltr'><strong>templo</strong></span> <span class='ocrx_word' id='word_1_269' title='bbox 477 2647 764 2702; x_wconf 75' lang='lat' dir='ltr'><strong>Libertatis</strong></span> <span class='ocrx_word' id='word_1_270' title='bbox 798 2653 1101 2720; x_wconf 85' lang='lat' dir='ltr'><strong>consecrat:</strong></span> <span class='ocrx_word' id='word_1_271' title='bbox 1144 2653 1420 2719; x_wconf 86' lang='lat' dir='ltr'><strong>praeterea</strong></span> <span class='ocrx_word' id='word_1_272' title='bbox 1449 2647 1602 2702; x_wconf 84' lang='lat' dir='ltr'><strong>villas</strong></span> <span class='ocrx_word' id='word_1_273' title='bbox 1633 2662 1844 2720; x_wconf 87' lang='lat' dir='ltr'><strong>quoque</strong></span> <span class='ocrx_word' id='word_1_274' title='bbox 1881 2649 2084 2703; x_wconf 81' lang='lat' dir='ltr'><strong>Tuscu-</strong></span> 
     </span>
     <span class='ocr_line' id='line_1_29' title="bbox 245 2746 2085 2822; baseline 0.001 -20"><span class='ocrx_word' id='word_1_275' title='bbox 245 2748 425 2802; x_wconf 81' lang='lat' dir='ltr'><strong>lanam</strong></span> <span class='ocrx_word' id='word_1_276' title='bbox 460 2753 511 2802; x_wconf 93' lang='lat' dir='ltr'><strong>et</strong></span> <span class='ocrx_word' id='word_1_277' title='bbox 544 2747 886 2802; x_wconf 73' lang='lat' dir='ltr'><strong>Formianum</strong></span> <span class='ocrx_word' id='word_1_278' title='bbox 918 2746 1158 2802; x_wconf 88' lang='lat' dir='ltr'><strong>incendit</strong></span> <span class='ocrx_word' id='word_1_279' title='bbox 1199 2749 1271 2820; x_wconf 89' lang='lat' dir='ltr'><strong>[v.</strong></span> <span class='ocrx_word' id='word_1_280' title='bbox 1307 2747 1373 2801; x_wconf 85' lang='lat' dir='ltr'><strong>ad</strong></span> <span class='ocrx_word' id='word_1_281' title='bbox 1399 2765 1445 2802; x_wconf 85' lang='lat' dir='ltr'><strong>a.</strong></span> <span class='ocrx_word' id='word_1_282' title='bbox 1470 2751 1596 2802; x_wconf 82' lang='lat'><strong>697.</strong></span> <span class='ocrx_word' id='word_1_283' title='bbox 1635 2748 1744 2822; x_wconf 89' lang='grc'><strong>14.]</strong></span> <span class='ocrx_word' id='word_1_284' title='bbox 1792 2753 1845 2802; x_wconf 89' lang='lat' dir='ltr'><strong>et</strong></span> <span class='ocrx_word' id='word_1_285' title='bbox 1878 2748 2085 2820; x_wconf 85' lang='lat' dir='ltr'><strong>reliqua</strong></span> 
     </span>
     <span class='ocr_line' id='line_1_30' title="bbox 248 2847 2084 2919; baseline 0.002 -17"><span class='ocrx_word' id='word_1_286' title='bbox 248 2849 517 2903; x_wconf 86' lang='lat' dir='ltr'><strong>Ciceronis</strong></span> <span class='ocrx_word' id='word_1_287' title='bbox 557 2847 694 2902; x_wconf 84' lang='lat' dir='ltr'><strong>bona</strong></span> <span class='ocrx_word' id='word_1_288' title='bbox 732 2847 938 2919; x_wconf 88' lang='lat' dir='ltr'><strong>diripit.</strong></span> <span class='ocrx_word' id='word_1_289' title='bbox 978 2865 1047 2901; x_wconf 79' lang='grc' dir='ltr'><strong>ιν.</strong></span> <span class='ocrx_word' id='word_1_290' title='bbox 1085 2865 1131 2902; x_wconf 86' lang='lat' dir='ltr'><strong>e.</strong></span> <span class='ocrx_word' id='word_1_291' title='bbox 1171 2852 1260 2903; x_wconf 85' lang='lat'><strong>51.</strong></span> <span class='ocrx_word' id='word_1_292' title='bbox 1299 2853 1395 2904; x_wconf 74' lang='lat'><strong>577.</strong></span> <span class='ocrx_word' id='word_1_293' title='bbox 1441 2866 1490 2902; x_wconf 90' lang='lat' dir='ltr'><strong>v.</strong></span> <span class='ocrx_word' id='word_1_294' title='bbox 1526 2865 1572 2902; x_wconf 92' lang='lat' dir='ltr'><strong>c.</strong></span> <span class='ocrx_word' id='word_1_295' title='bbox 1611 2853 1659 2902; x_wconf 93' lang='lat'><strong>1.</strong></span> <span class='ocrx_word' id='word_1_296' title='bbox 1694 2852 1742 2902; x_wconf 92' lang='lat'><strong>1.</strong></span> <span class='ocrx_word' id='word_1_297' title='bbox 1792 2866 1837 2903; x_wconf 88' lang='lat' dir='ltr'><strong>c.</strong></span> <span class='ocrx_word' id='word_1_298' title='bbox 1874 2853 1962 2903; x_wconf 78' lang='lat'><strong>55.</strong></span> <span class='ocrx_word' id='word_1_299' title='bbox 1993 2854 2084 2905; x_wconf 86' lang='lat'>89.-</span> 
     </span>
     <span class='ocr_line' id='line_1_31' title="bbox 248 2952 623 3003; baseline 0 -1"><span class='ocrx_word' id='word_1_300' title='bbox 248 2966 316 3002; x_wconf 88' lang='lat' dir='ltr'><strong>v1.</strong></span> <span class='ocrx_word' id='word_1_301' title='bbox 358 2966 404 3003; x_wconf 89' lang='lat' dir='ltr'><strong>c.</strong></span> <span class='ocrx_word' id='word_1_302' title='bbox 438 2952 489 3002; x_wconf 90' lang='lat'><strong>6.</strong></span> <span class='ocrx_word' id='word_1_303' title='bbox 536 2952 623 3002; x_wconf 76' lang='lat'><strong>12.</strong></span> 
     </span>
    </p>
   </div>
   <div class='ocr_carea' id='block_1_7' title="bbox 245 3047 2123 3573">
    <p class='ocr_par' dir='ltr' id='par_1_7' title="bbox 245 3047 2123 3573">
     <span class='ocr_line' id='line_1_32' title="bbox 310 3047 2084 3110; baseline 0.001 -18"><span class='ocrx_word' id='word_1_304' title='bbox 310 3049 394 3093; x_wconf 87' lang='lat' dir='ltr'><strong>Cic.</strong></span> <span class='ocrx_word' id='word_1_305' title='bbox 413 3065 489 3110; x_wconf 86' lang='lat' dir='ltr'><strong>pro</strong></span> <span class='ocrx_word' id='word_1_306' title='bbox 508 3051 640 3093; x_wconf 87' lang='lat' dir='ltr'><strong>Domo</strong></span> <span class='ocrx_word' id='word_1_307' title='bbox 656 3063 734 3093; x_wconf 85' lang='lat' dir='ltr'><strong>sua</strong></span> <span class='ocrx_word' id='word_1_308' title='bbox 762 3064 800 3092; x_wconf 86' lang='lat' dir='ltr'><strong>c.</strong></span> <span class='ocrx_word' id='word_1_309' title='bbox 823 3050 900 3093; x_wconf 76' lang='lat'><strong>24.</strong></span> <span class='ocrx_word' id='word_1_310' title='bbox 921 3050 994 3092; x_wconf 83' lang='lat'><strong>62.</strong></span> <span class='ocrx_word' id='word_1_311' title='bbox 1033 3048 1179 3106; x_wconf 80' lang='lat' dir='ltr'><strong>Quum</strong></span> <span class='ocrx_word' id='word_1_312' title='bbox 1206 3047 1361 3092; x_wconf 83' lang='lat' dir='ltr'><strong>domus</strong></span> <span class='ocrx_word' id='word_1_313' title='bbox 1387 3049 1436 3093; x_wconf 79' lang='lat' dir='ltr'><strong>in</strong></span> <span class='ocrx_word' id='word_1_314' title='bbox 1461 3048 1671 3104; x_wconf 76' lang='lat' dir='ltr'><strong>Palatio,</strong></span> <span class='ocrx_word' id='word_1_315' title='bbox 1701 3048 1814 3093; x_wconf 82' lang='lat' dir='ltr'><strong>villa</strong></span> <span class='ocrx_word' id='word_1_316' title='bbox 1841 3050 1889 3093; x_wconf 82' lang='lat' dir='ltr'><strong>in</strong></span> <span class='ocrx_word' id='word_1_317' title='bbox 1921 3053 2084 3095; x_wconf 76' lang='lat' dir='ltr'><strong>Tuscu-</strong></span> 
     </span>
     <span class='ocr_line' id='line_1_33' title="bbox 250 3124 2082 3184; baseline 0.001 -14"><span class='ocrx_word' id='word_1_318' title='bbox 250 3127 376 3183; x_wconf 81' lang='lat' dir='ltr'><strong>lano,</strong></span> <span class='ocrx_word' id='word_1_319' title='bbox 432 3125 576 3170; x_wconf 83' lang='lat' dir='ltr'><strong>altera</strong></span> <span class='ocrx_word' id='word_1_320' title='bbox 614 3124 674 3169; x_wconf 82' lang='lat' dir='ltr'><strong>ad</strong></span> <span class='ocrx_word' id='word_1_321' title='bbox 724 3125 916 3170; x_wconf 84' lang='lat' dir='ltr'><strong>alterum</strong></span> <span class='ocrx_word' id='word_1_322' title='bbox 963 3125 1206 3175; x_wconf 79' lang='lat' dir='ltr'><strong>consulem,</strong></span> <span class='ocrx_word' id='word_1_323' title='bbox 1249 3125 1609 3184; x_wconf 78' lang='lat' dir='ltr'><strong>transferebatur</strong></span> <span class='ocrx_word' id='word_1_324' title='bbox 1635 3158 1648 3181; x_wconf 79' lang='lat'>‚</span> <span class='ocrx_word' id='word_1_325' title='bbox 1693 3127 2082 3172; x_wconf 75' lang='lat' dir='ltr'><strong>senatusconsulta</strong></span> 
     </span>
     <span class='ocr_line' id='line_1_34' title="bbox 246 3202 2082 3264; baseline 0 -15"><span class='ocrx_word' id='word_1_326' title='bbox 246 3205 479 3250; x_wconf 74' lang='lat' dir='ltr'><strong>volabant:</strong></span> <span class='ocrx_word' id='word_1_327' title='bbox 513 3204 739 3249; x_wconf 83' lang='lat' dir='ltr'><strong>columnae</strong></span> <span class='ocrx_word' id='word_1_328' title='bbox 765 3218 1033 3246; x_wconf 82' lang='lat' dir='ltr'><strong>marmoreae</strong></span> <span class='ocrx_word' id='word_1_329' title='bbox 1057 3218 1112 3246; x_wconf 77' lang='lat' dir='ltr'><strong>ex</strong></span> <span class='ocrx_word' id='word_1_330' title='bbox 1141 3202 1324 3248; x_wconf 78' lang='lat' dir='ltr'><strong>aedibus</strong></span> <span class='ocrx_word' id='word_1_331' title='bbox 1351 3203 1461 3247; x_wconf 76' lang='lat' dir='ltr'><strong>meis</strong></span> <span class='ocrx_word' id='word_1_332' title='bbox 1495 3205 1772 3264; x_wconf 75' lang='lat' dir='ltr'><strong>inspectante</strong></span> <span class='ocrx_word' id='word_1_333' title='bbox 1794 3204 1965 3264; x_wconf 83' lang='lat' dir='ltr'><strong>populo</strong></span> <span class='ocrx_word' id='word_1_334' title='bbox 2000 3207 2082 3249; x_wconf 81' lang='lat' dir='ltr'><strong>Ro·</strong></span> 
     </span>
     <span class='ocr_line' id='line_1_35' title="bbox 247 3279 2082 3341; baseline -0.001 -14"><span class='ocrx_word' id='word_1_335' title='bbox 247 3299 374 3327; x_wconf 83' lang='lat' dir='ltr'><strong>mano</strong></span> <span class='ocrx_word' id='word_1_336' title='bbox 390 3283 452 3327; x_wconf 81' lang='lat' dir='ltr'><strong>ad</strong></span> <span class='ocrx_word' id='word_1_337' title='bbox 475 3299 650 3327; x_wconf 78' lang='lat' dir='ltr'><strong>socrum</strong></span> <span class='ocrx_word' id='word_1_338' title='bbox 675 3281 873 3326; x_wconf 76' lang='lat' dir='ltr'><strong>consulis</strong></span> <span class='ocrx_word' id='word_1_339' title='bbox 891 3281 1218 3341; x_wconf 81' lang='lat' dir='ltr'><strong>portabantur:</strong></span> <span class='ocrx_word' id='word_1_340' title='bbox 1246 3282 1296 3325; x_wconf 82' lang='lat' dir='ltr'><strong>in</strong></span> <span class='ocrx_word' id='word_1_341' title='bbox 1318 3279 1522 3340; x_wconf 84' lang='lat' dir='ltr'><strong>fundum</strong></span> <span class='ocrx_word' id='word_1_342' title='bbox 1549 3288 1698 3332; x_wconf 79' lang='lat' dir='ltr'><strong>autem</strong></span> <span class='ocrx_word' id='word_1_343' title='bbox 1720 3281 1859 3324; x_wconf 81' lang='lat' dir='ltr'><strong>vieini</strong></span> <span class='ocrx_word' id='word_1_344' title='bbox 1884 3283 2082 3328; x_wconf 78' lang='lat' dir='ltr'><strong>consulis</strong></span> 
     </span>
     <span class='ocr_line' id='line_1_36' title="bbox 245 3357 2082 3416; baseline 0 -12"><span class='ocrx_word' id='word_1_345' title='bbox 245 3377 331 3405; x_wconf 73' lang='lat' dir='ltr'><strong>‘non</strong></span> <span class='ocrx_word' id='word_1_346' title='bbox 362 3362 706 3404; x_wconf 75' lang='lat' dir='ltr'><strong>instrument-am</strong></span> <span class='ocrx_word' id='word_1_347' title='bbox 732 3367 813 3403; x_wconf 80' lang='lat' dir='ltr'><strong>aut</strong></span> <span class='ocrx_word' id='word_1_348' title='bbox 849 3367 1105 3403; x_wconf 84' lang='lat' dir='ltr'><strong>ornamenta</strong></span> <span class='ocrx_word' id='word_1_349' title='bbox 1145 3358 1305 3413; x_wconf 79' lang='lat' dir='ltr'><strong>villae,</strong></span> <span class='ocrx_word' id='word_1_350' title='bbox 1350 3357 1430 3401; x_wconf 69' lang='lat' dir='ltr'><strong>secl</strong></span> <span class='ocrx_word' id='word_1_351' title='bbox 1460 3359 1595 3401; x_wconf 86' lang='lat' dir='ltr'><strong>etiam</strong></span> <span class='ocrx_word' id='word_1_352' title='bbox 1617 3357 1804 3400; x_wconf 75' lang='lat' dir='ltr'><strong>&#39;arbores</strong></span> <span class='ocrx_word' id='word_1_353' title='bbox 1837 3359 2082 3416; x_wconf 78' lang='lat' dir='ltr'><strong>transfere-</strong></span> 
     </span>
     <span class='ocr_line' id='line_1_37' title="bbox 249 3435 2078 3500; baseline 0.001 -18"><span class='ocrx_word' id='word_1_354' title='bbox 249 3439 434 3482; x_wconf 80' lang='lat' dir='ltr'><strong>bantur:</strong></span> <span class='ocrx_word' id='word_1_355' title='bbox 468 3455 602 3498; x_wconf 83' lang='lat' dir='ltr'><strong>quum</strong></span> <span class='ocrx_word' id='word_1_356' title='bbox 631 3439 732 3498; x_wconf 84' lang='lat' dir='ltr'><strong>ipsa</strong></span> <span class='ocrx_word' id='word_1_357' title='bbox 759 3436 870 3480; x_wconf 84' lang='lat' dir='ltr'><em>villa</em></span> <span class='ocrx_word' id='word_1_358' title='bbox 894 3453 980 3481; x_wconf 83' lang='lat' dir='ltr'><strong>non</strong></span> <span class='ocrx_word' id='word_1_359' title='bbox 1001 3435 1196 3497; x_wconf 82' lang='lat' dir='ltr'><strong>praedae</strong></span> <span class='ocrx_word' id='word_1_360' title='bbox 1219 3435 1490 3496; x_wconf 80' lang='lat' dir='ltr'><strong>cupiditate,</strong></span> <span class='ocrx_word' id='word_1_361' title='bbox 1526 3436 1661 3497; x_wconf 83' lang='lat' dir='ltr'><strong>(quid</strong></span> <span class='ocrx_word' id='word_1_362' title='bbox 1684 3437 1799 3481; x_wconf 86' lang='lat' dir='ltr'><strong>enim</strong></span> <span class='ocrx_word' id='word_1_363' title='bbox 1827 3447 1925 3482; x_wconf 77' lang='lat' dir='ltr'><strong>erat</strong></span> <span class='ocrx_word' id='word_1_364' title='bbox 1945 3457 2078 3500; x_wconf 80' lang='lat' dir='ltr'><strong>prae·</strong></span> 
     </span>
     <span class='ocr_line' id='line_1_38' title="bbox 246 3514 2123 3573; baseline 0.001 -14"><span class='ocrx_word' id='word_1_365' title='bbox 246 3514 327 3560; x_wconf 82' lang='lat' dir='ltr'><strong>dae</strong></span> <span class='ocrx_word' id='word_1_366' title='bbox 339 3515 387 3573; x_wconf 71' lang='grc' dir='ltr'><strong>Ρ)</strong></span> <span class='ocrx_word' id='word_1_367' title='bbox 421 3514 501 3560; x_wconf 80' lang='lat' dir='ltr'><strong>sed</strong></span> <span class='ocrx_word' id='word_1_368' title='bbox 532 3514 630 3559; x_wconf 78' lang='lat' dir='ltr'><strong>odio</strong></span> <span class='ocrx_word' id='word_1_369' title='bbox 664 3523 707 3560; x_wconf 83' lang='lat' dir='ltr'><strong>et</strong></span> <span class='ocrx_word' id='word_1_370' title='bbox 738 3514 1002 3560; x_wconf 75' lang='lat' dir='ltr'><strong>erudelitate</strong></span> <span class='ocrx_word' id='word_1_371' title='bbox 1020 3514 1242 3573; x_wconf 79' lang='lat' dir='ltr'><strong>funditus</strong></span> <span class='ocrx_word' id='word_1_372' title='bbox 1271 3522 1551 3559; x_wconf 68' lang='lat' dir='ltr'><strong>everteretur.</strong></span> <span class='ocrx_word' id='word_1_373' title='bbox 1621 3516 1786 3559; x_wconf 78' lang='lat' dir='ltr'><strong>Domus</strong></span> <span class='ocrx_word' id='word_1_374' title='bbox 1819 3515 1999 3560; x_wconf 79' lang='lat' dir='ltr'><strong>ardebat</strong></span> <span class='ocrx_word' id='word_1_375' title='bbox 2031 3517 2078 3560; x_wconf 80' lang='lat' dir='ltr'><strong>in</strong></span> <span class='ocrx_word' id='word_1_376' title='bbox 2117 3550 2123 3554; x_wconf 82' lang='lat'><em>-</em></span> 
     </span>
    </p>
   </div>
  </div>
 </body>
</html>
