<?xml version="1.0" encoding="UTF-8"?>
<!DOCTYPE html PUBLIC "-//W3C//DTD XHTML 1.0 Transitional//EN"
    "http://www.w3.org/TR/xhtml1/DTD/xhtml1-transitional.dtd">
<html xmlns="http://www.w3.org/1999/xhtml" xml:lang="en" lang="en">
 <head>
  <title>
</title>
<meta http-equiv="Content-Type" content="text/html;charset=utf-8" />
  <meta name='ocr-system' content='tesseract 3.04.00' />
  <meta name='ocr-capabilities' content='ocr_page ocr_carea ocr_par ocr_line ocrx_word'/>
</head>
<body>
  <div class='ocr_page' id='page_1' title='image "./mtulliiciceronis00suriuoft/mtulliiciceronis00suriuoft_0104.png"; bbox 0 0 2158 4030; ppageno 0'>
   <div class='ocr_carea' id='block_1_1' title="bbox 247 239 1483 290">
    <p class='ocr_par' dir='ltr' id='par_1_1' title="bbox 247 239 1483 290">
     <span class='ocr_line' id='line_1_1' title="bbox 247 239 1483 290; baseline -0.006 -1"><span class='ocrx_word' id='word_1_1' title='bbox 247 239 316 290; x_wconf 83' lang='grc'><strong>86</strong></span> <span class='ocrx_word' id='word_1_2' title='bbox 844 245 1057 285; x_wconf 71' lang='lat' dir='ltr'><strong>emeno</strong></span> <span class='ocrx_word' id='word_1_3' title='bbox 1091 246 1161 283; x_wconf 80' lang='lat' dir='ltr'><strong>DE</strong></span> <span class='ocrx_word' id='word_1_4' title='bbox 1202 246 1338 284; x_wconf 57' lang='lat' dir='ltr'><strong>vna</strong></span> <span class='ocrx_word' id='word_1_5' title='bbox 1379 245 1483 285; x_wconf 56' lang='lat' dir='ltr'><strong>sum</strong></span> 
     </span>
    </p>
   </div>
   <div class='ocr_carea' id='block_1_2' title="bbox 248 379 2158 959">
    <p class='ocr_par' dir='ltr' id='par_1_2' title="bbox 248 379 2158 959">
     <span class='ocr_line' id='line_1_2' title="bbox 250 379 2073 455; baseline -0.006 -17"><span class='ocrx_word' id='word_1_6' title='bbox 250 383 474 439; x_wconf 80' lang='lat' dir='ltr'>retinuit</span> <span class='ocrx_word' id='word_1_7' title='bbox 501 383 726 455; x_wconf 82' lang='lat' dir='ltr'><strong>regium.</strong></span> <span class='ocrx_word' id='word_1_8' title='bbox 808 380 994 451; x_wconf 87' lang='lat' dir='ltr'><strong>Itaque</strong></span> <span class='ocrx_word' id='word_1_9' title='bbox 1022 381 1133 452; x_wconf 91' lang='lat' dir='ltr'><strong>ipse</strong></span> <span class='ocrx_word' id='word_1_10' title='bbox 1161 379 1473 451; x_wconf 84' lang='lat' dir='ltr'><strong>PompeiuS,</strong></span> <span class='ocrx_word' id='word_1_11' title='bbox 1507 392 1670 446; x_wconf 86' lang='lat' dir='ltr'><strong>regno</strong></span> <span class='ocrx_word' id='word_1_12' title='bbox 1697 390 1967 446; x_wconf 73' lang='lat' dir='ltr'><strong>possesse,</strong></span> <span class='ocrx_word' id='word_1_13' title='bbox 2007 383 2073 429; x_wconf 80' lang='lat' dir='ltr'><strong>ex</strong></span> 
     </span>
     <span class='ocr_line' id='line_1_3' title="bbox 249 476 2070 549; baseline -0.004 -11"><span class='ocrx_word' id='word_1_14' title='bbox 249 483 496 539; x_wconf 88' lang='lat' dir='ltr'><strong>omnihus</strong></span> <span class='ocrx_word' id='word_1_15' title='bbox 535 483 643 536; x_wconf 89' lang='lat' dir='ltr'><strong>oris</strong></span> <span class='ocrx_word' id='word_1_16' title='bbox 684 498 744 536; x_wconf 86' lang='lat' dir='ltr'><strong>ac</strong></span> <span class='ocrx_word' id='word_1_17' title='bbox 786 482 926 535; x_wconf 92' lang='lat' dir='ltr'><strong>notis</strong></span> <span class='ocrx_word' id='word_1_18' title='bbox 967 480 1182 535; x_wconf 84' lang='lat' dir='ltr'><strong>sedibus</strong></span> <span class='ocrx_word' id='word_1_19' title='bbox 1221 479 1372 533; x_wconf 83' lang='lat' dir='ltr'><strong>hoste</strong></span> <span class='ocrx_word' id='word_1_20' title='bbox 1410 476 1599 549; x_wconf 83' lang='lat' dir='ltr'><strong>pulSO,</strong></span> <span class='ocrx_word' id='word_1_21' title='bbox 1638 481 1817 529; x_wconf 87' lang='lat' dir='ltr'><strong>tamen</strong></span> <span class='ocrx_word' id='word_1_22' title='bbox 1857 481 2070 530; x_wconf 82' lang='lat' dir='ltr'><strong>tantum</strong></span> 
     </span>
     <span class='ocr_line' id='line_1_4' title="bbox 248 576 2154 654; baseline -0.006 -14"><span class='ocrx_word' id='word_1_23' title='bbox 248 587 303 640; x_wconf 91' lang='lat' dir='ltr'><strong>in</strong></span> <span class='ocrx_word' id='word_1_24' title='bbox 339 586 499 639; x_wconf 90' lang='lat' dir='ltr'><strong>unius</strong></span> <span class='ocrx_word' id='word_1_25' title='bbox 533 584 713 637; x_wconf 88' lang='lat' dir='ltr'><strong>anima</strong></span> <span class='ocrx_word' id='word_1_26' title='bbox 738 582 947 654; x_wconf 87' lang='lat' dir='ltr'><strong>posuit,</strong></span> <span class='ocrx_word' id='word_1_27' title='bbox 973 588 1062 646; x_wconf 89' lang='lat' dir='ltr'><strong>ut,</strong></span> <span class='ocrx_word' id='word_1_28' title='bbox 1097 598 1264 652; x_wconf 84' lang='lat' dir='ltr'><strong>quum</strong></span> <span class='ocrx_word' id='word_1_29' title='bbox 1291 579 1493 642; x_wconf 88' lang='lat' dir='ltr'><strong>omnia,</strong></span> <span class='ocrx_word' id='word_1_30' title='bbox 1520 594 1656 649; x_wconf 87' lang='lat' dir='ltr'><strong>quae</strong></span> <span class='ocrx_word' id='word_1_31' title='bbox 1683 576 1770 631; x_wconf 91' lang='lat' dir='ltr'><strong>ille</strong></span> <span class='ocrx_word' id='word_1_32' title='bbox 1795 582 2075 640; x_wconf 88' lang='lat' dir='ltr'><strong>tenuerat,</strong></span> <span class='ocrx_word' id='word_1_33' title='bbox 2152 631 2154 635; x_wconf 76' lang='grc'><strong>,</strong></span> 
     </span>
     <span class='ocr_line' id='line_1_5' title="bbox 250 681 2158 756; baseline -0.006 -15"><span class='ocrx_word' id='word_1_34' title='bbox 250 686 479 750; x_wconf 86' lang='lat' dir='ltr'><strong>adierat,</strong></span> <span class='ocrx_word' id='word_1_35' title='bbox 508 690 778 756; x_wconf 86' lang='lat' dir='ltr'><strong>sperarat,</strong></span> <span class='ocrx_word' id='word_1_36' title='bbox 805 683 1030 736; x_wconf 84' lang='lat' dir='ltr'><strong>victoria</strong></span> <span class='ocrx_word' id='word_1_37' title='bbox 1049 681 1374 753; x_wconf 79' lang='lat' dir='ltr'><strong>possideret,</strong></span> <span class='ocrx_word' id='word_1_38' title='bbox 1401 685 1580 732; x_wconf 85' lang='lat' dir='ltr'><strong>tamen</strong></span> <span class='ocrx_word' id='word_1_39' title='bbox 1602 694 1707 731; x_wconf 92' lang='lat' dir='ltr'><strong>non</strong></span> <span class='ocrx_word' id='word_1_40' title='bbox 1728 683 1883 742; x_wconf 89' lang='lat' dir='ltr'><strong>ante,</strong></span> <span class='ocrx_word' id='word_1_41' title='bbox 1909 693 2073 748; x_wconf 88' lang='lat' dir='ltr'><strong>quam</strong></span> <span class='ocrx_word' id='word_1_42' title='bbox 2154 718 2158 736; x_wconf 77' lang='lat'><strong>,</strong></span> 
     </span>
     <span class='ocr_line' id='line_1_6' title="bbox 249 779 2075 856; baseline -0.005 -15"><span class='ocrx_word' id='word_1_43' title='bbox 249 786 401 840; x_wconf 90' lang='lat' dir='ltr'><strong>illum</strong></span> <span class='ocrx_word' id='word_1_44' title='bbox 448 787 558 839; x_wconf 86' lang='lat' dir='ltr'><strong>vita</strong></span> <span class='ocrx_word' id='word_1_45' title='bbox 603 783 837 856; x_wconf 79' lang='lat' dir='ltr'><strong>expulit,</strong></span> <span class='ocrx_word' id='word_1_46' title='bbox 895 783 1094 836; x_wconf 84' lang='lat' dir='ltr'><strong>bellum</strong></span> <span class='ocrx_word' id='word_1_47' title='bbox 1140 780 1445 836; x_wconf 81' lang='lat' dir='ltr'><strong>consectum</strong></span> <span class='ocrx_word' id='word_1_48' title='bbox 1491 779 1792 833; x_wconf 68' lang='lat' dir='ltr'><strong>iudicarit.r</strong></span> <span class='ocrx_word' id='word_1_49' title='bbox 1857 782 1945 833; x_wconf 73' lang='lat'><strong>72.</strong></span> <span class='ocrx_word' id='word_1_50' title='bbox 1987 779 2075 833; x_wconf 84' lang='lat' dir='ltr'><strong>Ti-</strong></span> 
     </span>
     <span class='ocr_line' id='line_1_7' title="bbox 249 876 2158 959; baseline -0.005 -17"><span class='ocrx_word' id='word_1_51' title='bbox 249 904 469 959; x_wconf 83' lang='lat' dir='ltr'><strong>grauem</strong></span> <span class='ocrx_word' id='word_1_52' title='bbox 492 892 508 923; x_wconf 85' lang='lat'>1</span> <span class='ocrx_word' id='word_1_53' title='bbox 556 903 680 939; x_wconf 87' lang='lat' dir='ltr'><strong>vero</strong></span> <span class='ocrx_word' id='word_1_54' title='bbox 727 884 1041 955; x_wconf 87' lang='lat' dir='ltr'><strong>Pompeius,</strong></span> <span class='ocrx_word' id='word_1_55' title='bbox 1091 899 1260 953; x_wconf 86' lang='lat' dir='ltr'><strong>quum</strong></span> <span class='ocrx_word' id='word_1_56' title='bbox 1299 882 1354 934; x_wconf 91' lang='lat' dir='ltr'><strong>in</strong></span> <span class='ocrx_word' id='word_1_57' title='bbox 1394 880 1508 934; x_wconf 86' lang='lat' dir='ltr'><strong>suis</strong></span> <span class='ocrx_word' id='word_1_58' title='bbox 1546 881 1742 935; x_wconf 85' lang='lat' dir='ltr'><strong>castris</strong></span> <span class='ocrx_word' id='word_1_59' title='bbox 1779 879 2075 952; x_wconf 81' lang='lat' dir='ltr'><strong>supplicem</strong></span> <span class='ocrx_word' id='word_1_60' title='bbox 2154 876 2158 949; x_wconf 73' lang='lat'>3</span> 
     </span>
    </p>
   </div>
   <div class='ocr_carea' id='block_1_3' title="bbox 247 982 2158 1054">
    <p class='ocr_par' dir='ltr' id='par_1_3' title="bbox 247 982 2158 1054">
     <span class='ocr_line' id='line_1_8' title="bbox 247 982 2158 1054; baseline -0.003 -13"><span class='ocrx_word' id='word_1_61' title='bbox 247 988 516 1041; x_wconf 87' lang='lat' dir='ltr'><strong>abiectum</strong></span> <span class='ocrx_word' id='word_1_62' title='bbox 555 985 808 1048; x_wconf 85' lang='lat' dir='ltr'><strong>vidisset,</strong></span> <span class='ocrx_word' id='word_1_63' title='bbox 849 984 1049 1047; x_wconf 86' lang='lat' dir='ltr'><strong>erexit,</strong></span> <span class='ocrx_word' id='word_1_64' title='bbox 1089 990 1250 1054; x_wconf 85' lang='lat' dir='ltr'><strong>atque</strong></span> <span class='ocrx_word' id='word_1_65' title='bbox 1282 982 1497 1053; x_wconf 78' lang='lat' dir='ltr'><strong>insigne</strong></span> <span class='ocrx_word' id='word_1_66' title='bbox 1525 983 1770 1054; x_wconf 88' lang='lat' dir='ltr'><strong>regium,</strong></span> <span class='ocrx_word' id='word_1_67' title='bbox 1806 982 1945 1054; x_wconf 89' lang='lat' dir='ltr'><strong>quod</strong></span> <span class='ocrx_word' id='word_1_68' title='bbox 1981 982 2078 1036; x_wconf 64' lang='lat' dir='ltr'><strong>⁴ille·</strong></span> <span class='ocrx_word' id='word_1_69' title='bbox 2156 1015 2158 1052; x_wconf 57' lang='lat'><em>2</em></span> 
     </span>
    </p>
   </div>
   <div class='ocr_carea' id='block_1_4' title="bbox 244 1082 2077 1257">
    <p class='ocr_par' dir='ltr' id='par_1_4' title="bbox 244 1082 2158 1257">
     <span class='ocr_line' id='line_1_9' title="bbox 246 1082 2074 1155; baseline -0.003 -15"><span class='ocrx_word' id='word_1_70' title='bbox 246 1087 310 1142; x_wconf 87' lang='lat' dir='ltr'><strong>de</strong></span> <span class='ocrx_word' id='word_1_71' title='bbox 343 1102 440 1139; x_wconf 88' lang='lat' dir='ltr'><strong>suo</strong></span> <span class='ocrx_word' id='word_1_72' title='bbox 473 1085 648 1155; x_wconf 88' lang='lat' dir='ltr'><strong>capite</strong></span> <span class='ocrx_word' id='word_1_73' title='bbox 680 1083 983 1147; x_wconf 88' lang='lat' dir='ltr'><strong>abiecerat,</strong></span> <span class='ocrx_word' id='word_1_74' title='bbox 1021 1083 1292 1154; x_wconf 85' lang='lat' dir='ltr'><strong>reposuit,</strong></span> <span class='ocrx_word' id='word_1_75' title='bbox 1328 1088 1411 1148; x_wconf 87' lang='lat' dir='ltr'><strong>et,</strong></span> <span class='ocrx_word' id='word_1_76' title='bbox 1451 1083 1614 1137; x_wconf 87' lang='lat' dir='ltr'><strong>certis</strong></span> <span class='ocrx_word' id='word_1_77' title='bbox 1654 1082 1815 1136; x_wconf 88' lang='lat' dir='ltr'><strong>rebus</strong></span> <span class='ocrx_word' id='word_1_78' title='bbox 1847 1083 2074 1154; x_wconf 85' lang='lat' dir='ltr'><strong>impera·</strong></span> 
     </span>
     <span class='ocr_line' id='line_1_10' title="bbox 244 1182 2077 1257; baseline -0.002 -17"><span class='ocrx_word' id='word_1_79' title='bbox 244 1187 345 1252; x_wconf 72' lang='lat' dir='ltr'><strong>tis,</strong></span> <span class='ocrx_word' id='word_1_80' title='bbox 385 1202 611 1257; x_wconf 89' lang='lat' dir='ltr'><strong>regnare</strong></span> <span class='ocrx_word' id='word_1_81' title='bbox 651 1186 836 1240; x_wconf 89' lang='lat' dir='ltr'><strong>iussit:</strong></span> <span class='ocrx_word' id='word_1_82' title='bbox 877 1202 974 1239; x_wconf 91' lang='lat' dir='ltr'><strong>nec</strong></span> <span class='ocrx_word' id='word_1_83' title='bbox 1009 1185 1190 1239; x_wconf 88' lang='lat' dir='ltr'><strong>minus</strong></span> <span class='ocrx_word' id='word_1_84' title='bbox 1222 1190 1276 1239; x_wconf 89' lang='lat' dir='ltr'><strong>et</strong></span> <span class='ocrx_word' id='word_1_85' title='bbox 1316 1184 1416 1238; x_wconf 82' lang='lat' dir='ltr'><strong>sihi</strong></span> <span class='ocrx_word' id='word_1_86' title='bbox 1457 1191 1510 1239; x_wconf 92' lang='lat' dir='ltr'><strong>et</strong></span> <span class='ocrx_word' id='word_1_87' title='bbox 1543 1184 1672 1239; x_wconf 88' lang='lat' dir='ltr'><strong>huic</strong></span> <span class='ocrx_word' id='word_1_88' title='bbox 1710 1184 1934 1256; x_wconf 87' lang='lat' dir='ltr'><strong>imperio</strong></span> <span class='ocrx_word' id='word_1_89' title='bbox 1967 1182 2077 1255; x_wconf 84' lang='lat' dir='ltr'><strong>glo-</strong></span> 
     </span>
    </p>
   </div>
   <div class='ocr_carea' id='block_1_5' title="bbox 245 1285 2158 1359">
    <p class='ocr_par' dir='ltr' id='par_1_5' title="bbox 245 1285 2158 1359">
     <span class='ocr_line' id='line_1_11' title="bbox 245 1285 2158 1359; baseline -0.003 -17"><span class='ocrx_word' id='word_1_90' title='bbox 245 1288 450 1342; x_wconf 83' lang='lat' dir='ltr'><strong>riosum</strong></span> <span class='ocrx_word' id='word_1_91' title='bbox 482 1287 720 1359; x_wconf 86' lang='lat' dir='ltr'><strong>putavit,</strong></span> <span class='ocrx_word' id='word_1_92' title='bbox 762 1286 1118 1340; x_wconf 88' lang='lat' dir='ltr'><strong>constitutum</strong></span> <span class='ocrx_word' id='word_1_93' title='bbox 1152 1302 1183 1339; x_wconf 87' lang='lat' dir='ltr'><strong>a</strong></span> <span class='ocrx_word' id='word_1_94' title='bbox 1210 1301 1267 1339; x_wconf 91' lang='lat' dir='ltr'><strong>se</strong></span> <span class='ocrx_word' id='word_1_95' title='bbox 1285 1301 1493 1355; x_wconf 85' lang='lat' dir='ltr'><strong>regem,</strong></span> <span class='ocrx_word' id='word_1_96' title='bbox 1532 1301 1694 1355; x_wconf 88' lang='lat' dir='ltr'><strong>quam</strong></span> <span class='ocrx_word' id='word_1_97' title='bbox 1721 1285 2077 1338; x_wconf 88' lang='lat' dir='ltr'><strong>constrictum</strong></span> <span class='ocrx_word' id='word_1_98' title='bbox 2152 1313 2158 1354; x_wconf 65' lang='grc' dir='ltr'><strong>ς</strong></span> 
     </span>
    </p>
   </div>
   <div class='ocr_carea' id='block_1_6' title="bbox 242 1385 2154 1661">
    <p class='ocr_par' dir='ltr' id='par_1_6' title="bbox 242 1385 2154 1661">
     <span class='ocr_line' id='line_1_12' title="bbox 245 1385 2154 1459; baseline -0.002 -17"><span class='ocrx_word' id='word_1_99' title='bbox 245 1388 432 1442; x_wconf 72' lang='lat' dir='ltr'><strong>videri.</strong></span> <span class='ocrx_word' id='word_1_100' title='bbox 513 1388 715 1459; x_wconf 84' lang='lat' dir='ltr'><strong>Igitur,</strong></span> <span class='ocrx_word' id='word_1_101' title='bbox 756 1388 848 1459; x_wconf 82' lang='lat' dir='ltr'><strong>qui</strong></span> <span class='ocrx_word' id='word_1_102' title='bbox 888 1394 942 1441; x_wconf 86' lang='lat' dir='ltr'><strong>et</strong></span> <span class='ocrx_word' id='word_1_103' title='bbox 982 1387 1096 1458; x_wconf 88' lang='lat' dir='ltr'><strong>ipse</strong></span> <span class='ocrx_word' id='word_1_104' title='bbox 1133 1386 1302 1440; x_wconf 90' lang='lat' dir='ltr'><strong>hostis</strong></span> <span class='ocrx_word' id='word_1_105' title='bbox 1346 1385 1451 1440; x_wconf 83' lang='lat' dir='ltr'><strong>suit</strong></span> <span class='ocrx_word' id='word_1_106' title='bbox 1494 1385 1675 1458; x_wconf 88' lang='lat' dir='ltr'><strong>populi</strong></span> <span class='ocrx_word' id='word_1_107' title='bbox 1715 1386 1971 1449; x_wconf 87' lang='lat' dir='ltr'><strong>Romani,</strong></span> <span class='ocrx_word' id='word_1_108' title='bbox 2023 1391 2077 1439; x_wconf 81' lang='lat' dir='ltr'><strong>et</strong></span> <span class='ocrx_word' id='word_1_109' title='bbox 2152 1450 2154 1453; x_wconf 22' lang='grc' dir='ltr'>Ι</span> 
     </span>
     <span class='ocr_line' id='line_1_13' title="bbox 242 1475 2076 1557; baseline -0.003 -13"><span class='ocrx_word' id='word_1_110' title='bbox 242 1490 569 1544; x_wconf 88' lang='lat' dir='ltr'><strong>acerrimum</strong></span> <span class='ocrx_word' id='word_1_111' title='bbox 615 1488 823 1542; x_wconf 86' lang='lat' dir='ltr'><strong>hostem</strong></span> <span class='ocrx_word' id='word_1_112' title='bbox 862 1488 919 1541; x_wconf 92' lang='lat' dir='ltr'><strong>in</strong></span> <span class='ocrx_word' id='word_1_113' title='bbox 971 1502 1200 1557; x_wconf 86' lang='lat' dir='ltr'><strong>regnum</strong></span> <span class='ocrx_word' id='word_1_114' title='bbox 1245 1475 1481 1557; x_wconf 67' lang='lat' dir='ltr'><strong>recepst,</strong></span> <span class='ocrx_word' id='word_1_115' title='bbox 1524 1486 1624 1556; x_wconf 69' lang='lat' dir='ltr'><strong>‘qui</strong></span> <span class='ocrx_word' id='word_1_116' title='bbox 1663 1484 1948 1548; x_wconf 74' lang='lat' dir='ltr'><strong>conflixit,</strong></span> <span class='ocrx_word' id='word_1_117' title='bbox 1981 1485 2076 1556; x_wconf 88' lang='lat' dir='ltr'><strong>qui</strong></span> 
     </span>
     <span class='ocr_line' id='line_1_14' title="bbox 244 1584 2080 1661; baseline -0.002 -17"><span class='ocrx_word' id='word_1_118' title='bbox 244 1591 400 1661; x_wconf 89' lang='lat' dir='ltr'><strong>signa</strong></span> <span class='ocrx_word' id='word_1_119' title='bbox 433 1587 693 1651; x_wconf 82' lang='lat' dir='ltr'><strong>contulit,</strong></span> <span class='ocrx_word' id='word_1_120' title='bbox 719 1587 812 1657; x_wconf 87' lang='lat' dir='ltr'><strong>qui</strong></span> <span class='ocrx_word' id='word_1_121' title='bbox 843 1585 908 1640; x_wconf 88' lang='lat' dir='ltr'><strong>de</strong></span> <span class='ocrx_word' id='word_1_122' title='bbox 936 1586 1161 1656; x_wconf 87' lang='lat' dir='ltr'><strong>imperio</strong></span> <span class='ocrx_word' id='word_1_123' title='bbox 1180 1601 1347 1656; x_wconf 84' lang='lat' dir='ltr'><strong>paene</strong></span> <span class='ocrx_word' id='word_1_124' title='bbox 1368 1585 1624 1649; x_wconf 82' lang='lat' dir='ltr'><strong>certavit,</strong></span> <span class='ocrx_word' id='word_1_125' title='bbox 1663 1590 1855 1656; x_wconf 83' lang='lat' dir='ltr'><strong>regnat</strong></span> <span class='ocrx_word' id='word_1_126' title='bbox 1874 1584 2080 1650; x_wconf 8' lang='lat' dir='ltr'><strong>rhodie,</strong></span> 
     </span>
    </p>
   </div>
   <div class='ocr_carea' id='block_1_7' title="bbox 245 1684 2158 1757">
    <p class='ocr_par' dir='ltr' id='par_1_7' title="bbox 245 1684 2158 1757">
     <span class='ocr_line' id='line_1_15' title="bbox 245 1684 2158 1757; baseline -0.003 -12"><span class='ocrx_word' id='word_1_127' title='bbox 245 1697 299 1745; x_wconf 89' lang='lat' dir='ltr'><strong>et</strong></span> <span class='ocrx_word' id='word_1_128' title='bbox 346 1689 615 1744; x_wconf 83' lang='lat' dir='ltr'><strong>amicitiae</strong></span> <span class='ocrx_word' id='word_1_129' title='bbox 656 1703 850 1741; x_wconf 88' lang='lat' dir='ltr'><strong>nomen</strong></span> <span class='ocrx_word' id='word_1_130' title='bbox 889 1703 951 1740; x_wconf 91' lang='lat' dir='ltr'><strong>ac</strong></span> <span class='ocrx_word' id='word_1_131' title='bbox 991 1684 1479 1757; x_wconf 83' lang='lat' dir='ltr'><strong>societatiS,·quod</strong></span> <span class='ocrx_word' id='word_1_132' title='bbox 1519 1685 1687 1739; x_wconf 86' lang='lat' dir='ltr'><strong>armis</strong></span> <span class='ocrx_word' id='word_1_133' title='bbox 1724 1684 1979 1750; x_wconf 85' lang='lat' dir='ltr'><strong>violarat,</strong></span> <span class='ocrx_word' id='word_1_134' title='bbox 2021 1685 2076 1740; x_wconf 86' lang='lat' dir='ltr'><strong>id</strong></span> <span class='ocrx_word' id='word_1_135' title='bbox 2156 1720 2158 1723; x_wconf 93' lang='lat'><em>-</em></span> 
     </span>
    </p>
   </div>
   <div class='ocr_carea' id='block_1_8' title="bbox 242 1784 2158 1959">
    <p class='ocr_par' dir='ltr' id='par_1_8' title="bbox 242 1784 2158 1965">
     <span class='ocr_line' id='line_1_16' title="bbox 243 1784 2158 1862; baseline -0.002 -19"><span class='ocrx_word' id='word_1_136' title='bbox 243 1788 493 1862; x_wconf 89' lang='lat' dir='ltr'><strong>precibus</strong></span> <span class='ocrx_word' id='word_1_137' title='bbox 515 1794 597 1842; x_wconf 83' lang='lat' dir='ltr'><strong>est</strong></span> <span class='ocrx_word' id='word_1_138' title='bbox 617 1792 957 1842; x_wconf 84' lang='lat' dir='ltr'><strong>consecutuS.</strong></span> <span class='ocrx_word' id='word_1_139' title='bbox 1035 1785 1356 1840; x_wconf 81' lang='lat' dir='ltr'><strong>Ostenderat</strong></span> <span class='ocrx_word' id='word_1_140' title='bbox 1374 1791 1396 1822; x_wconf 86' lang='lat'>2</span> <span class='ocrx_word' id='word_1_141' title='bbox 1429 1785 1606 1850; x_wconf 90' lang='lat' dir='ltr'><strong>enim,</strong></span> <span class='ocrx_word' id='word_1_142' title='bbox 1637 1802 1743 1839; x_wconf 86' lang='lat' dir='ltr'><strong>non</strong></span> <span class='ocrx_word' id='word_1_143' title='bbox 1764 1784 1884 1839; x_wconf 85' lang='lat' dir='ltr'><strong>odio</strong></span> <span class='ocrx_word' id='word_1_144' title='bbox 1905 1802 2078 1858; x_wconf 84' lang='lat' dir='ltr'><strong>neque</strong></span> <span class='ocrx_word' id='word_1_145' title='bbox 2156 1824 2158 1826; x_wconf 92' lang='lat'>-</span> 
     </span>
     <span class='ocr_line' id='line_1_17' title="bbox 242 1885 2080 1959; baseline -0.002 -14"><span class='ocrx_word' id='word_1_146' title='bbox 242 1890 563 1945; x_wconf 87' lang='lat' dir='ltr'><strong>crudelitate</strong></span> <span class='ocrx_word' id='word_1_147' title='bbox 603 1888 791 1943; x_wconf 83' lang='lat' dir='ltr'><strong>secisse</strong></span> <span class='ocrx_word' id='word_1_148' title='bbox 810 1929 830 1952; x_wconf 88' lang='lat'><em>‚</em></span> <span class='ocrx_word' id='word_1_149' title='bbox 867 1886 1008 1959; x_wconf 88' lang='lat' dir='ltr'><strong>quod</strong></span> <span class='ocrx_word' id='word_1_150' title='bbox 1047 1886 1280 1951; x_wconf 83' lang='lat' dir='ltr'><strong>fecerat,</strong></span> <span class='ocrx_word' id='word_1_151' title='bbox 1324 1886 1417 1941; x_wconf 85' lang='lat' dir='ltr'><strong>sed</strong></span> <span class='ocrx_word' id='word_1_152' title='bbox 1455 1885 1693 1959; x_wconf 87' lang='lat' dir='ltr'><strong>impulsu</strong></span> <span class='ocrx_word' id='word_1_153' title='bbox 1730 1885 2080 1940; x_wconf 79' lang='lat' dir='ltr'><strong>Mithridatis.</strong></span> 
     </span>
    </p>
   </div>
   <div class='ocr_carea' id='block_1_9' title="bbox 241 1987 2080 2062">
    <p class='ocr_par' dir='ltr' id='par_1_9' title="bbox 241 1987 2158 2063">
     <span class='ocr_line' id='line_1_18' title="bbox 241 1987 2080 2062; baseline -0.003 -16"><span class='ocrx_word' id='word_1_154' title='bbox 241 1993 433 2046; x_wconf 58' lang='lat' dir='ltr'><strong>&lt;Postea</strong></span> <span class='ocrx_word' id='word_1_155' title='bbox 478 1989 830 2062; x_wconf 79' lang='lat' dir='ltr'><strong>pollicebatur</strong></span> <span class='ocrx_word' id='word_1_156' title='bbox 875 1994 930 2043; x_wconf 83' lang='lat' dir='ltr'><strong>et</strong></span> <span class='ocrx_word' id='word_1_157' title='bbox 962 1988 1314 2042; x_wconf 85' lang='lat' dir='ltr'><strong>confirmabat</strong></span> <span class='ocrx_word' id='word_1_158' title='bbox 1352 2004 1442 2053; x_wconf 89' lang='lat' dir='ltr'><strong>se,</strong></span> <span class='ocrx_word' id='word_1_159' title='bbox 1479 1994 1534 2042; x_wconf 92' lang='lat' dir='ltr'><strong>et</strong></span> <span class='ocrx_word' id='word_1_160' title='bbox 1577 1987 1678 2042; x_wconf 92' lang='lat' dir='ltr'><strong>hoc</strong></span> <span class='ocrx_word' id='word_1_161' title='bbox 1717 1994 1938 2061; x_wconf 84' lang='lat' dir='ltr'><strong>peccato</strong></span> <span class='ocrx_word' id='word_1_162' title='bbox 1989 1987 2080 2042; x_wconf 85' lang='lat' dir='ltr'><strong>do·</strong></span> 
     </span>
    </p>
   </div>
   <div class='ocr_carea' id='block_1_10' title="bbox 239 2087 2081 2445">
    <p class='ocr_par' dir='ltr' id='par_1_10' title="bbox 239 2070 2158 2445">
     <span class='ocr_line' id='line_1_19' title="bbox 243 2087 2081 2159; baseline -0.001 -15"><span class='ocrx_word' id='word_1_163' title='bbox 243 2097 394 2145; x_wconf 84' lang='lat' dir='ltr'><strong>ctum</strong></span> <span class='ocrx_word' id='word_1_164' title='bbox 441 2096 496 2144; x_wconf 92' lang='lat' dir='ltr'><strong>et</strong></span> <span class='ocrx_word' id='word_1_165' title='bbox 535 2089 792 2144; x_wconf 88' lang='lat' dir='ltr'><strong>beneficio</strong></span> <span class='ocrx_word' id='word_1_166' title='bbox 831 2105 1017 2142; x_wconf 91' lang='lat' dir='ltr'><strong>eorum</strong></span> <span class='ocrx_word' id='word_1_167' title='bbox 1038 2130 1054 2153; x_wconf 93' lang='lat'><strong>,</strong></span> <span class='ocrx_word' id='word_1_168' title='bbox 1100 2089 1195 2159; x_wconf 87' lang='lat' dir='ltr'><strong>qui</strong></span> <span class='ocrx_word' id='word_1_169' title='bbox 1241 2087 1344 2142; x_wconf 88' lang='lat' dir='ltr'><strong>sihi</strong></span> <span class='ocrx_word' id='word_1_170' title='bbox 1377 2088 1751 2159; x_wconf 78' lang='lat' dir='ltr'><strong>ignoscerent,</strong></span> <span class='ocrx_word' id='word_1_171' title='bbox 1795 2088 2081 2143; x_wconf 78' lang='lat' dir='ltr'><strong>confirma·</strong></span> 
     </span>
     <span class='ocr_line' id='line_1_20' title="bbox 239 2187 2079 2261; baseline 0.003 -22"><span class='ocrx_word' id='word_1_172' title='bbox 239 2197 395 2255; x_wconf 74' lang='lat' dir='ltr'><strong>tum,</strong></span> <span class='ocrx_word' id='word_1_173' title='bbox 431 2190 576 2244; x_wconf 89' lang='lat' dir='ltr'><strong>omni</strong></span> <span class='ocrx_word' id='word_1_174' title='bbox 611 2195 848 2260; x_wconf 88' lang='lat' dir='ltr'><strong>tempore</strong></span> <span class='ocrx_word' id='word_1_175' title='bbox 882 2204 912 2242; x_wconf 88' lang='lat' dir='ltr'><strong>a</strong></span> <span class='ocrx_word' id='word_1_176' title='bbox 944 2187 1040 2242; x_wconf 80' lang='lat' dir='ltr'><strong>tali</strong></span> <span class='ocrx_word' id='word_1_177' title='bbox 1073 2187 1282 2242; x_wconf 86' lang='lat' dir='ltr'><strong>ratione</strong></span> <span class='ocrx_word' id='word_1_178' title='bbox 1314 2187 1670 2251; x_wconf 82' lang='lat' dir='ltr'><strong>abfuturum;</strong></span> <span class='ocrx_word' id='word_1_179' title='bbox 1704 2187 1895 2244; x_wconf 83' lang='lat' dir='ltr'><strong>deinde</strong></span> <span class='ocrx_word' id='word_1_180' title='bbox 1927 2205 2079 2261; x_wconf 87' lang='lat' dir='ltr'><strong>spem</strong></span> 
     </span>
     <span class='ocr_line' id='line_1_21' title="bbox 241 2286 2081 2362; baseline -0.001 -16"><span class='ocrx_word' id='word_1_181' title='bbox 241 2289 504 2354; x_wconf 84' lang='lat' dir='ltr'><strong>ostendit,</strong></span> <span class='ocrx_word' id='word_1_182' title='bbox 543 2288 723 2361; x_wconf 86' lang='lat' dir='ltr'><strong>aliquo</strong></span> <span class='ocrx_word' id='word_1_183' title='bbox 749 2305 808 2343; x_wconf 89' lang='lat' dir='ltr'><strong>se</strong></span> <span class='ocrx_word' id='word_1_184' title='bbox 833 2288 890 2341; x_wconf 90' lang='lat' dir='ltr'><strong>in</strong></span> <span class='ocrx_word' id='word_1_185' title='bbox 916 2286 1075 2352; x_wconf 83' lang='lat' dir='ltr'><strong>loco,</strong></span> <span class='ocrx_word' id='word_1_186' title='bbox 1099 2304 1298 2359; x_wconf 85' lang='lat' dir='ltr'><strong>magno</strong></span> <span class='ocrx_word' id='word_1_187' title='bbox 1324 2288 1422 2354; x_wconf 85' lang='lat' dir='ltr'><strong>iis,</strong></span> <span class='ocrx_word' id='word_1_188' title='bbox 1446 2290 1540 2362; x_wconf 82' lang='lat' dir='ltr'><strong>qui</strong></span> <span class='ocrx_word' id='word_1_189' title='bbox 1568 2289 1671 2344; x_wconf 86' lang='lat' dir='ltr'><strong>sibi</strong></span> <span class='ocrx_word' id='word_1_190' title='bbox 1698 2289 2081 2356; x_wconf 78' lang='lat' dir='ltr'><strong>concederent,</strong></span> 
     </span>
     <span class='ocr_line' id='line_1_22' title="bbox 243 2389 664 2445; baseline -0.007 0"><span class='ocrx_word' id='word_1_191' title='bbox 243 2392 368 2445; x_wconf 88' lang='lat' dir='ltr'><strong>usui</strong></span> <span class='ocrx_word' id='word_1_192' title='bbox 397 2389 664 2444; x_wconf 85' lang='lat' dir='ltr'><strong>futurum.</strong></span> 
     </span>
    </p>
   </div>
   <div class='ocr_carea' id='block_1_11' title="bbox 242 2587 2080 2964">
    <p class='ocr_par' dir='ltr' id='par_1_11' title="bbox 242 2562 2158 2964">
     <span class='ocr_line' id='line_1_23' title="bbox 319 2587 2079 2662; baseline 0 -17"><span class='ocrx_word' id='word_1_193' title='bbox 319 2589 532 2645; x_wconf 89' lang='lat' dir='ltr'>XXVII.</span> <span class='ocrx_word' id='word_1_194' title='bbox 615 2592 705 2642; x_wconf 84' lang='lat'><strong>75.</strong></span> <span class='ocrx_word' id='word_1_195' title='bbox 745 2587 848 2642; x_wconf 85' lang='lat' dir='ltr'><strong>Sed</strong></span> <span class='ocrx_word' id='word_1_196' title='bbox 869 2593 893 2625; x_wconf 81' lang='lat'><strong>³·</strong></span> <span class='ocrx_word' id='word_1_197' title='bbox 924 2606 990 2642; x_wconf 92' lang='lat' dir='ltr'><strong>ne</strong></span> <span class='ocrx_word' id='word_1_198' title='bbox 1022 2606 1053 2643; x_wconf 86' lang='lat' dir='ltr'><strong>a</strong></span> <span class='ocrx_word' id='word_1_199' title='bbox 1081 2606 1166 2644; x_wconf 90' lang='lat' dir='ltr'><strong>me</strong></span> <span class='ocrx_word' id='word_1_200' title='bbox 1201 2591 1316 2662; x_wconf 91' lang='lat' dir='ltr'><strong>ipso</strong></span> <span class='ocrx_word' id='word_1_201' title='bbox 1337 2589 1608 2644; x_wconf 81' lang='lat' dir='ltr'><strong>recedam:</strong></span> <span class='ocrx_word' id='word_1_202' title='bbox 1650 2607 1819 2661; x_wconf 87' lang='lat' dir='ltr'><strong>quum</strong></span> <span class='ocrx_word' id='word_1_203' title='bbox 1841 2595 1863 2627; x_wconf 72' lang='lat'><strong>²¹</strong></span> <span class='ocrx_word' id='word_1_204' title='bbox 1894 2598 2079 2662; x_wconf 80' lang='lat' dir='ltr'><strong>postu-</strong></span> 
     </span>
     <span class='ocr_line' id='line_1_24' title="bbox 242 2689 2080 2763; baseline 0 -17"><span class='ocrx_word' id='word_1_205' title='bbox 242 2692 455 2746; x_wconf 83' lang='lat' dir='ltr'><strong>labatur</strong></span> <span class='ocrx_word' id='word_1_206' title='bbox 487 2689 630 2762; x_wconf 82' lang='lat' dir='ltr'><strong>apud</strong></span> <span class='ocrx_word' id='word_1_207' title='bbox 662 2706 748 2743; x_wconf 86' lang='lat' dir='ltr'><strong>me</strong></span> <span class='ocrx_word' id='word_1_208' title='bbox 776 2695 1078 2760; x_wconf 81' lang='lat' dir='ltr'><strong>praetorem</strong></span> <span class='ocrx_word' id='word_1_209' title='bbox 1106 2692 1344 2762; x_wconf 86' lang='lat' dir='ltr'><strong>primum</strong></span> <span class='ocrx_word' id='word_1_210' title='bbox 1373 2690 1436 2745; x_wconf 91' lang='lat' dir='ltr'><strong>de</strong></span> <span class='ocrx_word' id='word_1_211' title='bbox 1463 2691 1707 2762; x_wconf 86' lang='lat' dir='ltr'><strong>pecuniis</strong></span> <span class='ocrx_word' id='word_1_212' title='bbox 1734 2692 2080 2763; x_wconf 82' lang='lat' dir='ltr'><strong>repetundiS,</strong></span> 
     </span>
     <span class='ocr_line' id='line_1_25' title="bbox 242 2790 2077 2864; baseline -0.001 -16"><span class='ocrx_word' id='word_1_213' title='bbox 242 2811 341 2864; x_wconf 88' lang='lat' dir='ltr'><strong>ego</strong></span> <span class='ocrx_word' id='word_1_214' title='bbox 361 2799 383 2829; x_wconf 86' lang='lat'>⁵</span> <span class='ocrx_word' id='word_1_215' title='bbox 416 2790 627 2846; x_wconf 87' lang='lat' dir='ltr'><strong>defendi</strong></span> <span class='ocrx_word' id='word_1_216' title='bbox 661 2790 717 2844; x_wconf 68' lang='lat' dir='ltr'><strong>C,</strong></span> <span class='ocrx_word' id='word_1_217' title='bbox 738 2790 1119 2844; x_wconf 86' lang='lat' dir='ltr'><strong>Cornelium.</strong></span> <span class='ocrx_word' id='word_1_218' title='bbox 1175 2791 1289 2845; x_wconf 91' lang='lat' dir='ltr'><strong>Non</strong></span> <span class='ocrx_word' id='word_1_219' title='bbox 1310 2797 1331 2828; x_wconf 82' lang='lat'>⁸</span> <span class='ocrx_word' id='word_1_220' title='bbox 1365 2792 1411 2845; x_wconf 91' lang='lat' dir='ltr'><strong>is</strong></span> <span class='ocrx_word' id='word_1_221' title='bbox 1437 2791 1610 2862; x_wconf 82' lang='lat' dir='ltr'><strong>legem</strong></span> <span class='ocrx_word' id='word_1_222' title='bbox 1632 2791 1867 2862; x_wconf 86' lang='lat' dir='ltr'><strong>aliquam</strong></span> <span class='ocrx_word' id='word_1_223' title='bbox 1889 2799 2077 2846; x_wconf 89' lang='lat' dir='ltr'><strong>contra</strong></span> 
     </span>
     <span class='ocr_line' id='line_1_26' title="bbox 243 2890 2077 2964; baseline -0.001 -16"><span class='ocrx_word' id='word_1_224' title='bbox 243 2893 484 2964; x_wconf 88' lang='lat' dir='ltr'><strong>auspicia</strong></span> <span class='ocrx_word' id='word_1_225' title='bbox 510 2891 734 2944; x_wconf 84' lang='lat' dir='ltr'><strong>tulerat:</strong></span> <span class='ocrx_word' id='word_1_226' title='bbox 764 2907 868 2943; x_wconf 91' lang='lat' dir='ltr'><strong>non</strong></span> <span class='ocrx_word' id='word_1_227' title='bbox 904 2890 1138 2955; x_wconf 90' lang='lat' dir='ltr'><strong>Aeliam,</strong></span> <span class='ocrx_word' id='word_1_228' title='bbox 1167 2908 1270 2944; x_wconf 92' lang='lat' dir='ltr'><strong>non</strong></span> <span class='ocrx_word' id='word_1_229' title='bbox 1300 2891 1508 2946; x_wconf 83' lang='lat' dir='ltr'><strong>Fufiam</strong></span> <span class='ocrx_word' id='word_1_230' title='bbox 1540 2891 1712 2963; x_wconf 86' lang='lat' dir='ltr'><strong>legem</strong></span> <span class='ocrx_word' id='word_1_231' title='bbox 1741 2892 2077 2963; x_wconf 78' lang='lat' dir='ltr'><strong>neglexerat:</strong></span> 
     </span>
    </p>
   </div>
   <div class='ocr_carea' id='block_1_12' title="bbox 244 2990 2076 3065">
    <p class='ocr_par' dir='ltr' id='par_1_12' title="bbox 244 2990 2158 3065">
     <span class='ocr_line' id='line_1_27' title="bbox 244 2990 2076 3065; baseline -0.003 -16"><span class='ocrx_word' id='word_1_232' title='bbox 244 3012 351 3048; x_wconf 89' lang='lat' dir='ltr'><strong>non</strong></span> <span class='ocrx_word' id='word_1_233' title='bbox 385 2992 592 3048; x_wconf 90' lang='lat' dir='ltr'><strong>consuli</strong></span> <span class='ocrx_word' id='word_1_234' title='bbox 623 2991 734 3044; x_wconf 90' lang='lat' dir='ltr'><strong>vim</strong></span> <span class='ocrx_word' id='word_1_235' title='bbox 768 2990 1050 3045; x_wconf 87' lang='lat' dir='ltr'><strong>attulerat:</strong></span> <span class='ocrx_word' id='word_1_236' title='bbox 1093 3007 1198 3045; x_wconf 87' lang='lat' dir='ltr'><strong>non</strong></span> <span class='ocrx_word' id='word_1_237' title='bbox 1226 2994 1450 3047; x_wconf 88' lang='lat' dir='ltr'><strong>armatis</strong></span> <span class='ocrx_word' id='word_1_238' title='bbox 1478 2993 1787 3047; x_wconf 88' lang='lat' dir='ltr'><strong>hominihus</strong></span> <span class='ocrx_word' id='word_1_239' title='bbox 1814 2993 2076 3065; x_wconf 85' lang='lat' dir='ltr'><strong>templum</strong></span> 
     </span>
    </p>
   </div>
   <div class='ocr_carea' id='block_1_13' title="bbox 246 3092 2158 3267">
    <p class='ocr_par' dir='ltr' id='par_1_13' title="bbox 246 3076 2158 3267">
     <span class='ocr_line' id='line_1_28' title="bbox 246 3092 2073 3165; baseline 0 -17"><span class='ocrx_word' id='word_1_240' title='bbox 246 3100 522 3150; x_wconf 86' lang='lat' dir='ltr'><strong>tenuerat:</strong></span> <span class='ocrx_word' id='word_1_241' title='bbox 583 3109 689 3146; x_wconf 91' lang='lat' dir='ltr'><strong>non</strong></span> <span class='ocrx_word' id='word_1_242' title='bbox 736 3092 1144 3146; x_wconf 89' lang='lat' dir='ltr'><strong>intercessorem</strong></span> <span class='ocrx_word' id='word_1_243' title='bbox 1189 3094 1241 3146; x_wconf 85' lang='lat' dir='ltr'><strong>vi</strong></span> <span class='ocrx_word' id='word_1_244' title='bbox 1288 3093 1583 3149; x_wconf 83' lang='lat' dir='ltr'><strong>deiecerat:</strong></span> <span class='ocrx_word' id='word_1_245' title='bbox 1636 3111 1741 3148; x_wconf 91' lang='lat' dir='ltr'><strong>non</strong></span> <span class='ocrx_word' id='word_1_246' title='bbox 1788 3093 2073 3165; x_wconf 85' lang='lat' dir='ltr'><strong>religiones</strong></span> 
     </span>
     <span class='ocr_line' id='line_1_29' title="bbox 249 3178 2158 3267; baseline 0.001 -19"><span class='ocrx_word' id='word_1_247' title='bbox 249 3195 535 3267; x_wconf 87' lang='lat' dir='ltr'><strong>polluerat,</strong></span> <span class='ocrx_word' id='word_1_248' title='bbox 576 3210 673 3247; x_wconf 89' lang='lat' dir='ltr'><strong>nec</strong></span> <span class='ocrx_word' id='word_1_249' title='bbox 708 3193 976 3246; x_wconf 89' lang='lat' dir='ltr'><strong>aerarium</strong></span> <span class='ocrx_word' id='word_1_250' title='bbox 1003 3193 1353 3258; x_wconf 84' lang='lat' dir='ltr'><strong>exhauserat,</strong></span> <span class='ocrx_word' id='word_1_251' title='bbox 1387 3211 1484 3248; x_wconf 90' lang='lat' dir='ltr'><strong>nec</strong></span> <span class='ocrx_word' id='word_1_252' title='bbox 1517 3193 1905 3265; x_wconf 86' lang='lat' dir='ltr'><strong>rempublicam</strong></span> <span class='ocrx_word' id='word_1_253' title='bbox 1933 3211 2074 3249; x_wconf 85' lang='lat' dir='ltr'><strong>com·</strong></span> <span class='ocrx_word' id='word_1_254' title='bbox 2156 3178 2158 3206; x_wconf 60' lang='lat'><em>³</em></span> 
     </span>
    </p>
   </div>
   <div class='ocr_carea' id='block_1_14' title="bbox 247 3316 460 3329">
    <p class='ocr_par' dir='ltr' id='par_1_14' title="bbox 247 3316 460 3329">
     <span class='ocr_line' id='line_1_30' title="bbox 247 3316 460 3329; baseline 0 701"><span class='ocrx_word' id='word_1_255' title='bbox 247 3316 460 3329; x_wconf 95' lang='lat' dir='ltr'><strong> </strong></span> 
     </span>
    </p>
   </div>
   <div class='ocr_carea' id='block_1_15' title="bbox 249 3372 2146 3594">
    <p class='ocr_par' dir='ltr' id='par_1_15' title="bbox 249 3372 2146 3594">
     <span class='ocr_line' id='line_1_31' title="bbox 312 3372 2146 3436; baseline 0.001 -18"><span class='ocrx_word' id='word_1_256' title='bbox 312 3379 351 3434; x_wconf 88' lang='lat'><strong>¹)</strong></span> <span class='ocrx_word' id='word_1_257' title='bbox 384 3391 459 3436; x_wconf 85' lang='lat' dir='ltr'><strong>pro</strong></span> <span class='ocrx_word' id='word_1_258' title='bbox 495 3375 638 3420; x_wconf 87' lang='lat' dir='ltr'><strong>Sextio</strong></span> <span class='ocrx_word' id='word_1_259' title='bbox 671 3391 706 3419; x_wconf 90' lang='lat' dir='ltr'><strong>c.</strong></span> <span class='ocrx_word' id='word_1_260' title='bbox 733 3377 806 3420; x_wconf 86' lang='lat'><strong>27.</strong></span> <span class='ocrx_word' id='word_1_261' title='bbox 842 3376 958 3432; x_wconf 81' lang='lat'><strong>§58.</strong></span> <span class='ocrx_word' id='word_1_262' title='bbox 989 3400 1048 3408; x_wconf 90' lang='lat'><strong>-—</strong></span> <span class='ocrx_word' id='word_1_263' title='bbox 1077 3378 1117 3434; x_wconf 82' lang='lat'><strong>2)</strong></span> <span class='ocrx_word' id='word_1_264' title='bbox 1148 3375 1202 3420; x_wconf 88' lang='lat' dir='ltr'><strong>de</strong></span> <span class='ocrx_word' id='word_1_265' title='bbox 1231 3379 1402 3421; x_wconf 84' lang='lat' dir='ltr'><strong>Invent.</strong></span> <span class='ocrx_word' id='word_1_266' title='bbox 1430 3380 1487 3421; x_wconf 85' lang='grc' dir='ltr'><strong>ΙΙ.</strong></span> <span class='ocrx_word' id='word_1_267' title='bbox 1518 3392 1555 3420; x_wconf 92' lang='lat' dir='ltr'><strong>c.</strong></span> <span class='ocrx_word' id='word_1_268' title='bbox 1583 3379 1656 3420; x_wconf 87' lang='lat'><strong>35.</strong></span> <span class='ocrx_word' id='word_1_269' title='bbox 1686 3378 1832 3435; x_wconf 79' lang='lat'><strong>§106.</strong></span> <span class='ocrx_word' id='word_1_270' title='bbox 1865 3400 1924 3408; x_wconf 95' lang='lat'>—</span> <span class='ocrx_word' id='word_1_271' title='bbox 1956 3376 1997 3434; x_wconf 81' lang='lat'><strong>³)</strong></span> <span class='ocrx_word' id='word_1_272' title='bbox 2022 3374 2077 3420; x_wconf 82' lang='lat' dir='ltr'><strong>de</strong></span> <span class='ocrx_word' id='word_1_273' title='bbox 2143 3372 2146 3373; x_wconf 41' lang='lat'><em>⁷</em></span> 
     </span>
     <span class='ocr_line' id='line_1_32' title="bbox 249 3452 2071 3516; baseline -0.001 -18"><span class='ocrx_word' id='word_1_274' title='bbox 249 3458 415 3498; x_wconf 81' lang='lat' dir='ltr'><strong>Senect.</strong></span> <span class='ocrx_word' id='word_1_275' title='bbox 439 3468 474 3496; x_wconf 92' lang='lat' dir='ltr'><strong>c.</strong></span> <span class='ocrx_word' id='word_1_276' title='bbox 501 3456 575 3498; x_wconf 81' lang='lat'><strong>16.</strong></span> <span class='ocrx_word' id='word_1_277' title='bbox 611 3455 725 3509; x_wconf 54' lang='lat'><strong>§512</strong></span> <span class='ocrx_word' id='word_1_278' title='bbox 758 3481 817 3487; x_wconf 91' lang='lat'>—</span> <span class='ocrx_word' id='word_1_279' title='bbox 850 3454 891 3512; x_wconf 82' lang='lat'><strong>4)</strong></span> <span class='ocrx_word' id='word_1_280' title='bbox 923 3455 1094 3514; x_wconf 84' lang='lat' dir='ltr'><strong>Fragm.</strong></span> <span class='ocrx_word' id='word_1_281' title='bbox 1127 3456 1248 3500; x_wconf 83' lang='lat' dir='ltr'><strong>Orat.</strong></span> <span class='ocrx_word' id='word_1_282' title='bbox 1290 3471 1366 3516; x_wconf 89' lang='lat' dir='ltr'><strong>pro</strong></span> <span class='ocrx_word' id='word_1_283' title='bbox 1392 3453 1585 3500; x_wconf 87' lang='lat' dir='ltr'><strong>Cornelio</strong></span> <span class='ocrx_word' id='word_1_284' title='bbox 1618 3457 1651 3498; x_wconf 85' lang='lat'><strong>1.</strong></span> <span class='ocrx_word' id='word_1_285' title='bbox 1686 3455 1753 3512; x_wconf 89' lang='lat' dir='ltr'><strong>(in</strong></span> <span class='ocrx_word' id='word_1_286' title='bbox 1781 3453 1885 3499; x_wconf 83' lang='lat' dir='ltr'><strong>edit.</strong></span> <span class='ocrx_word' id='word_1_287' title='bbox 1919 3452 2071 3498; x_wconf 88' lang='lat' dir='ltr'><strong>Nobbii</strong></span> 
     </span>
     <span class='ocr_line' id='line_1_33' title="bbox 252 3531 1980 3594; baseline 0.002 -19"><span class='ocrx_word' id='word_1_288' title='bbox 252 3533 455 3592; x_wconf 70' lang='lat' dir='ltr'><strong>p.1292,</strong></span> <span class='ocrx_word' id='word_1_289' title='bbox 489 3547 530 3575; x_wconf 87' lang='lat' dir='ltr'><strong>n.</strong></span> <span class='ocrx_word' id='word_1_290' title='bbox 550 3534 592 3575; x_wconf 90' lang='lat'><strong>1.</strong></span> <span class='ocrx_word' id='word_1_291' title='bbox 626 3558 683 3565; x_wconf 86' lang='lat'><strong>—-</strong></span> <span class='ocrx_word' id='word_1_292' title='bbox 716 3535 756 3589; x_wconf 83' lang='lat'><strong>⁵)</strong></span> <span class='ocrx_word' id='word_1_293' title='bbox 790 3536 917 3578; x_wconf 83' lang='lat' dir='ltr'><strong>Brut.</strong></span> <span class='ocrx_word' id='word_1_294' title='bbox 949 3547 984 3575; x_wconf 89' lang='lat' dir='ltr'><strong>c.</strong></span> <span class='ocrx_word' id='word_1_295' title='bbox 1003 3533 1075 3576; x_wconf 85' lang='lat'><strong>79.</strong></span> <span class='ocrx_word' id='word_1_296' title='bbox 1110 3533 1249 3588; x_wconf 78' lang='lat'>§271.</span> <span class='ocrx_word' id='word_1_297' title='bbox 1284 3559 1343 3567; x_wconf 87' lang='lat'><strong>—-</strong></span> <span class='ocrx_word' id='word_1_298' title='bbox 1375 3535 1417 3594; x_wconf 76' lang='grc'><strong>6)</strong></span> <span class='ocrx_word' id='word_1_299' title='bbox 1434 3533 1479 3578; x_wconf 93' lang='lat' dir='ltr'><strong>in</strong></span> <span class='ocrx_word' id='word_1_300' title='bbox 1505 3531 1730 3578; x_wconf 86' lang='lat' dir='ltr'><strong>Vatinium</strong></span> <span class='ocrx_word' id='word_1_301' title='bbox 1763 3548 1799 3577; x_wconf 87' lang='lat' dir='ltr'><strong>c.</strong></span> <span class='ocrx_word' id='word_1_302' title='bbox 1816 3535 1858 3577; x_wconf 84' lang='lat'><strong>2.</strong></span> <span class='ocrx_word' id='word_1_303' title='bbox 1893 3533 1980 3588; x_wconf 74' lang='lat'><strong>§5-</strong></span> 
     </span>
    </p>
   </div>
  </div>
 </body>
</html>
