2210 3970
257 255 363 305 718
720 266 1049 304 Amineas
1107 266 1622 306 mennonium.

252 397 330 442 dia
349 430 360 451 ,
387 396 526 457 plena
559 395 746 454 denique
780 397 968 439 maximi
996 397 1179 440 terroris
1222 413 1451 457 agnoscas.
1515 398 1633 440 Sane
1665 395 1906 439 orationem
1931 405 2090 456 postea

252 474 449 536 legitimo
477 489 603 533 opere
631 480 673 516 et
703 473 868 518 maiore
896 490 1025 530 cura,
1058 481 1213 534 utpote
1245 475 1336 517 iam
1363 474 1657 534 confirmatus
1690 473 1836 516 animo
1870 480 1912 516 et
1943 474 1991 516 in
2020 489 2084 516 se·

250 553 467 606 cun-itate,
496 551 772 610 conscripsit.
837 550 1028 609 Quintil.
1059 564 1122 596 lv.
1156 566 1191 594 c.
1218 555 1259 595 3.
1299 554 1367 595 17.
1436 551 1632 594 Ciceroni
1659 565 1831 611 quoque
1863 550 1910 592 in
1930 565 2087 609 prooe-

249 630 364 687 mio,
397 645 531 688 quum
572 627 735 672 diceret
774 646 860 689 pro
899 629 1082 686 Milone,
1115 627 1289 690 digredi
1321 627 1419 682 fuit
1450 642 1649 682 neeesse,
1679 634 1732 670 ut
1761 627 1863 687 ipsa
1889 627 2087 671 oratiun-

249 707 382 761 cula,
428 723 518 766 qua
551 722 662 767 usus
702 715 793 763 est,
835 715 976 768 patet.
1041 706 1156 752 Conf.
1195 720 1257 750 lv.
1291 722 1325 750 c.
1352 708 1392 749 2.
1429 708 1500 748 25.
1538 717 1602 749 vx.
1635 720 1672 748 c.
1703 709 1744 748 5.
1778 709 1850 750 10.
1886 718 1947 749 lx.
1976 721 2015 750 c.
2044 708 2086 749 2.

249 789 323 832 41.
355 797 419 830 xl.
463 801 498 829 c.
519 788 560 827 3.
593 787 664 828 47.
705 785 783 829 Dio
810 798 879 829 XL.
913 801 950 830 c.
973 789 1046 829 54.
1083 789 1123 829 1.
1191 785 1257 829 Τά
1296 801 1344 829 τε
1370 778 1457 829 οὖν
1487 782 1781 845 δικαστήρια
1811 782 2006 841 ἡσύχως
2033 774 2088 827 ἑέι

249 866 436 910 τούτων
469 862 729 924 συνήγετο,
784 866 865 907 καὶ
915 861 1288 923 ἑδικαιώθησαν
1324 862 1407 909 ἐπὶ
1442 880 1490 908 τε
1524 849 1711 925 ἑτέροις
1762 867 1866 909 τισὶ
1911 864 2086 908 πολλοὶ

251 946 332 989 καὶ
360 942 443 988 ἐπὶ
474 943 538 1003 τῷ
574 945 660 986 τοῦ
703 941 930 986 Κλωδίου
957 942 1093 1003 φόνῳ
1129 942 1271 988 ἄλλοι
1309 960 1359 988 τε
1402 946 1483 987 καὶ
1520 942 1548 988 ὁ
1577 943 1775 997 Μίλων,
1811 945 1974 988 καίτοι
2007 941 2089 986 τὸν

247 1022 504 1084 Κικέρωνα
528 1021 883 1083 συναγωνιστήν
902 1021 1048 1078 ἔχων.
1086 1021 1111 1067 ὁ
1142 1024 1229 1085 γὰρ
1248 1022 1405 1084 ῥήτωρ
1437 1021 1621 1072 ἐκεῖνος
1652 1022 1738 1066 τόν
1763 1039 1812 1066 τε
1828 1020 2088 1082 Πομπήιον

251 1103 333 1148 καὶ
368 1102 488 1152 τούς
517 1097 820 1162 στρατιώτας
858 1100 909 1145 ἐν
945 1102 1008 1164 τῷ
1042 1100 1339 1164 δικαστηρίῳ
1380 1100 1509 1163 παροὶ
1541 1101 1596 1147 τὸ
1633 1099 1935 1158 καθεστηκὸς
1969 1098 2087 1145 ἰδὼν

250 1181 482 1244 ἐξεπλάγη
530 1183 611 1226 καὶ
659 1178 968 1238 κατέδεισεν,
1006 1181 1129 1229 ὥστε
1179 1182 1274 1227 τῶν
1315 1179 1404 1242 μὲν
1446 1178 1899 1242 παρεσκευασμένων
1944 1177 2091 1239 μηδὲν

249 1265 433 1319 εἰπεῖν,
471 1261 628 1323 βραχύ
665 1261 719 1306 δέ
752 1279 799 1306 τι
830 1266 911 1308 καὶ
947 1262 1186 1321 τεθνηκὸς
1215 1262 1438 1319 χαλεπῶς
1471 1260 1800 1323 φθεγξάμενος
1834 1258 2090 1321 ἀγαπητῶς

249 1343 560 1402 μεταστῆναι.
595 1345 768 1387 τοῦτον
791 1343 878 1405 γὰρ
914 1343 996 1388 τὸν
1026 1345 1194 1406 λόγον,
1230 1341 1313 1387 τὸν
1342 1345 1431 1387 νῦν
1464 1341 1733 1403 φερόμενον
1763 1337 1826 1390 ὡς
1860 1341 1941 1383 καὶ
1972 1335 2092 1399 ὑπὲρ

251 1425 341 1468 τοῦ
369 1424 602 1473 Μίλωνος
631 1423 744 1466 τότε
775 1422 1041 1480 λεχθέντα,
1074 1425 1232 1486 χρόνῳ
1259 1424 1380 1468 ποθ’
1402 1419 1608 1481 ὕστερον
1641 1423 1722 1465 καὶ
1753 1421 1874 1466 κατὰ
1908 1419 2090 1478 σχολήν

253 1501 598 1564 ἀναθαρσήσας
626 1500 846 1564 ἔγραψεν.
898 1501 1119 1547 Plutarch.
1153 1501 1236 1546 cie.
1272 1504 1400 1560 ⁰235·
1433 1503 1472 1544 1.
1518 1500 1660 1546 Μετὰ
1690 1503 1844 1545 ταῦτα
1868 1498 2091 1545 Κλώδιον

249 1579 339 1642 μὲν
371 1580 659 1626 οἷποτὶννυσι
700 1585 876 1627 Μίλων
895 1599 906 1608 ·
940 1584 1022 1627 καὶ
1056 1580 1352 1639 διωκόμενος
1383 1581 1540 1637 φόνου
1571 1578 1824 1641 Κικέρωνα
1855 1578 2090 1641 παρεστή-

252 1678 373 1707 σατο
406 1663 684 1724 συνήγορον.
719 1659 818 1706 κτὲ.
852 1659 928 1705 cfr.
959 1659 1054 1705 Chr.
1075 1664 1189 1720 Aug.
1208 1658 1431 1716 Schwarz,
1464 1661 1620 1721 Progr.
1649 1660 1697 1703 in
1724 1675 1810 1720 quo
1841 1659 2091 1719 inquiritur

252 1757 312 1785 an
342 1740 489 1784 Cicero
538 1740 588 1783 ob
620 1739 828 1783 Milonem
866 1737 1098 1797 defensum
1126 1739 1190 1782 sit
1220 1738 1613 1798 reprehendendus.
1664 1736 1818 1782 Gor-lit.
1851 1739 1982 1780 1789.
2025 1739 2089 1781 40.

253 1820 365 1879 Aug.
400 1820 469 1862 Fr.
505 1816 621 1861 Guil.
656 1815 825 1871 Curth‚
861 1816 1051 1860 Dissert.
1081 1817 1326 1861 aesthetiea
1358 1816 1410 1861 de
1447 1817 1701 1878 artificiosa
1724 1815 1883 1874 forma
1914 1814 2089 1858 Oratio-

253 1896 326 1939 nis
350 1910 436 1957 pro
468 1896 511 1937 T.
540 1894 682 1937 Annio
710 1893 886 1939 Milone.
929 1893 1149 1950 Berolini,
1184 1898 1317 1939 1833.
1353 1895 1417 1938 80.

329 1981 392 2055 (⁵)
436 1980 650 2034 Meliore
670 1997 924 2035 successu
964 1980 1155 2035 deinde
1188 1981 1258 2035 M.
1296 1981 1598 2054 Saufeium,
1639 1982 1730 2052 qui
1764 1979 1873 2033 dux
1916 1978 2091 2033 suerat

251 2083 308 2136 in
360 2079 717 2152 expugnanda
765 2079 987 2134 taberna
1028 2080 1242 2135 Bovillis
1295 2089 1348 2135 et
1401 2080 1580 2135 Clodio
1633 2079 1956 2144 occidendO,
2008 2078 2091 2133 bis

252 2187 565 2238 accusatum
607 2179 688 2233 bis
722 2180 955 2253 defendit
987 2180 1160 2236 Cicero
1182 2200 1200 2244 ,·
1243 2187 1472 2254 utroque
1514 2181 1658 2236 enim
1703 2179 1903 2234 iudicio
1943 2179 2089 2234 abso·

246 2284 397 2338 lutus
436 2288 534 2336 est.

309 2387 464 2428 Ascon.
502 2382 546 2426 in
586 2380 731 2425 Milon.
763 2397 803 2442 p.
833 2384 907 2425 54.
970 2383 1083 2426 Post
1111 2382 1319 2427 Milonem
1357 2382 1507 2427 eadem
1548 2381 1641 2442 lege
1674 2380 1887 2441 Pompeia
1913 2381 2090 2441 primus

249 2469 318 2506 est
343 2467 582 2505 accusatus
604 2462 661 2504 M.
692 2459 912 2517 Saufeius
945 2462 1001 2504 M.
1024 2462 1100 2516 F.,
1135 2459 1215 2520 qui
1247 2458 1342 2504 dua·
1358 2459 1524 2518 suerat
1553 2460 1602 2502 in
1625 2459 1920 2520 expugnanda
1948 2459 2090 2503 taber·
2147 2467 2151 2470 ’

247 2556 307 2584 na
339 2538 531 2582 Bovillis
559 2545 603 2582 et
634 2537 784 2581 Clodio
811 2536 1055 2582 occidendo.
1120 2539 1449 2584 Accusaverunt
1480 2555 1579 2582 eum
1601 2540 1650 2583 L.
1674 2538 1881 2593 Cassius,
1916 2539 1964 2581 L.
1983 2536 2090 2581 Ful-

248 2617 425 2672 cinius,
463 2617 506 2660 C.
535 2617 612 2670 F..
649 2617 691 2659 G.
721 2614 937 2659 Valerius.
1004 2615 1311 2671 Defenderam
1336 2621 1398 2662 M.
1429 2618 1603 2672 Cicero,
1638 2618 1694 2658 M.
1729 2614 1929 2669 Caelius,
1977 2614 2088 2658 obti-

249 2701 550 2754 nueruntque,
584 2701 636 2736 ut
674 2710 764 2738 una
791 2693 1012 2737 sententia
1039 2692 1351 2741 absolveretur.
1385 2722 1446 2730 ——
1478 2693 1775 2752 Manifestum
1804 2693 1954 2736 odium
1990 2692 2084 2736 Clo-

250 2772 318 2817 dii
349 2772 492 2816 saluti
520 2771 708 2830 Saufeio
734 2771 854 2828 fuit,
889 2788 1025 2831 quum
1047 2771 1146 2814 eius
1172 2771 1244 2816 vel
1258 2773 1391 2833 peior
1417 2788 1580 2817 caussa
1604 2789 1739 2832 quam
1765 2771 1944 2816 Milonis
1958 2772 2088 2830 fuis·

249 2857 348 2908 set,
381 2849 502 2909 quod
536 2857 689 2910 aperte
717 2849 808 2894 dua:
836 2849 1003 2909 fuerat
1031 2850 1349 2910 expugnandae
1379 2850 1598 2896 tabernae.
1664 2851 1900 2911 Repetitus
1933 2849 2088 2893 deinde

242 2935 350 2990 post
367 2942 540 2988 paucos
567 2927 663 2972 dies
685 2927 808 2989 opud
838 2927 1092 2972 Considium
1120 2936 1395 2988 quaestorem
1423 2938 1490 2974 est
1520 2930 1613 2992 lege
1639 2929 1828 2973 Plautia
1857 2928 1908 2972 de
1934 2929 1980 2972 vi
2010 2953 2085 2973 -.

245 3005 556 3065 Defendemnt
581 3008 641 3050 M.
673 3007 842 3063 Cicero,
877 3009 934 3050 M.
968 3006 1198 3050 Terentius
1235 3009 1380 3052 Varro>
1403 3008 1553 3053 Gibba.
1620 3010 1861 3055 Absolutus
1896 3017 1964 3053 est
1990 3025 2087 3052 sen·

244 3085 402 3129 tentiis
424 3082 610 3144 plenius
642 3101 778 3144 quam
794 3086 944 3146 prius.
979 3093 1059 3130 cet.
1116 3088 1176 3129 Dc
1208 3072 1401 3131 Caelio
1432 3095 1613 3148 patrono
1646 3086 1755 3132 conf.
1785 3091 1937 3149 Meyer.
1966 3088 2084 3131 Orat.

245 3165 369 3206 Rom.
404 3165 574 3223 Fragm.
603 3175 757 3207 xcvn.
788 3166 830 3208 4.
869 3180 910 3224 p.
929 3165 1033 3206 465.
1098 3165 1156 3207 De
1190 3167 1443 3210 varrone
1482 3174 1597 3212 tacet
1631 3170 1783 3229 Meyer.
1818 3164 2007 3209 Orellius
2038 3162 2085 3207 in

245 3244 399 3286 Onom.
433 3258 472 3302 p.
494 3244 597 3285 575.
642 3244 877 3286 Varronem
908 3239 1010 3285 facit
1042 3241 1203 3286 Saufeii
1236 3252 1543 3289 accusatorem.

323 3344 386 3418 (ὃ)
428 3345 506 3399 Ex
538 3343 653 3399 Kal.
697 3343 882 3399 Sextil.
931 3345 1024 3418 [-.:.·
1060 3350 1084 3399 1
1127 3345 1269 3419 Sext.
1317 3348 1496 3422 (Aug.)
1543 3351 1649 3404 702
1690 3367 1765 3399 z:
1803 3351 1836 3401 9
1867 3344 1990 3400 Iulii
2012 3346 2081 3398 52

244 3462 291 3500 a.
325 3444 404 3517 C.]
465 3445 751 3516 Pompeius
791 3445 1045 3517 collegam
1096 3445 1195 3500 sibi
1238 3448 1291 3500 in
1333 3447 1616 3503 consulatu
1655 3447 1783 3518 legit
1838 3461 2084 3502 socerum

242 3562 400 3602 suum
443 3546 502 3612 Q.
528 3545 814 3603 Caecilium
858 3547 1130 3603 Metellum
1172 3548 1326 3603 Pium
1367 3548 1686 3620 Scipionem.
