2150 3990
476 226 529 280 L.
553 226 643 280 111.
685 243 728 278 c.
755 225 888 279 XVI.
931 224 969 297 S
996 230 1065 279 50
1104 256 1178 264 —
1216 242 1261 277 c.
1287 225 1421 278 xvi.
1465 226 1504 297 ἕ
1530 231 1616 278 255.
1852 229 1955 279 125

142 392 290 431 mum
312 419 326 442 ,
377 376 444 432 M.
478 376 786 432 Marcellum
824 375 1164 447 demigrasti:
1218 391 1378 447 quem
1411 382 1471 430 tu
1512 374 1759 429 videlicet
1800 383 1854 430 et
1891 376 1958 431 ad

143 476 550 533 custodiendum
581 485 631 534 te
663 477 1164 549 diligentissimum,
1202 482 1256 530 et
1295 475 1362 531 ad
1394 475 1777 548 suspicandum
1810 492 1958 546 saga·

143 579 520 642 cissimum‚et
553 579 620 634 ad
641 577 1020 634 vindicandum
1054 575 1406 631 fortissimum
1438 574 1548 630 sore
1581 576 1803 648 putasti.
1858 574 1958 630 Sed

138 694 301 751 quam
334 678 489 750 longe
514 680 728 735 videtur
749 697 780 734 a
799 695 1013 735 carcere
1033 684 1194 750 atque
1214 694 1245 732 a
1266 676 1495 732 vinculis
1527 677 1712 732 abesse
1737 676 1957 740 debere,

136 779 229 851 qui
276 796 333 835 se
384 780 500 853 ipse
546 782 670 836 iam
693 780 917 852 dignum
960 778 1225 838 custodia,
1256 778 1545 834 iudicarit?
1639 782 1727 833 52.
1768 778 1954 846 Quae¹

133 891 301 952 quum
336 881 411 937 ita
451 882 590 947 sint,
641 881 896 946 Catilina,
949 897 1110 954 perge
1148 889 1254 952 quo
1286 880 1537 952 coepisti:
1576 879 1830 952 egredere
1863 878 1955 934 ali-

132 980 346 1054 quando
371 997 436 1037 ex
476 983 637 1039 Urbe:
671 990 856 1056 patent
887 987 1098 1056 portae:
1127 980 1491 1054 proficiscere:
1520 981 1750 1035 nimium
1782 975 1879 1035 diu
1905 987 1957 1036 te

133 1080 511 1154 imperatorem
549 1081 641 1138 illa
681 1090 775 1139 tua
812 1082 1078 1139 Manliana
1115 1088 1294 1139 castra
1332 1081 1665 1136 desiderant:
1707 1080 1842 1136 educ
1881 1087 1955 1135 te·

133 1197 258 1237 cum
297 1183 461 1238 etiam
498 1199 683 1238 omnes
728 1190 883 1245 tuos;
921 1184 967 1237 si
1007 1184 1218 1247 minuS,
1256 1198 1419 1253 quam
1451 1181 1744 1253 plurimos:
1786 1197 1957 1254 purga

133 1280 355 1338 Urbem:
396 1298 591 1354 magno
616 1298 703 1337 me
729 1288 878 1337 metu
903 1282 1179 1346 liberabis,
1202 1281 1491 1336 dummodo
1517 1281 1660 1335 inter
1683 1297 1771 1335 me
1793 1287 1957 1352 atque

129 1387 189 1437 te·
208 1396 401 1437 murus
430 1382 662 1437 intersit.
721 1381 1010 1437 Nobiscum
1038 1382 1244 1438 versari
1279 1382 1387 1436 iam
1407 1381 1614 1436 diutius
1647 1397 1751 1435 non
1779 1386 1954 1452 potes:

131 1478 237 1536 non
290 1480 488 1547 feram,
541 1498 646 1537 non
697 1483 901 1555 patiar,
954 1499 1060 1537 non
1112 1482 1304 1537 sinam.
1401 1479 1759 1549 Quamobrem
1790 1486 1843 1544 ²,
1897 1487 1957 1535 ut

130 1597 288 1656 saepe
319 1582 428 1638 iam
460 1581 602 1649 dixi,
640 1582 1008 1655 proficiscere:
1049 1599 1141 1648 ac,
1180 1583 1227 1637 si
1261 1581 1396 1637 mihi
1430 1582 1679 1646 inimico,
1719 1588 1782 1636 ut
1807 1597 1954 1653 prae·

130 1670 314 1750 dicae,
352 1690 448 1740 tuo
479 1683 713 1740 conflare
750 1685 834 1740 vis
871 1683 1161 1749 invidiam,
1201 1689 1349 1740 recta
1388 1700 1551 1755 perge
1589 1684 1646 1737 in
1683 1681 1951 1738 exsilium.

130 1782 244 1840 Vix·
283 1782 452 1841 feram
495 1801 771 1841 sermones
820 1784 1131 1850 hominum,
1176 1784 1225 1839 si
1262 1783 1319 1838 id
1359 1782 1577 1839 feceris:
1629 1783 1720 1838 vix
1760 1782 1952 1838 molem

126 1884 285 1941 istius
318 1885 582 1952 invidiae,
606 1887 654 1942 si
682 1887 738 1942 in
757 1886 1008 1942 exsilium
1029 1887 1158 1943 ieris
1177 1886 1331 1966 iussu
1362 1884 1627 1950 consillia,
1661 1883 1950 1940 sustinebo.

70 2025 77 2032 -
124 1985 455 2057 sinautem.
500 1989 704 2044 servire
739 2004 890 2044 meae
928 1987 1075 2044 laudi
1113 1994 1168 2044 et
1199 1987 1403 2060 gloriae
1445 1987 1647 2051 mavi8‚
1699 1986 1952 2058 egredere

61 2143 65 2147 .
124 2103 249 2142 cum
289 2087 597 2162 importuna
629 2088 1013 2144 sceleratorum
1041 2105 1232 2144 manu:
1274 2087 1458 2144 confer
1484 2094 1537 2143 te
1565 2087 1632 2142 ad
1663 2086 1949 2142 Manlium:

119 2188 334 2243 concita
371 2188 607 2262 perditos
657 2190 836 2245 cives:
897 2187 1115 2245 secerne
1160 2195 1214 2244 te
1252 2205 1284 2244 a
1328 2188 1512 2243 bonis:
1567 2187 1706 2243 inser
1743 2188 1950 2260 patriae

124 2288 356 2345 bellum:
397 2290 606 2346 exsulta
637 2291 804 2363 impio
840 2289 1157 2353 latrocinio;
1195 2296 1259 2345 ut
1295 2306 1328 2345 a
1367 2306 1454 2345 me
1492 2305 1598 2344 non
1638 2290 1843 2345 eiectus
1881 2289 1947 2344 ad

121 2389 349 2456 alienos,
382 2390 476 2447 sed
501 2391 762 2446 invitatus
787 2390 855 2446 ad
875 2398 997 2446 tuos
1023 2392 1130 2447 isse
1149 2390 1398 2446 videaris.
1478 2394 1568 2445 53.
1609 2390 1945 2462 Quamquam

120 2490 386 2565 (widego>
409 2498 467 2549 te
499 2492 753 2558 invitem,
790 2508 824 2548 a
855 2509 962 2565 quo
995 2493 1103 2548 iam
1129 2492 1299 2548 sciam
1325 2509 1442 2548 esse
1469 2492 1820 2565 praemissos,
1853 2493 1946 2563 qui

117 2589 215 2646 tihi
255 2591 323 2648 ad
355 2589 532 2649 forum
562 2592 844 2648 Aurelium
877 2593 1336 2666 praestolarentur
1373 2593 1612 2649 armati?
1654 2594 1743 2649 cui
1776 2594 1945 2648 sciam

116 2696 416 2763 pactam-et
447 2693 798 2749 constitutam
829 2709 946 2749 esse
979 2711 1105 2749 cum
1130 2694 1327 2749 Manlio
1358 2693 1537 2749 diem?
1577 2710 1611 2748 a
1641 2710 1749 2766 quo
1779 2695 1943 2749 etiam

55 2870 58 2873 K
117 2791 353 2864 aquilam
391 2792 539 2848 illam
577 2800 918 2866 argenteam,
959 2811 1122 2866 quam
1161 2794 1262 2850 tibi
1294 2811 1357 2850 ac
1397 2795 1508 2850 tuis
1546 2794 1796 2857 omnibus
1828 2810 1943 2866 per-

59 2882 61 2888 ’
115 2892 374 2948 ni‘ciosam
405 2910 522 2949 esse
550 2894 767 2949 confido
799 2901 854 2950 et
887 2893 1156 2950 funestam
1190 2893 1430 2950 futuram
1452 2936 1466 2959 ,
1506 2894 1595 2948 cui
1633 2893 1777 2948 domi
1817 2901 1942 2948 tuae

114 2994 413 3049 sacrarium
456 2994 722 3050 scelerum
764 3002 984 3051 tuorum
1032 2996 1389 3051 constitutum
1429 2993 1561 3059 fuit,
1611 2994 1781 3048 sciam
1824 3010 1941 3050 esse

112 3094 504 3165 praemissam?
597 3096 679 3151 Tu
717 3102 781 3151 ut
819 3096 911 3151 illa
957 3096 1165 3152 diutius
1197 3114 1382 3152 carere
1420 3096 1619 3168 possiS,
1658 3111 1821 3167 quam
1853 3112 1938 3151 vc·

113 3195 319 3259 nerari,
359 3194 427 3250 ad
466 3195 683 3251 caedem
716 3197 1092 3269 proficiscens,
1135 3197 1374 3253 solebas?
1417 3213 1447 3250 a
1485 3196 1643 3250 cuius
1674 3195 1935 3250 altaribus

113 3311 266 3368 saepe
305 3298 463 3352 istam
510 3298 730 3370 impiam
765 3298 1038 3354 dexteram
1079 3299 1146 3354 ad
1183 3315 1365 3354 necem
1398 3298 1600 3353 rivium
1636 3297 1932 3354 tratulisti?

175 3523 211 3580 ¹)
245 3521 354 3569 lhid.
390 3540 423 3568 c.
444 3528 483 3569 5.
521 3527 633 3580 §m
671 3496 726 3559 ‘-
763 3530 801 3584 2)
837 3525 943 3570 und.
980 3529 1074 3570 ao.
1103 3527 1217 3582 §23.
