2210 3970
214 270 316 319 714
672 274 999 315 ANNALes
1058 274 1568 313 emenonmml.

541 615 801 671 ANNUS
860 612 1104 667 VITAE
1166 609 1593 667 CICERONIS
1646 609 1753 663 LV.

553 768 662 825 [Kal.
693 773 858 812 Ianuar.
889 771 1018 812 incid.
1053 771 1099 810 in
1126 769 1166 809 d.
1201 769 1258 810 21
1288 767 1486 808 Novemh.
1521 769 1577 807 53
1609 780 1648 807 a.
1676 759 1738 816 C.]

225 918 261 946 a.
280 904 330 946 U.
348 904 392 944 C.
722 902 812 941 Cos.
850 900 925 940 CN.
961 898 1208 938 POMPEIUS
1242 897 1445 937 MAGNUS
1479 897 1567 948 III,
1897 907 1933 933 a.
1953 891 2001 933 A.
2021 892 2067 934 C.

262 992 372 1035 702.
850 991 942 1029 sine
979 989 1165 1041 collega,
1947 984 2022 1024 52.

495 1094 622 1135 quem
649 1081 753 1133 legit
783 1080 864 1120 sibi
899 1081 1068 1119 demum
1104 1093 1152 1119 ex
1180 1079 1271 1120 Kal.
1303 1079 1444 1119 Sextil.
1469 1075 1528 1131 (v.
1549 1079 1657 1118 infra
1674 1091 1718 1118 n.
1743 1067 1803 1134 6.)

597 1166 677 1223 [z
709 1171 731 1210 1
767 1172 874 1210 Sext.
909 1159 1051 1226 (Aug.)
1092 1169 1184 1213 702
1219 1183 1283 1211 z
1313 1171 1338 1211 9
1359 1171 1457 1210 rum
1490 1170 1548 1212 52
1579 1185 1617 1212 a.
1639 1163 1702 1220 0.]

309 1301 372 1376 (²)
415 1301 562 1356 Idem
607 1300 838 1364 accidit,
888 1299 1030 1371 quod
1077 1300 1352 1371 superiore
1393 1317 1562 1364 anno,
1610 1305 1672 1353 ut
1725 1314 1820 1370 per
1864 1296 2069 1368 priores

231 1420 443 1458 menses
470 1401 602 1455 nulli
634 1408 811 1455 essent
834 1400 1080 1455 eonsules
1109 1400 1163 1452 in
1186 1399 1476 1471 republica.
1532 1398 1818 1471 Pompeius
1851 1397 2069 1451 demum

233 1510 448 1559 creatus
484 1508 564 1556 est
603 1508 721 1573 post
758 1503 890 1555 satis
924 1501 1143 1571 longum
1185 1502 1578 1570 interregnum.

295 1603 442 1647 Livius
472 1602 583 1662 Epit.
620 1605 724 1646 107.
761 1601 906 1659 Quum
938 1601 1179 1645 seditiones
1213 1601 1331 1644 inter
1363 1599 1626 1644 candidatos
1659 1597 1920 1642 consulatus
1953 1597 2076 1658 Hyp-

235 1698 419 1736 saeum,
463 1680 713 1740 Scipionem
748 1687 790 1723 et
823 1679 1028 1723 Milonem
1064 1686 1240 1733 essent,
1285 1679 1365 1739 qui
1397 1678 1536 1722 armis
1568 1693 1619 1720 ac
1650 1678 1696 1720 vi
1733 1675 2078 1730 contendebant,

237 1759 299 1804 acl
338 1756 686 1818 comprimendas
728 1774 802 1802 eas
849 1759 924 1801 Cn.
953 1757 1191 1817 Pompeius
1239 1756 1415 1817 legatus
1447 1772 1476 1799 a
1507 1763 1666 1799 senatu
1703 1754 1861 1800 consul
1897 1754 2080 1798 tertium

236 1837 396 1895 factus
429 1844 524 1892 est,
562 1834 718 1878 absens
747 1844 791 1880 et
823 1835 970 1891 solus,
1006 1835 1126 1897 quod
1148 1834 1267 1878 nulli
1298 1834 1384 1878 alii
1414 1851 1623 1895 umquam
1655 1835 1857 1895 contigit.
1922 1837 2075 1876 Ascon.

237 1915 284 1959 in
320 1914 537 1959 Milonian.
569 1931 606 1974 p.
625 1917 696 1958 32.
735 1915 880 1972 Quum
907 1914 986 1958 diu
1018 1922 1164 1958 tracta
1192 1922 1338 1958 essent
1364 1914 1547 1957 comitia
1579 1911 1864 1966 consularia,
1887 1910 2077 1971 perfici-

238 2009 323 2054 que
356 1991 407 2035 ob
436 2008 511 2034 eas
542 1992 667 2051 ipsas
690 1991 894 2050 perditas
912 1991 1250 2036 candidatorum
1278 1994 1576 2036 contentiones
1601 2006 1686 2034 non
1710 1995 1918 2049 possent,
1952 1994 1995 2031 et
2023 1986 2075 2030 ob

239 2070 292 2114 id
326 2085 471 2112 mense
503 2070 716 2112 Ianuario
755 2068 874 2112 nulli
918 2068 1021 2112 dum
1054 2085 1193 2129 neque
1225 2070 1427 2114 consules
1467 2085 1606 2130 neque
1631 2075 1862 2128 praetores
1900 2072 2076 2120 essent,

242 2147 580 2206 traheretur-que
607 2146 702 2189 dies
725 2145 896 2201 eodem,
920 2162 1006 2206 quo
1027 2155 1181 2203 antea,
1215 2148 1340 2192 modo
1353 2169 1370 2203 ‚·
1401 2173 1483 2193 --.
1533 2164 1572 2208 p.
1592 2151 1663 2191 35.
1699 2144 1884 2188 Fiebant
1910 2144 2081 2188 interea

242 2224 328 2285 alii
357 2240 412 2268 ex
444 2223 553 2267 aliis
582 2223 823 2284 interreges
842 2257 854 2276 ,
887 2225 967 2284 qui
997 2226 1178 2269 comitia
1196 2225 1464 2270 ·consularia
1487 2232 1677 2286 propter
1702 2240 1846 2267 eorum
1873 2221 2082 2266 candida·

246 2311 392 2348 torum
428 2301 651 2346 tumultus
683 2327 743 2335 —-
778 2301 936 2345 habere
967 2319 1052 2346 non
1082 2312 1308 2364 poterant.
1385 2307 1545 2366 Itaque
1580 2303 1731 2365 primo
1759 2300 1943 2359 sactum
1987 2306 2084 2343 erat

246 2379 682 2425 senatusconsultum
701 2412 713 2434 ,
747 2387 799 2423 ut
828 2380 1026 2424 intem-ea·
1061 2389 1104 2425 et
1134 2384 1306 2427 tribuni
1323 2383 1474 2445 plebis
1501 2389 1545 2426 et
1576 2382 1648 2424 Cn..
1687 2379 1955 2439 Pompeia-5,
2005 2378 2085 2438 qui

241 2473 326 2519 pro
366 2457 543 2500 consule
586 2456 647 2499 ad
691 2458 845 2501 Urbem
879 2467 1005 2515 erat,
1048 2460 1274 2517 viderent,
1308 2478 1362 2506 ne
1393 2459 1504 2522 quid
1541 2458 1797 2503 detrimenti
1832 2455 2084 2517 respublica

248 2543 437 2597 caperet.
470 2561 530 2568 --
564 2552 603 2595 p.
625 2536 696 2577 37.
730 2537 856 2578 Inter
889 2536 992 2579 haec
1025 2554 1162 2597 quum
1193 2537 1480 2581 crebresceret
1511 2552 1690 2591 rumor,
1725 2537 1798 2579 Cn.
1826 2534 2086 2594 Pompeium

249 2617 394 2660 creari
437 2614 696 2658 dictatorem
734 2620 956 2672 oportere,
1000 2630 1139 2674 neque
1177 2613 1312 2658 aliter
1353 2614 1474 2657 mala
1511 2613 1714 2657 civitatis
1747 2612 1898 2656 sedari
1923 2627 2087 2673 posse,

250 2695 396 2739 visum
430 2699 498 2736 est
529 2690 820 2752 optimatibus
856 2691 1002 2735 tutius
1036 2707 1160 2744 esse,
1202 2709 1299 2736 eum
1332 2691 1554 2736 consulem
1587 2691 1682 2734 sine
1715 2689 1885 2751 collega
1917 2689 2085 2744 creari,

251 2779 326 2829 et,
376 2787 512 2832 quum
545 2776 742 2812 tractata
776 2785 827 2811 ea
859 2785 930 2812 res
975 2777 1091 2814 esset
1132 2770 1181 2813 in
1222 2777 1406 2824 senatu,
1445 2770 1579 2829 facto
1612 2771 1661 2814 in
1693 2772 1751 2813 M.
1792 2768 1948 2813 Bibuli
1989 2784 2088 2812 sen-

252 2851 440 2896 tentiam
478 2846 892 2903 senatusconsulto,
938 2849 1176 2909 Pompeius
1211 2848 1266 2892 ab
1300 2850 1516 2910 interrege
1550 2850 1642 2893 Ser.
1677 2847 1879 2908 Sulpicio
1909 2860 1951 2891 v.
1986 2844 2086 2890 Kal.

252 2931 387 2972 Mart.
434 2941 581 2970 mense
618 2924 904 2968 intercalario
944 2927 1044 2984 [Ξ
1076 2930 1135 2970 24
1168 2927 1326 2971 mensis
1369 2927 1639 2971 lntercalaris
1676 2928 1762 2969 '702
1795 2941 1858 2967 z
1891 2928 1918 2968 4
1963 2922 2087 2968 Febr.

254 3009 328 3051 52.
363 3023 399 3050 a.
420 3008 487 3064 C.]
517 3003 674 3048 consul
697 3011 875 3046 creatus
907 3011 998 3059 est,
1032 3005 1275 3067 statimque
1313 3005 1594 3050 consulatum
1626 3005 1744 3048 iniit.
1812 3002 2003 3047 Velleius
2038 3013 2090 3045 11.

250 3084 289 3131 e.
309 3088 382 3130 47.
413 3088 455 3127 3.
495 3085 602 3125 Tum
634 3082 683 3125 in
701 3081 881 3142 gladios
901 3081 1140 3142 caedesque
1167 3084 1329 3127 civium
1347 3084 1537 3144 furente
1560 3082 1730 3126 ambitu
1749 3114 1762 3137 ,
1796 3081 1924 3124 cuius
1951 3093 2090 3139 neque

247 3163 369 3223 finis
400 3153 727 3224 reperiebatur,
776 3177 853 3204 nec
885 3160 1070 3216 modus,
1122 3163 1284 3207 tertius
1326 3162 1588 3207 consulatus
1619 3160 1707 3205 soli
1742 3161 1814 3204 Cn.
1850 3157 2088 3218 Pompeio,

251 3241 398 3286 etiam
428 3228 761 3283 adversantium
791 3227 923 3282 antea
956 3236 1174 3298 dignitati
1191 3240 1296 3284 eius
1328 3240 1523 3297 iudicio,
1573 3238 1752 3284 delatus
1780 3244 1858 3281 est.
1927 3236 2004 3279 Dio
2020 3247 2088 3280 xl..

252 3322 382 3363 c.50.
407 3323 447 3361 3.
496 3315 758 3378 Μετεώρου
796 3314 849 3363 δὲ
887 3319 968 3373 τῆς
1002 3319 1186 3369 πόλεως
1227 3319 1378 3377 οὔσης
1422 3318 1504 3364 ἐπὶ
1539 3327 1646 3370 τοῖς
1687 3317 1887 3376 ἄρξουσί
1929 3331 2087 3373 σφων,

255 3399 336 3443 καὶ
377 3396 744 3458 διαθροούντων
786 3396 880 3440 τῶν
925 3394 1012 3456 μὲν
1052 3395 1116 3449 ὡς
1150 3397 1416 3461 δικτάτορα
1457 3398 1540 3444 τὸν
1571 3399 1855 3458 Πομπήιοίν,
1908 3395 2002 3440 τῶν
2036 3392 2088 3439 δὲ

256 3475 320 3529 ὡς
355 3474 541 3521 ὕπατον
572 3476 656 3522 τὸν
682 3477 901 3537 Καίσαρα
935 3479 1193 3538 αἱρεθῆναι
1229 3479 1327 3532 δεῖ,
1363 3506 1418 3514 --
1455 3478 1758 3539 φοβηθέντες
1787 3475 2013 3536 ἑκάτερον
2042 3472 2096 3518 οἷ’
2146 3487 2148 3490 ·

256 3573 307 3602 τε
343 3554 483 3600 ἄλλοι
521 3553 775 3614 βουλευταὶ
816 3561 897 3602 καὶ
940 3558 1201 3618 Βίβουλος,
1252 3560 1402 3621 ὅσπερ
1435 3577 1528 3605 που
1564 3560 1647 3617 τήν
1681 3555 1866 3619 γνώμην
1900 3555 2085 3618 πρῶτος
