2158 4030
561 192 1022 266 L.1.0.111.§s
1062 223 1134 233 -
1175 192 1307 246 ev.
1349 191 1501 264 812.
1950 196 1979 244 7

151 346 375 411 bellum,
402 345 654 401 Timaeus
679 343 900 418 Pyrrhi,
928 342 1179 417 Polybius
1203 342 1594 398 Numantinum
1610 383 1623 405 ‚
1649 343 1763 414 (qui
1790 358 1976 397 omnes

151 463 183 503 a
216 446 489 520 perpetuis
508 447 624 503 suis
651 444 892 501 historiis
922 460 1014 508 ea,
1047 460 1186 516 quae
1211 442 1351 507 dixi,
1378 442 1515 499 bella
1545 443 1977 516 separaverunt‚)

153 549 504 621 ipsequoque
537 548 667 603 item
696 545 909 602 civilem
941 545 1367 599 coniurationem
1396 543 1463 598 ab
1498 541 1781 597 hostilibus
1807 549 1979 597 exter·

151 649 344 721 nisque
374 647 527 704 bellis
558 648 881 721 seiungeret.
963 645 1226 719 Equidem
1252 645 1321 701 ad
1354 651 1593 699 nostram
1626 642 1840 699 laudem
1875 660 1979 698 non

148 748 382 805 multum
426 747 672 804 videbam
714 748 1005 809 interessez
1061 745 1155 802 sed
1206 746 1274 802 ad
1327 745 1753 818 properationem
1804 760 1980 798 meam

147 847 411 930 quiddam
450 848 752 914 intereram
777 848 959 921 ipsum
1001 864 1106 903 non
1138 853 1451 921 exspectare
1470 887 1486 912 ,
1537 845 1669 901 dum
1701 843 1769 899 ad
1802 843 1978 899 locum

149 949 387 1015 veniret,
413 964 488 1005 ac
521 949 707 1004 statim
733 964 982 1004 caussam
1007 947 1154 1004 illam
1188 955 1355 1004 totam
1387 954 1443 1003 et
1476 954 1689 1020 tempus
1719 946 1977 1018 arripere.

150 1050 220 1107 Et
240 1047 450 1116 simul,
500 1049 549 1104 si
595 1065 703 1104 uno
742 1049 798 1104 in
838 1054 1163 1121 argumento
1201 1064 1415 1120 unaque
1460 1048 1517 1103 in
1561 1061 1788 1119 persona
1827 1061 1980 1100 mens

150 1151 268 1207 eiua
300 1156 414 1207 tota
453 1155 784 1215 versaretur,
834 1149 1121 1205 cernebam
1153 1150 1364 1214 animo,
1414 1154 1617 1220 quanto
1647 1146 1829 1201 omnia
1858 1144 1979 1200 ube-

152 1252 302 1308 riora
335 1257 501 1323 atque
539 1250 814 1306 ornatiora
851 1249 1036 1304 l'utura
1080 1255 1277 1305 essent.
1364 1253 1448 1304 10.
1490 1247 1642 1316 Quod
1665 1254 1681 1285 ¹
1723 1247 1770 1300 si
1808 1247 1984 1317 ipsum

91 1397 95 1404 ,
153 1350 636 1417 affluxiaumsut
662 1350 762 1406 hoc
788 1351 1117 1423 susciperet,
1152 1350 1371 1414 luisset,
1413 1356 1474 1404 ut
1499 1348 1633 1403 mibi
1662 1346 1984 1419 persuadeo,

147 1453 403 1509 materie·
428 1451 597 1525 :digna
632 1451 800 1508 huius
830 1451 1087 1507 facultate
1116 1458 1173 1506 et
1197 1451 1367 1524 copia.
1447 1450 1491 1505 Α
1531 1449 1796 1522 pn‘ncipio
1840 1448 1985 1502 enim

145 1553 537 1614 coniurationis
577 1560 754 1626 «taque
797 1551 867 1608 ad
923 1551 1158 1607 reditum
1219 1557 1464 1606 nostrum
1510 1549 1795 1606 videbatur
1849 1546 1982 1602 mihi

147 1651 722 1726 modicum-quoddam
754 1658 952 1725 c’orpus
982 1653 1174 1707 conlici
1215 1669 1394 1724 mese:
1437 1653 1492 1706 in
1527 1667 1635 1724 quo
1663 1657 1719 1706 et
1753 1648 1842 1703 illa
1871 1664 1983 1720 pos·

152 1759 236 1811 set
281 1754 363 1810 uti
393 1753 638 1811 civilium
676 1755 1162 1810 commutationum
1195 1753 1422 1808 scientia
1456 1751 1538 1808 vel
1566 1753 1621 1806 in
1657 1748 1988 1823 explicandis

143 1854 575 1923 cattaaisrerum
609 1871 868 1911 novarum
902 1854 983 1911 vel
1025 1855 1079 1908 in
1115 1853 1369 1908 remediis
1402 1851 1894 1914 incommodorum,
1931 1857 1986 1905 et

46 1996 52 2003 -
148 1955 541 2028 reprehendere
570 1972 664 2022 ea,
716 1973 855 2030 quae
888 1955 1240 2029 vituperanda
1272 1954 1532 2018 ducebat,
1582 1962 1668 2018 et,
1705 1970 1844 2025 quae
1876 1952 1983 2025 pla·

146 2054 738 2131 cananaeam-iendis
777 2057 1078 2131 rationibus
1115 2055 1493 2129 comprobare,
1530 2061 1615 2119 et,
1654 2055 1700 2109 si
1734 2053 1988 2118 liberius,

150 2162 225 2213 ut
239 2157 852 2230 ›omnm-agendum
873 2157 1126 2230 putabat,
1158 2155 1456 2212 multorum
1477 2156 1535 2210 in
1555 2171 1653 2209 nos
1680 2154 1986 2226 perfidiam,

155 2257 429 2323 insidiam:
455 2258 817 2331 'proditionem
863 2265 1068 2315 notare.
1164 2257 1337 2313 Habet
1356 2262 1378 2296 ²
1421 2257 1568 2312 enim
1614 2257 1792 2310 varios
1835 2262 1992 2310 actus

150 2357 459 2431 multasque
490 2359 729 2414 actiones
753 2365 810 2414 et
834 2358 1182 2414 consiliorum
1215 2364 1271 2412 et
1303 2365 1606 2429 temporum
1623 2399 1638 2421 ‚
1678 2356 1809 2412 hacc
1835 2357 1989 2429 quasi

150 2457 549 2519 fabularemur!
581 2466 1005 2532 eventorumque
1036 2465 1360 2514 nostrorum.

156 2691 157 2694 ¹
196 2679 204 2691 ⁵
230 2659 293 2717 V.
335 2662 425 2716 11.
448 2659 614 2726 Sed,⁸
635 2675 805 2733 quum
817 2667 874 2717 et
885 2660 1353 2716 Lucceius—etsi
1378 2660 1466 2715 liic
1493 2660 1627 2714 milii
1642 2676 1801 2730 saepe
1812 2666 1986 2712 osten·

147 2758 239 2816 dit
253 2776 313 2816 ae·
329 2761 738 2818 accuratissime
758 2769 1065 2818 nostrorum
1087 2770 1390 2835 temporum
1410 2760 1632 2816 consilia
1652 2767 1818 2831 atque
1834 2776 1988 2814 even·

154 2867 247 2917 tus
264 2860 462 2919 litteris
480 2863 865 2920 mandaturum
886 2897 963 2907 --
975 2871 1030 2920 et
1050 2864 1277 2920 Archias
1290 2869 1311 2902 ⁴
1333 2862 1467 2918 nihil
1487 2862 1555 2918 de
1574 2879 1661 2917 me
1681 2861 1962 2933 scripserit
1975 2902 1989 2924 ,

150 2978 317 3033 cogor
334 2968 358 3001 ⁵
380 2961 589 3029 facer-e,
625 2965 769 3037 quod
810 2965 1053 3020 nonnulli
1089 2982 1249 3038 saepe
1284 2962 1763 3037 reprehenderunt.
1844 2962 1985 3016 Scri·

153 3062 277 3118 bam
309 3063 444 3136 ‘ipse
487 3064 554 3121 de
597 3082 712 3122 me:
766 3066 1063 3122 multorum
1105 3074 1285 3122 tamen
1331 3064 1573 3136 exemplo
1617 3071 1673 3119 et
1716 3064 1987 3119 clarorum

155 3164 413 3222 virorum.
498 3169 583 3222 12.
625 3167 701 3223 De
717 3173 742 3206 ⁸
783 3168 987 3224 Scauro
1026 3175 1083 3224 et
1120 3167 1308 3224 Catulo
1350 3167 1585 3221 breviter
1623 3164 1752 3221 licet
1790 3164 1985 3220 dicere.

219 3346 259 3404 Ι)
290 3343 400 3391 lbid.
433 3346 458 3405 §
487 3348 529 3391 3.
570 3371 628 3381 -
671 3349 710 3406 2)
743 3345 853 3392 lbid.
888 3349 974 3406 §6.
1014 3374 1075 3383 --
1116 3349 1157 3407 5)
1190 3346 1297 3390 1bid.
1334 3347 1418 3403 §9.
1458 3371 1516 3378 —
1556 3345 1598 3403 4)
1630 3342 1684 3388 ad
1714 3344 1806 3387 Ati.
1845 3345 1878 3386 1.
1913 3345 1982 3387 16.

154 3423 183 3479 §
202 3425 275 3468 15.
306 3449 366 3461 —
398 3426 442 3486 ⁵)
471 3424 605 3487 Epist.
622 3423 677 3471 ad
711 3424 941 3471 Lucceium
962 3425 1039 3485 (ad
1067 3429 1187 3471 Fam.
1206 3427 1253 3470 V.
1287 3426 1357 3469 12.
1389 3425 1501 3482 §84
1536 3449 1593 3456 —
1626 3423 1667 3480 ⁶)
1701 3425 1822 3466 Brut.
1847 3437 1884 3465 c.
1913 3422 1986 3465 29.

152 3500 180 3556 §
198 3502 301 3546 11⁰.
