2210 3970
226 250 332 302 724
698 260 1024 298 ANNALES
1084 258 1589 298 (nonnosum.

223 392 285 449 L.
318 390 585 456 Tullium,
626 408 675 461 q.
701 406 884 444 m.v11.
917 406 961 442 c.
986 394 1034 443 5.
1071 392 1156 442 14.
1193 405 1238 441 c.
1265 393 1315 442 8.
1349 392 1437 445 20.
1465 407 1510 443 c.
1535 394 1623 445 20.
1655 396 1740 446 56.
1771 410 1817 448 c.
1839 396 1926 448 26.
1961 397 2053 451 69.

227 493 575 559 Quaestorem
617 497 797 545 autem
847 489 1036 543 hahuit
1083 489 1138 544 L.
1173 489 1487 543 Mescinium
1510 532 1524 555 ,
1578 492 1734 546 cuius
1770 494 1970 547 mentio
2003 493 2063 548 fit

226 610 318 648 vn.
362 597 488 648 c.5.
537 596 622 646 14.
666 609 711 645 c.
738 594 826 644 52.
870 593 959 644 86.
1001 607 1049 645 c.
1084 593 1172 644 55.
1212 593 1300 643 88.
1347 607 1392 643 c.
1417 594 1508 646 54.
1547 595 1635 645 91.
1715 592 1880 648 Duxit
1914 609 2063 664 prae-

226 698 376 746 terea
408 708 592 747 secum
623 697 676 746 et
704 706 865 745 suum
899 697 952 745 et
987 689 1170 744 fratris
1204 689 1374 744 filium
1403 707 1527 745 cum
1563 709 1748 746 eorum
1781 695 2066 763 magistrO,

228 793 500 866 Dionysio.
543 811 631 847 vn.
667 809 714 846 c.
738 796 788 846 8.
827 796 914 845 21.
962 809 1006 846 c.
1033 795 1120 845 22.
1158 795 1246 846 61.
1288 796 1444 846 «245.
1495 797 1616 849 117.
1696 794 1937 865 Denique
1965 792 2069 847 fuit

229 909 442 963 quoque
498 895 639 946 inter
690 892 913 945 comites
968 891 1060 943 Cn.
1119 890 1227 963 (Q.)
1267 890 1518 945 Volusius
1563 892 1634 964 [v.
1658 892 1724 946 ad
1745 908 1792 946 a.
1821 897 1944 948 704.
1985 892 2062 965 5.]

229 991 532 1064 praefectus
555 991 778 1045 fortasse
797 990 879 1044 vel
902 990 1152 1043 tribunus
1170 990 1424 1045 militum.
1444 1008 1535 1047 vn.
1561 1009 1607 1045 c.
1632 997 1682 1046 5.
1712 996 1796 1046 14.
1814 996 1955 1047 c.⁶2.4.
1980 995 2069 1047 65.

293 1091 378 1136 Cic.
398 1090 451 1135 ad
472 1093 565 1135 Att.
582 1105 625 1135 v.
646 1094 686 1135 4.
711 1094 753 1134 2.
789 1092 855 1133 De
879 1089 1162 1149 Pomptinio‚
1190 1097 1306 1133 recte
1333 1089 1505 1133 scribis.
1549 1090 1640 1133 Est
1662 1090 1776 1134 enim
1793 1091 1886 1146 ita,
1919 1099 1972 1135 ut
1987 1124 2001 1147 ‚
2030 1091 2074 1135 si

235 1175 339 1213 ante
357 1169 542 1213 Kalend.
575 1171 675 1213 Iun.
705 1170 791 1227 [z
808 1171 831 1211 1
853 1171 950 1212 Iun.
971 1170 1059 1212 703
1078 1183 1142 1210 z
1159 1171 1217 1212 30
1246 1172 1346 1229 Apr.
1365 1171 1420 1211 51
1451 1183 1486 1212 a.
1511 1169 1578 1226 C.]
1614 1167 1852 1212 Brundisii
1874 1168 2075 1227 futurus

232 1246 328 1303 sit,
370 1248 520 1291 minus
553 1246 742 1308 urgendi
760 1245 946 1305 fuerint
987 1247 1047 1288 M.
1082 1245 1278 1288 Anneius
1311 1253 1355 1289 et
1387 1245 1574 1290 Tullius.
1638 1246 1750 1291 Ibid.
1780 1250 1822 1291 9.
1847 1250 1889 1292 3.
1927 1249 2074 1291 Cicero

232 1338 388 1379 meus,
420 1323 776 1368 modestissimus
810 1329 854 1366 et
887 1322 1187 1365 suavissimus
1206 1338 1350 1382 puer,
1383 1322 1468 1366 tibi
1493 1323 1686 1367 salutem
1713 1324 1839 1369 dicit.
1904 1326 2075 1387 Diony-

233 1402 352 1446 sium
386 1417 556 1462 semper
589 1400 814 1463 equidem,
848 1407 902 1443 ut
935 1400 1055 1455 scis,
1091 1398 1265 1443 dilexi:
1297 1398 1377 1442 sed
1406 1399 1604 1460 quotidie
1632 1400 1783 1460 pluris
1804 1401 1950 1459 facio.

311 1504 375 1578 (⁵)
418 1504 527 1559 Iter
566 1505 620 1558 in
652 1504 891 1559 Ciliciam
923 1502 1098 1557 facere
1129 1503 1368 1556 instituit
1402 1520 1448 1557 a.
1473 1503 1523 1558 d.
1546 1521 1614 1558 v1.
1647 1503 1726 1560 Id.
1755 1504 1859 1557 Mai
1894 1504 1980 1578 [=
2004 1509 2073 1560 10

234 1604 360 1659 Maii
398 1608 503 1659 705
545 1627 612 1660 ε
651 1608 684 1659 8
726 1605 852 1675 Apr.
892 1609 956 1657 51
1002 1620 1048 1657 a.
1073 1603 1155 1676 C.]
1212 1609 1265 1657 et
1304 1603 1562 1675 postridie
1598 1605 1961 1660 Beneventum
1990 1622 2075 1659 ve-

233 1704 335 1760 nit.
379 1723 470 1759 vn.
506 1722 551 1759 c.
578 1709 629 1759 5.
666 1708 698 1759 6
721 1721 798 1775 sq.
1070 1708 1073 1709 ’

310 1829 375 1904 (⁰)
418 1829 604 1885 Idibus
637 1829 790 1884 Maiis
830 1830 918 1902 [ε
963 1834 1027 1883 15
1064 1829 1191 1884 Maii
1220 1848 1280 1879 z
1310 1832 1375 1884 15
1397 1827 1592 1902 April.]
1641 1829 1874 1884 Venusia
1906 1828 2076 1901 profe-

237 1935 358 1985 ctus
400 1946 589 1993 mane,
647 1947 694 1985 a.
741 1930 791 1984 d.
835 1949 917 1984 xv.
972 1930 1086 1985 Kal.
1131 1930 1247 1983 Iun.
1306 1929 1394 2001 [=
1434 1934 1501 1984 18
1535 1930 1661 1984 Maii
1701 1947 1764 1982 =
1812 1935 1878 1985 16
1919 1932 2074 2004 Apr.]

234 2030 384 2083 venit
421 2031 745 2093 Tarentum3
795 2046 957 2101 quam
993 2030 1179 2084 urbem
1201 2071 1215 2091 ,
1277 2046 1446 2100 quum
1482 2030 1727 2085 triduum
1765 2048 1889 2086 cum
1923 2032 2075 2086 Pom·

235 2132 355 2203 peio
411 2129 628 2195 fuisset,
665 2129 886 2201 reliquit
923 2147 970 2185 a.
1000 2129 1050 2183 d.
1087 2147 1198 2183 xm.
1243 2129 1362 2186 Kal.
1398 2130 1581 2185 Iunias
1613 2124 1703 2202 [z
1743 2136 1813 2187 20
1847 2133 1971 2187 Maii
2005 2151 2078 2183 =

241 2235 310 2286 18
347 2229 539 2303 April]
578 2247 667 2285 v11.
705 2247 750 2285 c.
777 2235 827 2285 5.
871 2235 924 2286 8.

300 2331 385 2377 Cic.
419 2331 472 2376 ad
498 2334 549 2375 Μ.
574 2330 771 2376 Caelium
801 2331 874 2389 (ad
904 2334 1023 2375 Fam.
1044 2344 1094 2376 11.
1132 2334 1170 2375 8.
1197 2333 1266 2388 2.)
1299 2331 1400 2392 Ego
1434 2357 1492 2365 —
1526 2347 1624 2376 cum
1651 2333 1860 2394 Pompeio
1888 2333 2080 2394 complu·

240 2426 312 2455 res
344 2409 439 2454 dies
471 2410 615 2454 nullis
642 2411 690 2453 in
724 2410 852 2467 aliis.
897 2411 991 2454 nisi
1030 2410 1082 2454 de
1116 2409 1366 2471 republica,
1413 2409 1687 2454 sermonibus
1717 2419 1921 2456 versatus
1950 2428 2079 2456 sum.-

240 2505 355 2548 quae
401 2504 478 2532 nec
503 2495 700 2549 possunt
730 2488 893 2543 scribi,
939 2505 1014 2533 nec
1043 2487 1278 2533 scribenda
1304 2495 1426 2533 sunt.
1505 2490 1694 2533 Tantum
1727 2489 1909 2541 habeto,
1945 2490 2082 2535 civem

243 2566 467 2629 egregium
496 2581 592 2610 esse
619 2566 878 2627 Pompeium
904 2573 984 2609 cot.

323 2670 386 2746 (⁷)
429 2648 778 2740 Brundisium
808 2668 956 2722 venit
990 2686 1039 2725 a.
1067 2667 1115 2722 d.
1141 2686 1211 2723 xl.
1250 2668 1370 2726 Kal.
1401 2669 1519 2724 Iun.
1557 2671 1641 2743 [ε
1666 2673 1735 2725 22
1759 2670 1883 2726 Maii
1903 2690 1975 2722 =
2012 2673 2083 2725 20

243 2773 430 2846 Apr.],
463 2771 555 2825 ubi
593 2771 695 2841 ipsi
730 2775 942 2841 praesto
976 2768 1196 2847 fuerunt
1231 2769 1393 2841 legati
1431 2771 1588 2843 Appii
1615 2771 1834 2826 Pulchri
1868 2778 1920 2827 et
1949 2771 2081 2827 Pha-

245 2875 336 2928 nia
381 2873 609 2928 libertus
645 2869 903 2926 eiusdem.
946 2888 1038 2926 vu.
1079 2889 1122 2925 o.
1147 2875 1197 2926 4.
1234 2874 1268 2926 9
1310 2889 1388 2944 sq.
1433 2890 1478 2926 c.
1506 2877 1592 2927 11.
1632 2876 1720 2927 28.

308 2972 394 3018 cic.
438 2972 494 3017 ad
529 2975 636 3033 App.
670 2970 909 3015 Pulchrum
937 2970 1012 3028 (ad
1039 2974 1160 3016 Fam.
1197 2985 1269 3017 111.
1301 2975 1340 3016 4.
1376 2974 1440 3032 1.)
1478 2973 1623 3031 Quum
1651 2989 1788 3018 essem
1815 2972 2081 3027 Brundisii,

248 3046 426 3094 litteras
467 3056 573 3092 tuas
609 3049 786 3108 accepi:
830 3048 992 3108 quibus
1037 3056 1134 3093 erat
1177 3050 1425 3111 scriptum,
1452 3057 1515 3095 .te
1554 3054 1604 3095 L.
1638 3050 1787 3096 Clodio
1819 3051 2080 3107 mandasse,

245 3126 358 3191 §uae
391 3128 523 3173 illum
549 3143 716 3171 mecum
743 3123 866 3186 loqui
892 3125 1040 3172 velleS.
1076 3154 1135 3161 -—-
1169 3129 1286 3173 Mihi
1312 3137 1354 3174 et
1386 3129 1435 3188 Q.
1459 3130 1626 3174 Fabius
1657 3129 1934 3190 Virgilianus
1961 3136 2004 3173 et
2040 3130 2083 3172 C.

247 3208 459 3262 Flaccus,
491 3206 623 3251 Lucii
646 3204 814 3265 filius,
847 3212 890 3248 et
925 3203 1271 3265 diligentissime
1298 3211 1356 3252 M.
1379 3208 1617 3258 Octavius,
1657 3207 1790 3251 Gnaei
1813 3207 1978 3268 filius,
2012 3205 2084 3250 de-

247 3284 535 3338 monstravit,
568 3299 636 3327 me
669 3300 696 3326 a
731 3290 773 3326 te
792 3281 990 3343 plurimi
1013 3282 1140 3343 fieri.
1206 3284 1318 3330 Jbid.
1356 3291 1396 3331 1.
1432 3290 1473 3331 1.
1507 3287 1562 3330 Si
1583 3285 1685 3347 ipffl
1717 3285 1968 3346 respublica
2000 3284 2085 3328 tibi

248 3378 432 3407 narrare
451 3368 636 3423 posset‚
683 3360 896 3422 quomodo
929 3377 1023 3405 sese
1055 3361 1262 3420 haberet,
1301 3379 1398 3409 non
1421 3364 1622 3423 facilius
1660 3381 1716 3408 ex
1747 3381 1799 3408 ea
1830 3378 2085 3425 cognoscere

243 3456 428 3504 possm,
457 3457 590 3500 quam
623 3456 678 3483 ea:
719 3439 874 3482 liberto
909 3446 985 3482 tuo
1017 3439 1217 3483 Phania:
1252 3439 1320 3484 ita
1348 3449 1414 3488 est
1444 3441 1567 3487 homo
1595 3459 1680 3488 non
1707 3442 1833 3488 modo
1851 3441 2083 3503 prudens,

253 3533 400 3563 verum
429 3517 563 3562 etium
596 3516 738 3575 (quod
762 3518 901 3575 iuvet)
930 3517 1145 3563 curiosus.
1180 3526 1260 3563 cet.
