2210 3970
161 225 266 275 504
740 235 953 274 emano
999 235 1069 271 nu
1117 234 1254 272 VITA
1305 233 1413 272 StJA

167 375 487 434 eumventoS,
541 371 864 424 convenirem
888 370 918 424 ‚9
986 368 1258 423 Tentarem
1291 367 1447 421 etiam
1469 367 1662 421 summi
1693 368 1835 439 reqis
1854 409 1869 433 ,
1904 368 1996 441 qui

171 472 436 526 maximas
460 470 633 541 copias
659 470 815 524 duxit
848 470 918 524 ad
964 469 1198 533 Troiam,
1239 476 1288 522 et
1334 466 1481 521 Ulixi
1526 466 1844 539 Sisyphique
1874 486 2002 539 pru-

168 571 432 634 dentiam,-
470 587 563 624 ncc
613 569 675 623 ob
727 587 842 623 eam
884 586 997 623 rem
1017 611 1031 633 ,
1086 586 1247 641 quum
1297 567 1428 622 liaeo
1462 566 1794 638 eoequirerem
1814 608 1829 631 ‚
1873 567 2005 622 sicut

172 670 256 725 hic
281 659 568 744 faciebam,
609 671 771 743 capite
809 671 1105 724 damnarer.
1186 668 1263 724 Ne
1295 687 1384 723 vos
1421 668 1632 741 quidem
1667 667 1900 732 iudices,
1937 668 2005 733 ii,

169 771 262 843 qui
291 789 375 826 me
417 770 740 836 absolvistis,
786 779 1006 824 mortem
1039 770 1337 824 timueritis,
1424 749 1546 824 160.
1588 767 1696 823 Nec
1735 768 1873 823 enim
1905 770 2010 823 cui·

170 889 330 944 quam
360 871 487 926 bono
524 871 655 925 mali
685 871 972 942 quidquam
1011 870 1214 924 evenire
1236 876 1440 942 potest,
1466 887 1559 924 nec
1589 870 1705 924 vivo
1742 887 1836 924 nec
1872 886 2009 925 mor·

171 979 258 1025 tuo
281 990 299 1024 .·
337 987 431 1025 nec
453 988 703 1043 umquam
752 971 864 1025 eius
906 988 992 1024 res
1035 988 1068 1024 a
1094 970 1196 1023 diis
1221 968 1612 1023 immortalibus
1661 970 2008 1042 neqliqentur.

171 1069 280 1126 Nec
314 1069 449 1124 milii
477 1070 583 1141 ipsi
613 1068 708 1124 hoc
733 1069 920 1124 accidit
952 1069 1187 1142 fortuito.
1267 1067 1375 1123 Nee
1412 1085 1532 1123 vero
1565 1086 1660 1142 eqo
1692 1069 1761 1123 iis
1780 1110 1797 1134 ,
1828 1087 1862 1124 a
1899 1068 2010 1141 qui·

170 1171 266 1226 bus
304 1175 576 1225 accusatus
612 1186 729 1224 sum
774 1177 866 1223 aut
914 1187 949 1223 a
997 1169 1183 1241 quibus
1236 1168 1639 1234 condemnatus,
1690 1168 1851 1225 liabeo
1878 1168 2016 1242 quod

167 1288 525 1335 succenseam,
576 1270 681 1324 nisi
711 1270 848 1342 quod
886 1268 1021 1323 milti
1050 1286 1232 1324 nocere
1264 1287 1320 1324 se
1362 1268 1707 1324 crediderunt.
1784 1269 1856 1325 Et
1882 1268 2015 1325 haee

171 1371 392 1445 quidem
424 1371 525 1427 hoc
546 1369 720 1426 modo.
761 1370 907 1426 Nihil
944 1376 1129 1425 autem
1167 1369 1364 1426 melius
1389 1376 1653 1426 extremo:
1694 1369 1798 1426 Sed
1816 1377 2017 1444 tempus

167 1481 272 1539 est,
312 1473 526 1546 inquit,
563 1474 673 1527 iam
711 1471 833 1526 ltine
870 1471 1016 1526 abire
1058 1489 1177 1536 me,
1216 1478 1274 1525 ut
1317 1471 1516 1526 moriar
1535 1490 1556 1533 ,·
1587 1488 1707 1536 vos,
1745 1477 1805 1525 ut
1849 1470 2015 1526 vitam

170 1575 358 1649 aqatis.
445 1574 633 1629 Utrum
663 1576 838 1628 aulem
875 1573 945 1627 sit
981 1572 1200 1638 melius,
1238 1572 1316 1626 dii
1338 1571 1662 1627 immortales
1685 1572 1891 1627 sciunt.-
1922 1569 2012 1624 lm-

171 1676 368 1730 minem
397 1674 610 1747 quidem
647 1674 782 1728 scire
812 1672 1040 1728 arbitror
1070 1672 1345 1727 neminem.
1399 1670 1511 1727 Nae
1541 1687 1640 1744 ego
1672 1669 1818 1726 haud
1836 1669 2016 1743 paullo

128 1821 130 1823 ,
171 1774 321 1831 hunc
352 1776 597 1844 animum
630 1773 816 1829 malim
837 1815 853 1839 ,
887 1789 1050 1846 quam
1089 1789 1278 1828 eorum
1320 1772 1566 1827 omnium
1608 1770 1883 1838 fortunaS,
1917 1772 2011 1845 qui

172 1876 240 1932 de
278 1875 380 1935 hoe
417 1875 811 1932 iudicaverunt.
891 1874 1040 1939 Etsi,
1093 1872 1236 1946 quod
1262 1879 1478 1946 praeter
1509 1872 1637 1929 deos
1675 1878 1837 1945 negat
1870 1871 2012 1928 seire

173 1993 501 2049 quemquam
521 2018 537 2042 ,
596 1975 652 2029 id
700 1975 805 2029 scit
856 1973 994 2046 ipse,
1036 1979 1223 2028 utrum
1281 1971 1477 2028 melius
1529 1973 1619 2027 sit.
1697 1971 1834 2027 Nam
1874 1971 2014 2028 dixit

171 2083 312 2134 ante.
369 2076 473 2134 Sed
493 2091 655 2138 suum
687 2073 821 2137 illud
840 2073 1007 2141 ,nihil
1040 2079 1102 2135 ut
1122 2071 1356 2129 affirmet
1373 2114 1389 2138 ,
1411 2078 1563 2132 tenet
1595 2071 1663 2128 ad
1684 2077 2010 2128 extremum.

247 2277 494 2336 XXXVI.
554 2282 677 2334 101.
719 2276 876 2350 Apud
898 2282 917 2314 ¹
939 2274 1344 2349 Xenophontem
1367 2281 1550 2332 autem
1570 2273 1808 2332 moriens
1827 2273 2005 2349 Cyrus

172 2380 347 2437 maior
395 2379 528 2435 haee
580 2378 735 2433 dicit:
795 2376 969 2432 Nolite
1000 2376 1287 2442 arbitrari,
1327 2393 1357 2431 o
1399 2375 1535 2431 milti
1585 2375 1847 2431 carissimi
1876 2374 1983 2447 filii
2000 2416 2017 2440 ,
2092 2352 2103 2365 ’

169 2497 281 2545 me,
320 2492 484 2552 quum
509 2498 542 2534 a
563 2478 705 2532 vobis
742 2478 1024 2532 discessero
1044 2519 1059 2542 ,
1098 2494 1359 2548 nusquam
1382 2485 1474 2531 aut
1499 2476 1710 2532 nullum
1728 2480 1860 2550 fore.
1901 2475 2009 2532 Nec

174 2578 314 2635 enim
332 2621 348 2645 ,
373 2580 500 2633 olum
531 2596 675 2632 eram
692 2578 980 2642 vobiscum,
1000 2577 1236 2631 ani-mum
1265 2593 1439 2631 meum
1471 2575 1751 2640 videbatis,
1781 2577 1872 2631 sed
1891 2594 2009 2632 eum

176 2697 286 2735 esse
322 2681 380 2734 in
405 2679 499 2734 hoc
518 2697 728 2751 corpore
747 2719 763 2744 ,
803 2678 958 2732 exiis
993 2677 1148 2731 rebus
1168 2718 1184 2742 ‚
1217 2694 1347 2749 quas
1381 2676 1627 2749 qerebam
1647 2718 1663 2741 ,
1690 2676 2013 2749 intelliqeba·

174 2779 258 2835 tis‘.
308 2780 572 2835 E'umdem
601 2780 766 2852 iqitur
798 2796 907 2833 esse
939 2777 1210 2841 creditote,
1244 2777 1401 2831 etiam
1439 2777 1486 2831 si
1522 2776 1732 2830 nullum
1760 2776 2015 2832 videbitis.

176 2880 285 2936 -Nec
313 2897 431 2935 vero
451 2880 713 2945 clarorum
745 2878 978 2932 virorum
989 2885 1109 2950 post
1137 2885 1357 2932 mortem
1383 2857 1601 2933 honores
1621 2886 2015 2950 permanerent,

178 2982 224 3036 si
236 2980 374 3036 nihil
405 2998 584 3036 eorum
602 2983 838 3053 ipsorum
862 2979 1029 3033 animi
1043 2979 1328 3051 efficerent,
1361 2996 1460 3051 quo
1480 2978 1678 3032 diutius
1710 2980 2017 3035 memoriam

181 3079 264 3137 sui
290 3090 597 3138 teneremus.
640 3081 777 3136 Mihi
816 3080 1024 3152 quidem
1051 3097 1338 3152 numquam
1350 3070 1662 3151 persuaderi
1685 3080 1884 3151 potuit,
1910 3081 2021 3134 ani-

178 3178 461 3248 mos,dum'
481 3184 538 3236 in
576 3182 874 3255 corporibus
894 3189 1059 3240 essent
1086 3181 1420 3243 mortalibus,
1454 3181 1655 3242 vivere;
1690 3197 1852 3252 quum
1883 3180 2017 3233 exis·

175 3291 286 3338 sent
319 3285 482 3338 eoessiis
502 3326 516 3349 ,
565 3284 728 3337 emori
744 3262 765 3344 ’;
789 3300 889 3363 περ
914 3299 1034 3336 vero
1055 3323 1069 3346 ,
1091 3290 1203 3360 ¹tum
1226 3283 1460 3339 animum
1499 3299 1608 3337 esse
1650 3280 1978 3353 insipientem
1998 3322 2013 3346 ‚

179 3401 340 3461 quum
374 3402 439 3438 ex
486 3384 760 3454 insipienti
787 3400 995 3455 corpore
1023 3384 1296 3446 evasisset;
1331 3384 1421 3438 sed
1453 3400 1614 3455 quum
1634 3382 1772 3436 omni
1810 3381 2014 3436 admix-

178 3509 391 3526 ——-

238 3555 278 3615 2)
310 3549 362 3597 de
393 3552 558 3594 Seneet.
592 3564 628 3593 e.
655 3551 726 3594 22.
761 3550 784 3607 ᾗ
821 3552 889 3594 79.
