2210 3970
227 261 335 312 408
828 271 1038 310 menno
1084 270 1154 307 nr.
1204 269 1341 311 ‚VITA
1388 269 1491 309 suA

224 406 363 462 male
401 404 718 460 dilabuntur.
812 404 1132 462 Incredibile
1171 421 1233 458 ac
1272 404 1446 458 simile
1485 404 1717 475 portenti
1756 408 1871 468 est,
1923 420 2048 476 quo-

223 523 349 562 nam
388 504 544 560 modo
583 504 674 558 illa
717 509 830 560 tam
881 504 1081 568 multa,
1133 521 1294 576 quam
1328 504 1540 575 pauciS,
1594 520 1698 558 non
1739 503 1858 558 dico
1901 521 2047 559 men-

225 606 409 670 sibuS,
461 603 554 660 sed
593 604 782 660 diebus
820 605 1086 660 effuderit.
1165 604 1429 659 Maximus
1468 604 1581 657 vini
1620 619 1879 660 numerus
1918 604 2049 672 suit,

224 719 579 777 permagnum
616 706 804 777 optimi
841 704 1048 777 pondus
1088 706 1328 775 argenti,
1376 706 1609 777 pretiosa
1642 705 1834 768 vestiS,
1880 703 2051 759 multa

221 812 276 860 et
313 805 460 860 lauta
501 805 766 877 supellex,
825 813 879 859 et
917 805 1203 878 magnifica
1241 804 1429 859 multis
1467 805 1626 870 locis,
1667 822 1771 859 non
1805 804 1895 859 illa
1933 806 2048 875 qui-

222 906 344 960 dem
401 905 665 959 luxuriosi
714 905 981 970 hominiS,
1040 905 1133 960 sed
1184 912 1366 959 tamen
1417 905 1756 961 abundantis
1846 905 2049 959 Horum

223 1006 412 1078 paucis
437 1004 624 1059 diebus
658 1004 792 1059 nihil
825 1011 957 1060 erat.
1038 1006 1185 1072 Quae
1216 1004 1516 1079 Charybdis
1547 1012 1661 1060 tam
1691 1006 1890 1060 vorax?
1918 1005 2049 1061 Cha-

225 1103 421 1179 rybdin
466 1103 627 1159 dico?
681 1121 818 1176 quae
859 1105 906 1159 si
944 1103 1077 1168 fuit,
1134 1103 1240 1158 fuit
1276 1103 1476 1159 animal
1527 1120 1724 1160 unum:
1783 1102 2053 1169 OceanuS,

223 1203 435 1260 medius
486 1203 645 1259 fidius
666 1244 682 1269 ,
731 1204 823 1258 vix
860 1203 1076 1259 videtur
1118 1210 1200 1258 tot
1243 1220 1358 1269 reS‚
1412 1211 1523 1259 tam
1574 1203 1859 1278 dissipatas
1879 1246 1893 1269 ‚
1940 1211 2052 1260 tam

222 1302 548 1360 distantibus
587 1303 642 1358 in
682 1302 813 1358 locis
850 1304 1079 1376 positas,
1119 1310 1232 1360 tam
1269 1305 1377 1360 cito
1409 1304 1692 1360 absorbere
1721 1305 1974 1379 potuisse.

224 1552 233 1567 A,
298 1505 388 1562 XI.
469 1507 559 1560 32.
599 1504 716 1560 Etsi
739 1510 756 1543 ¹
804 1520 867 1560 ea
909 1504 1243 1578 perturbatio
1287 1511 1405 1560 erat
1441 1505 1685 1560 omnium
1732 1521 1941 1569 rerum,
1995 1512 2055 1560 ut

220 1620 352 1661 suae
389 1621 658 1678 quemque
698 1602 944 1660 fortunae
980 1606 1218 1661 maxime
1254 1606 1553 1678 poeniteret
1583 1620 1847 1678 nemoque
1883 1611 2052 1670 esset,

220 1707 354 1778 quin
391 1704 592 1769 ubiviS,
631 1719 792 1777 quam
834 1703 924 1759 ubi
963 1711 1108 1770 erat,
1160 1721 1276 1761 esse
1307 1704 1520 1770 mallet,
1557 1711 1740 1760 tamen
1777 1703 1930 1761 mihi·
1957 1705 2053 1761 du·

221 1803 374 1860 bium
425 1819 531 1859 non
582 1810 728 1868 erat,
779 1803 911 1876 quin
959 1820 1021 1860 eo
1066 1813 1304 1878 tempore
1347 1805 1485 1860 bono
1528 1805 1645 1860 viro
1694 1804 1893 1861 Romae
1936 1822 2053 1862 esse

219 1903 595 1961 miserrimum
629 1910 786 1959 esset.
863 1903 998 1961 Nam
1039 1905 1166 1971 etsi,
1205 1920 1544 1980 quocumque
1577 1905 1634 1960 in
1665 1903 1780 1960 loco
1812 1905 2058 1978 quisquis

224 2010 336 2069 est,
370 2003 514 2059 idem
534 2010 617 2059 est
649 2004 698 2059 ei
728 2021 918 2060 sensus
951 2011 1004 2060 et
1037 2004 1222 2061 eadem
1251 2005 1515 2060 acerbitas
1535 2021 1600 2060 ex
1621 2004 1847 2060 interitu
1873 2021 2058 2061 rerum

223 2112 278 2161 et
309 2103 648 2178 publicarum
678 2111 732 2159 et
759 2120 1010 2168 suarum:
1048 2112 1231 2161 tamen
1259 2105 1401 2161 oculi
1433 2111 1633 2178 augent
1661 2103 1895 2160 dolorem
1910 2146 1927 2170 ,
1965 2107 2059 2178 qui

227 2221 319 2271 ea,
371 2220 510 2278 quae
554 2204 721 2260 ceteri
759 2204 1018 2272 audiunt,
1072 2206 1273 2262 intueri
1313 2195 1582 2278 coguntur
1619 2221 1718 2261 nec
1756 2190 1999 2263 avertere
2031 2222 2062 2261 a

226 2305 463 2362 miseriis
515 2305 899 2378 cogitationem
950 2307 1153 2362 sinunt.
1245 2306 1422 2376 Quare
1441 2312 1463 2346 ²
1510 2307 1646 2364 mihi
1666 2306 1904 2380 'quidem
1952 2307 2061 2362 iam

230 2405 442 2480 pridem
490 2412 710 2462 venerat
749 2406 806 2460 in
843 2413 1111 2473 mentem,
1163 2407 1363 2465 bellum
1402 2425 1518 2464 esse
1555 2408 1735 2481 aliquo
1772 2408 1948 2482 exire,
2000 2413 2064 2462 ut

227 2522 320 2571 ea,
359 2521 496 2577 quae
535 2506 591 2560 in
624 2504 764 2560 Urbe
803 2506 1128 2576 agebantur,
1174 2524 1417 2581 quaeque
1455 2508 1801 2574 dicebantur,
1841 2524 1940 2563 nec
1983 2508 2058 2562 vi·

227 2606 410 2662 dorem
461 2619 560 2660 nec
611 2605 871 2661 audirem.
970 2605 1074 2661 Sed
1125 2607 1492 2664 calumniabar
1542 2609 1671 2681 ipse.
1770 2608 2026 2665 Putabam
2046 2651 2060 2672 ,

229 2709 323 2781 qui
367 2707 577 2762 obviam
635 2706 771 2761 mihi
821 2708 1081 2773 venisset,
1140 2715 1202 2763 ut
1247 2710 1443 2782 cuique
1494 2709 1836 2765 commodum
1888 2715 2057 2775 esset,

230 2809 633 2881 suspicaturum
660 2814 755 2862 aut
781 2807 1085 2874 dicturum,
1125 2811 1337 2865 etiamsi
1365 2827 1470 2866 non
1503 2811 1898 2884 suspicaretur:
1941 2809 2056 2865 Hic

229 2915 342 2964 aut
391 2909 665 2973 metuit,
705 2914 767 2962 et
806 2924 876 2963 ea
914 2925 981 2963 re
1028 2907 1222 2981 fugit3
1271 2917 1381 2965 aut
1419 2910 1671 2983 aliquid
1709 2911 1962 2981 cogitat
2000 2917 2060 2966 et

232 3008 424 3065 habet
463 3025 684 3064 navem
729 3015 1036 3081 paratam.
1134 3010 1402 3082 Denique,
1452 3010 1720 3067 levissime
1759 3011 1850 3081 qui
1887 3012 2059 3082 suspi-

231 3117 475 3175 caretur,
524 3116 577 3164 et
619 3111 712 3182 qui
754 3109 978 3165 sortasse
1019 3128 1105 3165 me
1150 3111 1350 3183 optime
1396 3112 1658 3176 novisset,
1709 3117 1924 3182 putaret
1970 3127 2058 3164 me

230 3211 430 3265 idcirco
469 3210 771 3275 discedere,
825 3211 965 3282 quod
1005 3211 1261 3282 quosdam
1302 3212 1544 3268 homines
1583 3211 1723 3266 oculi
1763 3211 1870 3265 mei
1919 3210 2058 3265 ferre

230 3329 335 3365 non
368 3318 596 3383 possent.
678 3313 819 3366 Haec
847 3330 943 3384 ego
975 3314 1277 3384 suspicans,
1318 3314 1492 3369 adhuc
1526 3315 1723 3368 Romae
1755 3312 2053 3368 manebam.

291 3494 331 3550 ¹)
361 3490 495 3551 Epist.
519 3489 574 3536 ad
599 3494 867 3553 A.Torquat.
896 3494 968 3552 (ad
989 3498 1104 3540 Fam.
1124 3497 1196 3541 VI.
1219 3499 1257 3540 1.
1279 3497 1302 3553 §
1327 3498 1389 3555 1.)
1422 3522 1479 3531 -
1513 3497 1554 3555 2)
1586 3493 1716 3555 Epist.
1742 3493 1796 3540 ad
1821 3496 2053 3540 Varronem

231 3567 304 3628 (ad
320 3571 441 3614 Fam.
467 3570 537 3612 IX.
565 3570 605 3612 2.
637 3570 744 3626 §3.)
