2150 3990
531 223 583 276 L.
609 222 695 278 lv.
739 220 896 277 c.1V.
940 221 1038 293 §9
1083 249 1157 259 -
1196 235 1241 271 c.
1269 218 1329 270 V.
1373 218 1412 291 ς
1444 222 1523 271 12.
1837 222 1942 272 159

126 381 208 430 est
235 373 422 447 culpa,
454 383 641 430 verum
669 371 831 428 etiam
852 369 1119 443 'quaedam
1148 368 1393 439 contagio
1420 367 1665 432 sceleris,
1703 368 1749 423 si
1771 367 1946 423 delen·

131 472 225 528 das
251 487 373 530 eum
390 515 404 538 ,
443 489 603 549 quem
629 471 947 528 obstrictum
979 486 1096 526 esse
1127 469 1330 544 patriae
1350 468 1641 543 parricidio
1658 470 1946 542 suspicere.

206 672 266 727 V.
351 676 434 726 11.
477 672 627 740 Quod
651 673 729 727 sil
759 687 882 728 vero
901 687 1001 725 vox
1022 675 1203 725 nostra
1224 709 1238 733 ‚
1278 668 1495 723 hortatu
1516 668 1783 740 quonda'm
1805 680 1954 741 prae—

126 770 404 844 ceptisque
454 771 683 827 Archiae
720 769 1085 836 conformata,
1138 768 1409 825 nonnullis
1461 767 1747 842 aliquando
1789 769 1951 824 saluti

129 871 266 934 suin
316 886 349 926 a
387 886 494 944 quo
538 871 594 928 id
647 872 988 946 accepimuS,
1044 886 1152 943 quo
1203 870 1398 926 ceteris
1436 867 1690 943 opitulari
1735 876 1790 926 et
1822 869 1955 925 alios

127 984 344 1028 servare
379 983 687 1046 possemne,
739 973 866 1028 huie
905 970 1143 1046 proiecto
1175 971 1314 1045 ipsi,
1365 976 1629 1043 quantum
1665 977 1751 1026 est
1787 971 1954 1039 situm

130 1073 186 1127 in
222 1071 408 1138 nohis,
446 1076 501 1127 et
538 1087 691 1145 opem
723 1078 778 1128 et
803 1071 1034 1128 salutem
1073 1071 1214 1127 ferre
1244 1070 1547 1127 debuimus.
1627 1072 1702 1126 Ac
1735 1086 1803 1126 ne
1833 1073 1957 1144 quis

130 1189 161 1229 a
200 1173 353 1228 nobis
388 1172 490 1228 hoc
524 1169 601 1228 ita
626 1172 739 1227 'dici
775 1172 917 1227 'sorte
947 1174 1213 1237 miretur,
1269 1172 1412 1244 quod
1457 1172 1562 1228 alia
1600 1172 1862 1245 quaedam
1901 1173 1958 1228 in

133 1273 330 1330 Archia
362 1272 588 1328 facultas
620 1278 761 1326 esset
802 1271 1009 1341 ingenii
1031 1311 1046 1335 ,
1087 1286 1259 1342 neque
1293 1270 1425 1327 haec
1451 1272 1665 1327 dicendi
1698 1271 1837 1327 ratio
1863 1272 1960 1328 au't

135 1371 446 1445 disciplina;
486 1386 553 1426 ne
587 1386 682 1424 nos
714 1368 934 1441 quidem
973 1368 1101 1424 huic
1136 1370 1231 1425 uni
1264 1370 1443 1426 studio
1464 1372 1681 1444 penitus
1703 1388 1960 1444 umquam

132 1470 299 1528 dediti
325 1470 547 1526 fuimus.
623 1468 841 1525 Etenim
874 1483 1059 1524 omnes
1091 1476 1236 1525 artes
1255 1510 1270 1535 ‚
1304 1481 1447 1544 quae
1473 1470 1541 1527 ad
1565 1460 1959 1527 humanitatem

134 1566 435 1647 pertinent,
477 1568 976 1643 habentquoddam
1016 1586 1302 1628 commune
1333 1571 1613 1628 vinculum
1636 1615 1650 1638 ,
1701 1579 1757 1628 et
1805 1573 1961 1646 quasi

129 1673 448 1746 cegniatione
480 1669 717 1745 quadam
758 1671 902 1727 inter
922 1677 991 1727 se
1023 1672 1385 1728 continentur.
1466 1672 1571 1730 Sed
1588 1677 1613 1712 ²
1657 1671 1962 1747 suppedita-

133 1773 226 1829 bat
252 1771 300 1830 is
335 1771 490 1830 nohis
521 1783 763 1846 quoque,
803 1770 895 1828 ubi
915 1778 984 1828 et
1016 1773 1231 1829 animus
1250 1787 1319 1829 ex
1352 1772 1452 1830 hoc
1494 1773 1690 1830 forensi
1730 1774 1963 1848 strepitu

133 1874 449 1931 mssceretur
497 1878 552 1930 et
589 1887 750 1930 aures
786 1873 1030 1930 convicio
1067 1873 1306 1930 defessae
1343 1876 1801 1948 conquiescerent.
1881 1875 1963 1931 An

133 1973 259 2049 quis
293 1974 571 2031 existimat
590 2014 605 2038 ‚
644 1980 740 2030 aut
783 1981 1068 2048 suppetere
1105 1975 1260 2031 nohis
1296 1991 1452 2050 posse
1472 2019 1487 2041 ‚
1544 1974 1687 2050 quod
1725 1974 1966 2050 quotidie

134 2074 411 2142 dicamuS,
468 2076 527 2131 in
566 2080 717 2131 tanta
766 2076 1028 2132 varietate
1066 2092 1250 2132 rerum
1273 2118 1287 2141 ,
1346 2077 1451 2132 nisi
1506 2077 1716 2133 animos
1756 2083 1966 2132 nostros

137 2174 384 2232 doctrina
418 2174 758 2241 excolamus»,
815 2182 913 2231 aut
950 2175 1092 2232 ferre
1142 2177 1349 2231 animos
1398 2182 1606 2232 tantam
1645 2193 1800 2251 posse
1844 2193 1965 2232 con·

141 2275 465 2341 tentionem,
501 2275 611 2330 uisi
641 2285 735 2331 'eos
765 2274 1011 2331 doctrina
1039 2274 1228 2331 eadem
1261 2276 1607 2332 relaxemus?
1690 2281 1775 2332 12.
1816 2275 1931 2332 Non
1946 2284 1967 2316 ⁸

141 2375 550 2448 igitur'mirum
577 2384 704 2430 esse
741 2373 1017 2440 videatur,
1056 2377 1224 2430 mein
1258 2375 1357 2432 hac
1389 2378 1703 2450 quaestione
1727 2377 1968 2449 legitima

141 2481 197 2531 et
229 2472 286 2531 in
322 2473 533 2531 iudicio
561 2474 774 2548 publico
793 2516 809 2542 ,
846 2489 1016 2547 quum
1056 2492 1144 2533 res
1194 2484 1448 2549 ageretur
1486 2478 1629 2552 apud
1668 2486 1969 2553 praetorem

143 2574 324 2648 populi
381 2571 636 2642 Romani,
693 2576 1051 2633 lectissimum
1110 2579 1290 2635 virum
1312 2621 1327 2645 ,
1385 2585 1441 2635 et
1498 2579 1640 2653 apud
1698 2583 1970 2637 severissi-

142 2691 259 2730 mos
309 2675 551 2743 iudices,
619 2687 817 2750 magno
867 2684 1135 2734 conventu
1187 2678 1466 2735 hominum
1517 2698 1581 2737 ac
1633 2681 1934 2754 frequentia
1957 2726 1969 2746 ,

144 2777 243 2832 hoc
281 2788 443 2833 usum
479 2793 597 2833 esse
634 2795 829 2850 genere
868 2779 1107 2846 dicendi,
1159 2780 1301 2853 quod
1340 2798 1447 2837 non
1487 2782 1643 2837 modo
1679 2800 1712 2838 a
1749 2799 1969 2838 consue·

147 2875 334 2933 tudine
364 2876 690 2933 iudiciorum
710 2921 726 2944 ,
764 2891 952 2935 verum
992 2882 1156 2936 etiam
1195 2899 1226 2937 a
1267 2882 1465 2938 sorensi
1504 2900 1748 2939 sermone
1782 2883 1968 2938 abhor-

46 3043 50 3046 .
144 2983 304 3032 reret.
384 2977 634 3046 Quaesivi
672 2980 817 3035 enim
856 2997 888 3036 a
926 2980 1227 3047 iudicibus,
1269 2989 1330 3037 ut
1369 2983 1426 3037 in
1466 2982 1566 3038 hac
1605 2996 1795 3038 caussa
1834 2982 1969 3038 mihi

145 3077 337 3134 darent
372 3071 514 3134 hanc
553 3079 763 3134 veniam
783 3121 799 3145 ‚
851 3082 1307 3138 accommodatam
1348 3101 1438 3139 reo
1458 3126 1472 3148 ,
1513 3084 1644 3156 ipsis
1665 3128 1679 3149 ‚
1718 3082 1969 3157 quemad-

146 3178 366 3234 modum
407 3178 684 3252 sperabam
705 3222 720 3245 ,
779 3197 884 3235 non
936 3182 1213 3239 molestam
1236 3226 1249 3248 ‚
1308 3191 1370 3238 ut
1420 3201 1507 3238 me
1528 3226 1542 3248 ,
1612 3199 1708 3256 pro
1760 3199 1972 3241 summo

149 3286 302 3351 poeta
333 3286 495 3352 atque
533 3281 899 3337 eruditissimo
931 3282 1146 3340 homine
1185 3285 1452 3340 dicentem
1475 3327 1489 3349 ,
1548 3292 1863 3356 paterentur
1906 3287 1970 3340 de

149 3430 357 3448 —

212 3528 249 3583 ¹)
281 3541 357 3587 pro
391 3524 545 3572 Archia
577 3541 612 3573 c.
647 3530 688 3571 ¹.
722 3529 807 3585 §1.
843 3554 902 3564 —
940 3532 981 3588 ¹)
1015 3527 1120 3574 lbid.
1156 3544 1190 3573 c.
1225 3533 1267 3575 6.
1301 3532 1419 3588 512.
1452 3557 1510 3567 -
1543 3533 1584 3593 ⁸)
1616 3531 1779 3579 lbid.c.
1814 3534 1857 3577 2.
1892 3533 1972 3589 §3.
