2210 3970
636 249 841 288 Annus
882 250 928 288 υ.
968 247 1015 285 c.
1070 234 1177 303 '202
1205 234 1384 288 -705.
1822 238 1923 294 721

149 383 239 431 cie.
267 381 322 429 de
346 379 509 443 optimo
536 394 632 441 gen.
665 382 787 426 Orat.
821 393 858 424 c.
878 382 919 425 4.
939 381 1016 425 10.
1047 379 1124 423 lta
1136 377 1233 438 fit,
1266 383 1319 422 ut
1345 376 1659 423 Demosthenes
1685 388 1800 427 certe
1814 399 1923 444 pos.

7 515 10 518 ι
86 462 151 508 sit
175 452 410 507 summisse
447 458 622 516 dicere,
675 457 790 503 elate
815 457 979 520 Lysias
995 455 1203 516 fortasse
1230 470 1315 499 non
1345 455 1513 516 possit.
1577 455 1669 501 Sed
1698 460 1742 503 εἰ
1772 460 1921 507 eodem

87 538 211 585 modo
234 533 436 600 putant,
478 535 676 581 eoeercitu
712 535 761 579 in
793 534 904 594 foro
937 541 981 578 et
1013 534 1061 578 iu
1105 531 1306 576 omnibus
1348 532 1557 594 templis,
1603 552 1717 596 quae
1753 537 1921 587 circum

6 615 13 644 ³³
75 614 239 678 forum
264 622 397 671 sunt,
429 612 643 658 collocato
676 613 735 671 [v.
755 611 809 655 ad
826 627 863 656 a.
887 614 987 656 702.
1008 613 1096 670 4.]‚
1130 608 1222 653 dici
1242 625 1327 670 pro
1352 610 1516 655 Milone
1542 611 1766 674 decuisse,
1798 626 1852 663 ut
1878 622 1923 665 si

0 736 25 988 5

0 971 34 1264 5

0 1266 25 1572 5

4 2276 50 2640 5

13 2644 34 2698 ξ

85 692 140 740 de
161 710 213 740 re
235 693 422 756 privata
448 691 510 737 ad
540 707 678 736 unum
702 689 894 735 iudicem
930 689 1194 743 diceremus,
1227 687 1316 731 vim
1354 687 1631 749 eloquentiae
1656 710 1741 739 suu
1758 696 1920 755 facul-

83 777 203 829 tate,
234 785 321 816 mm
346 770 414 815 rei
438 776 604 815 natura
629 768 888 813 metiuntur.
952 765 1069 814 Conf.
1097 772 1247 813 Ascon.
1282 767 1331 812 in
1359 768 1502 815 Milon.
1537 787 1577 832 p.
1597 774 1669 816 31.

164 873 251 951 (¹¹)
293 875 408 931 Hoc
442 871 553 929 fere
584 879 824 945 tempore
853 871 1037 927 Cicero
1069 871 1243 944 coepit
1275 872 1511 928 scribere
1538 873 1702 931 libros
1731 877 1795 934 de
1824 877 1919 935 Le-

85 973 253 1049 9ibu3.
295 991 364 1030 vi.
405 990 454 1031 c.
483 976 575 1030 57.
614 976 704 1027 95.

147 1077 200 1121 In
236 1073 508 1137 argumentis
539 1070 754 1127 internis,
797 1086 909 1132 quae
936 1070 1085 1117 docere
1122 1071 1317 1133 possint,
1361 1072 1639 1135 scriptionem
1674 1074 1830 1124 horum
1865 1078 1922 1125 li-

84 1149 266 1199 brorum
293 1151 348 1199 ad
375 1150 456 1196 hoc
483 1149 570 1195 fere
602 1158 776 1210 tempus
802 1147 1070 1194 referendam
1105 1164 1217 1205 esse,
1250 1148 1443 1210 primum
1473 1159 1538 1196 est
1568 1158 1922 1204 commemoratio

82 1230 300 1277 librorum
330 1227 384 1275 de
416 1227 657 1290 Republica
692 1227 766 1284 (ιι.
795 1242 830 1271 c.
851 1229 921 1272 10.
948 1230 1045 1287 23.)
1072 1243 1178 1289 quos
1205 1245 1243 1272 a.
1262 1231 1366 1274 700.
1392 1232 1651 1294 conscriptos
1683 1250 1771 1280 esse
1793 1251 1925 1298 supra

84 1300 298 1367 diximus3
330 1316 432 1355 tum
457 1305 584 1369 Appii
609 1303 779 1351 Claudii
810 1303 1009 1361 Pulchri,
1043 1312 1272 1368 tamquam
1296 1309 1412 1354 inter
1435 1311 1549 1356 vivos
1577 1310 1772 1372 degentis
1803 1330 1923 1359 men·

82 1388 158 1434 tio»
178 1388 397 1447 (.11.o.1s.
427 1387 550 1445 32),
582 1398 713 1446 quem
747 1390 849 1427 anto
866 1398 1055 1443 pugnam
1091 1383 1380 1431 Pharsalicam
1413 1387 1473 1444 (a.
1495 1391 1619 1447 706.)
1651 1389 1805 1435 obiisse
1835 1398 1926 1436 tra·

83 1465 200 1513 dunt
230 1465 368 1512 valer.
398 1468 504 1512 Max.
540 1475 571 1508 1.
605 1477 641 1506 c.
665 1464 705 1506 8.
726 1464 797 1506 10.
816 1467 862 1505 et
888 1461 1062 1506 Orosius
1082 1475 1145 1507 vl.
1177 1478 1214 1508 c.
1238 1466 1327 1519 15.;
1352 1463 1540 1527 denique
1566 1466 1700 1512 ctiam
1737 1469 1925 1530 Pompeii

84 1545 252 1591 mentio
283 1552 513 1607 tamquam
547 1540 731 1585 viventis
770 1543 828 1597 (ι.
861 1555 898 1585 c.
915 1543 955 1585 3.
992 1543 1032 1585 6.
1069 1553 1193 1585 11¹.c.
1213 1543 1256 1586 9.
1275 1544 1347 1586 22.
1385 1555 1453 1588 111.
1482 1559 1517 1588 c.
1538 1547 1610 1590 11.
1639 1547 1763 1605 26.)‚
1790 1563 1926 1609 quem

85 1629 256 1668 constat
283 1621 328 1666 in
357 1624 552 1683 Aegypto
579 1616 855 1662 trucidatum
889 1631 999 1674 esse,
1033 1634 1118 1679 quo
1145 1618 1401 1681 confugerat
1427 1636 1477 1665 ex
1501 1637 1646 1682 pugna
1673 1623 1927 1671 Pharsalica.

2 1738 27 1763 Δ,
86 1698 163 1746 nis
190 1697 366 1745 accedat
387 1698 508 1743 locus
534 1711 583 1741 ex
611 1699 651 1740 L.
673 1707 724 1739 11.
755 1710 790 1739 c.
819 1697 892 1738 17.
923 1698 994 1739 42.
1034 1693 1124 1752 Qui
1154 1712 1253 1741 vero
1280 1713 1337 1741 ex
1360 1698 1421 1741 iis
1452 1705 1496 1742 et
1519 1698 1671 1744 luorum
1709 1702 1926 1748 scelerum

0 1766 29 1815 Ῠω
80 1777 313 1840 principes
329 1775 527 1836 fuerumt
553 1780 594 1818 et
619 1779 802 1834 praeter
826 1780 992 1817 ceteros
1020 1771 1066 1816 in
1093 1775 1213 1818 omni
1239 1774 1452 1836 religione
1479 1777 1631 1838 impii,
1665 1794 1750 1823 non
1774 1780 1921 1825 solum

87 1856 183 1901 vita
213 1854 406 1901 cruciati
428 1862 564 1916 atque
591 1851 818 1908 dedecore,
850 1868 1000 1897 verum
1028 1852 1164 1896 etium
1191 1853 1426 1914 sepultura
1453 1871 1504 1899 nc
1526 1855 1665 1899 iustis
1693 1859 1925 1919 exsequia-

25 1955 31 1987 ιἸ
87 1949 188 1979 rum
212 1939 471 1988 caruerunt,
503 1930 664 1995 quibus
695 1930 780 1975 ver!
799 1930 834 1975 is
861 1928 1098 1991 significari
1135 1931 1309 1976 videtur
1336 1936 1376 1977 Ρ.
1396 1932 1593 1987 Clodius,
1629 1951 1763 1996 quem
1793 1936 1928 1982 talem

27 2055 35 2069 Ι,
89 2008 290 2057 habuisse
317 2010 430 2056 vitae
453 2009 621 2055 exitum
650 2008 759 2054 dicit
783 2010 925 2054 Cicero
953 2025 1028 2069 pro
1057 2008 1143 2053 Mil.
1172 2012 1300 2053 c.13.
1331 2012 1402 2054 33.
1444 2013 1505 2054 Tu
1531 2012 1583 2056 Ρ.
1607 2011 1751 2056 Clodii
1777 2030 1928 2059 cruen-

91 2095 187 2134 tam
233 2086 420 2134 cddaver
451 2086 624 2131 eiecisti
666 2086 822 2142 domo,
875 2094 926 2130 tu
971 2086 1019 2129 iu
1045 2085 1279 2147 publicum
1324 2086 1528 2131 obiecisti
1544 2108 1561 2140 ;
1605 2097 1655 2134 tu
1682 2090 1928 2150 spoliatum

34 2203 35 2206 ,
89 2165 391 2227 imaginibus,
424 2164 679 2226 exsequiis,
703 2179 901 2226 pompa,
936 2163 1221 2218 laudatione,
1263 2163 1597 2222 infelicissimis
1631 2166 1767 2229 lignis
1799 2171 1930 2214 semi-

30 2239 31 2242 *
89 2243 372 2299 ustulatum,
403 2245 633 2290 nocturnis
664 2244 849 2289 canibus
877 2241 1186 2286 dilaniandum
1214 2240 1455 2302 reliquisti.
1502 2245 1747 2303 Quominus
1778 2253 1929 2293 autem

93 2321 168 2367 hos
200 2321 333 2367 libros
364 2323 565 2385 sequenti
597 2322 777 2367 demum
812 2336 925 2367 anno
957 2320 1217 2380 conscriptos
1250 2335 1337 2364 csse
1367 2329 1617 2367 statuamus
1638 2358 1650 2379 ,
1686 2323 1762 2370 hoc
1794 2325 1930 2387 impe-

91 2398 188 2457 dit,
222 2399 337 2462 quod
369 2415 550 2463 sequens
575 2417 717 2446 annus
746 2399 938 2446 Ciceroni
967 2398 1265 2443 necessitatem
1290 2398 1499 2460 imposuit
1517 2401 1757 2461 provinciae
1790 2403 1932 2449 admi-

93 2476 375 2547 nistrandae‚
411 2478 567 2524 unde
554 2494 644 2541 lpse
676 2479 813 2524 redux
842 2478 889 2522 in
921 2477 1031 2538 ipsas
1060 2474 1215 2519 incidit
1242 2473 1347 2519 belli
1378 2476 1517 2521 civilis
1546 2477 1761 2525 flammas.
1813 2481 1931 2527 Conf.

92 2554 234 2613 Bake,
267 2555 504 2616 Prolegom.
532 2555 586 2602 ad
613 2557 700 2603 Cic.
728 2555 780 2600 de
811 2554 955 2617 Legib.
996 2571 1033 2615 p.
1050 2566 1154 2598 xvn
1181 2568 1271 2615 sqq.
1346 2555 1394 2597 E.
1424 2557 1696 2613 Horrmann,
1730 2560 1796 2602 De
1825 2566 1934 2603 tem·

82 2650 222 2699 pore,
252 2649 339 2696 quo
367 2634 587 2681 Ciceronis
616 2634 722 2680 libri
747 2633 800 2678 de
828 2633 1021 2695 Legibus
1048 2632 1209 2693 scripti
1235 2646 1330 2676 esse
1354 2630 1600 2679 videantur.
1668 2637 1931 2695 Detmoldii,

11 2711 39 2749 vi
95 2715 228 2758 1845.
259 2712 323 2759 40.

23 2779 34 2799 ς

22 2802 37 2845 ’ἒ

364 2980 642 3038 ANNUS
700 2978 964 3035 VITAE
1026 2976 1480 3034 CICERONIS
1534 2979 1665 3034 LVI.

424 3134 533 3191 [Kal.
570 3139 736 3179 Ianuar.
770 3134 900 3178 incid.
936 3135 981 3176 in
1017 3135 1057 3175 d.
1097 3138 1124 3175 3
1155 3135 1349 3177 Decemb.
1389 3137 1448 3176 252
1479 3151 1515 3178 a.
1546 3132 1609 3188 e.]

100 3293 137 3323 a.
155 3280 204 3323 U.
222 3281 267 3323 C.
605 3277 719 3318 Coss.
755 3277 861 3318 SER.
897 3275 1155 3315 SULPICIUS
1189 3274 1366 3315 RUFUS.
1772 3294 1808 3321 a.
1827 3280 1877 3324 Α,
1894 3283 1939 3326 c,

137 3369 247 3416 708.
753 3368 806 3409 Μ.
841 3366 1090 3409 CLAUDIUS
1124 3367 1433 3407 MARCELLUS.
1817 3373 1893 3416 51,

180 3499 244 3574 (¹)
287 3499 465 3568 Quum
499 3498 668 3553 veteri
707 3495 1183 3555 senatusconsulto
1224 3503 1443 3552 cautum
1485 3505 1655 3563 esset,
1705 3517 1771 3555 ne
1820 3505 1941 3573 quis

1554 3589 1615 3636 59
