2210 3970
226 236 332 287 726
696 246 1027 284 ANNALES
1081 246 1592 289 c1cnnoN1AN1.

220 386 439 441 apparent
459 410 472 434 ‚
503 392 578 421 uec
602 375 746 420 occuli
763 383 972 436 possunt.
1038 376 1258 421 Plutarch.
1290 376 1373 420 Cic.
1406 393 1441 421 c.
1477 381 1547 422 36.
1581 379 1624 422 2.
1672 380 1772 424 Καὶ
1807 379 1935 442 δῶρα
1968 379 2056 441 μὲν

223 457 339 505 οὐδὲ
381 457 472 502 τῶν
508 453 751 515 βασιλέων
787 454 1022 499 διδόντων
1054 453 1223 514 ἔλαβε,
1275 455 1484 502 δείπνων
1517 456 1571 503 δὲ
1612 460 1729 509 τούς
1755 456 2056 520 ἐπαρχικοῦς

220 537 420 594 ἀνῆκεν·
457 534 605 587 αὐτὸς
633 533 688 580 δὲ
716 536 836 578 καθ’
876 532 1054 595 ἡμέραν
1090 536 1207 586 τούς
1242 539 1498 598 χαρίεντας
1531 536 1858 598 ἀνελάμβανεν
1888 533 2056 583 §oud-

217 633 355 663 σεσιν
390 614 448 662 οὐ
484 615 788 670 πολυτελῶς,
823 614 930 659 ἀλλ’
962 613 1271 675 ἐλευθερίως.

295 733 381 810 (13)
426 733 571 801 Quae
608 751 694 788 res
722 733 896 788 effecit
922 741 981 789 ut
1010 735 1074 788 ab
1107 735 1276 806 Appio
1306 735 1553 802 Claudio,
1594 738 1687 808 qui
1723 736 2055 792 detractione

215 835 547 908 provinciam
587 842 900 898 curaverat,
942 836 1198 888 iniuriam
1223 841 1500 904 pateretur
1528 835 1727 890 Cicer0.
1771 853 1859 890 vn.
1893 855 1938 891 c.
1970 842 2054 891 10.

217 940 284 991 24
311 952 425 1007 sqq.
467 952 511 989 c.
541 939 626 988 11.
665 938 755 990 27.
800 952 845 988 c.
876 938 962 988 12.
1000 939 1090 988 54.

293 1061 379 1135 (14)
422 1060 483 1114 A.
506 1059 556 1113 d.
578 1078 668 1116 vn.
693 1060 810 1116 Kal.
834 1059 1100 1132 Septemb.
1144 1060 1231 1133 [z
1263 1062 1334 1114 24
1364 1059 1514 1118 Sext.
1549 1061 1730 1135 (Aug.)
1759 1067 1864 1117 705
1887 1086 1959 1118 =
1983 1067 2053 1117 22

213 1162 337 1218 Iulii
372 1165 437 1215 51
480 1177 530 1217 a.
557 1160 635 1233 C.]
682 1155 736 1214 in
779 1168 957 1215 castra
997 1161 1144 1215 venit
1182 1167 1234 1214 et
1276 1161 1574 1215 exercitum
1621 1161 1873 1217 lustravit
1914 1163 2056 1235 apud

213 1263 458 1319 Iconium
496 1279 542 1317 a.
576 1262 624 1315 d.
650 1280 725 1316 111.
751 1262 865 1316 Kal.
906 1262 1048 1333 Sept.
1090 1261 1182 1334 [ε.-
1207 1265 1276 1315 28
1303 1261 1449 1318 Sext.
1476 1261 1656 1336 (Aug.)
1679 1282 1755 1314 =
1778 1267 1847 1318 26
1881 1264 2057 1337 Iulii].

216 1364 331 1432 Quo
355 1379 523 1434 quum
556 1380 602 1417 a.
629 1362 680 1416 d.
716 1380 790 1416 111.
828 1362 959 1416 Non.
985 1362 1128 1433 Sept.
1178 1362 1272 1434 [ε.-
1294 1365 1324 1415 5
1352 1361 1495 1432 Sept.
1519 1381 1592 1412 =
1614 1367 1686 1417 50
1708 1362 1852 1436 Iulii]
1892 1363 2055 1435 legati

211 1466 483 1519 venissent
518 1463 583 1518 ab
609 1463 870 1518 Antiocho
897 1463 1255 1533 Commageno
1277 1462 1461 1524 missi,
1498 1462 1707 1517 audivit
1728 1464 2054 1518 Parthorum

214 1580 440 1636 magnas
481 1564 659 1636 copias
694 1562 1027 1635 Euphratem
1071 1563 1303 1618 transire
1342 1563 1596 1635 coepisse.
1639 1581 1730 1621 vn.
1767 1582 1812 1620 c.
1842 1570 1925 1620 15.
1964 1569 2054 1621 58.

214 1685 260 1721 c.
288 1669 374 1721 14.
416 1668 504 1720 59.

293 1790 378 1867 (1⁵)
421 1789 564 1860 Ergo
597 1794 772 1843 castra
807 1788 872 1843 ab
893 1789 1072 1843 Iconio
1095 1789 1289 1853 movit,
1325 1789 1534 1860 iterque
1568 1786 1770 1844 faciens
1799 1807 1895 1862 per
1927 1791 2054 1864 Cap-

211 1892 491 1973 padociam
523 1891 578 1944 in
614 1890 857 1945 Ciliciam
888 1908 994 1945 non
1024 1890 1181 1962 longe
1218 1907 1248 1944 a
1284 1891 1461 1944 Tauro
1495 1897 1673 1945 castra
1705 1893 1883 1963 posuit
1913 1892 2055 1964 apud

212 1992 468 2066 oppidum
525 1990 793 2064 Cybistra.
853 2008 941 2045 vn.
985 2008 1031 2046 c.
1067 1996 1154 2047 15.
1202 1994 1290 2045 41.
1331 2008 1380 2047 c.
1421 1993 1508 2045 16.
1551 1995 1642 2048 45.
1743 1992 1840 2047 Ubi
1885 2010 2054 2063 quum

211 2094 325 2149 dies
359 2092 597 2164 quinque
630 2096 770 2144 esset
811 2097 1088 2153 moratus,
1131 2107 1315 2162 regem
1353 2090 1769 2147 Ariobarzanem
1804 2079 2052 2165 praesen-

209 2182 356 2250 tibus
376 2192 589 2248 insidiis
610 2190 873 2247 liberavit.
907 2208 996 2247 vn.
1029 2209 1074 2248 c.
1105 2196 1188 2247 17.
1218 2195 1310 2248 46.
1342 2209 1387 2247 c.
1412 2196 1496 2247 18.
1522 2197 1592 2247 49
1622 2210 1737 2265 sqq.
1773 2210 1822 2248 c.
1848 2198 1936 2248 51.
1962 2198 2052 2250 85.

272 2295 358 2340 cic.
381 2293 435 2339 ad
465 2298 557 2338 Att.
583 2306 627 2337 V.
656 2295 729 2337 20.
755 2295 798 2337 6.
832 2291 1021 2337 Interim
1048 2293 1152 2337 haee
1182 2293 1386 2355 λαμπρά.
1452 2292 1775 2338 Ariobarzanes
1798 2310 1930 2356 opera
1957 2312 2055 2340 mea

208 2374 350 2430 vivit,-
381 2378 551 2434 regnat.
618 2375 706 2415 Ἐν
737 2371 954 2433 παρόδῳ,
988 2371 1176 2417 consilio
1200 2378 1245 2417 et
1275 2372 1545 2416 auctoritate
1567 2379 1634 2427 et,
1671 2373 1791 2434 quod
1814 2374 2051 2419 insidiato-

210 2451 335 2495 ribus
378 2451 475 2494 eius
510 2448 780 2512 ἀπρόσιτον
812 2467 906 2507 me,
958 2466 1044 2495 non
1082 2450 1208 2495 modo
1247 2450 1618 2512 ἀδωροδόκητον
1646 2451 1865 2513 praebui,
1907 2468 2053 2514 regem

208 2545 478 2590 regnumque
506 2530 689 2573 servavi.
726 2546 762 2574 v.
782 2529 837 2573 ad
854 2546 892 2574 a.
914 2532 1016 2574 703.
1035 2532 1079 2574 2.

288 2639 376 2715 (¹⁸)
419 2640 624 2708 Quibus
664 2638 729 2695 de
775 2639 937 2696 rebus
975 2639 1187 2714 publice
1235 2640 1302 2696 ad
1343 2648 1592 2697 senatum
1626 2642 1836 2697 litteras
1881 2643 2050 2699 misit.

210 2758 302 2827 vn.
341 2758 387 2795 c.
427 2745 517 2796 18.
560 2744 629 2796 47
659 2758 775 2812 sqq.
812 2758 948 2813 quae
981 2742 1036 2795 in
1071 2747 1264 2796 senatu
1298 2744 1556 2798 recitatae
1594 2749 1722 2798 sunt
1756 2742 1919 2798 Nonis
1958 2741 2053 2799 Oc-

210 2840 453 2898 tobribus
488 2841 583 2914 [z
607 2846 637 2895 7
662 2840 845 2897 Octob.
883 2863 942 2894 z
980 2847 1004 2896 1
1034 2842 1203 2916 Sept.]
1240 2861 1330 2898 vn.
1362 2861 1409 2898 c.
1437 2848 1521 2900 19.
1555 2848 1643 2899 55.

224 3044 229 3047 ι
290 2967 376 3043 (¹⁷)
419 2966 549 3023 Inde
589 2967 903 3030 confestim,
947 2967 1264 3024 confirmato
1294 2969 1688 3036 Ariobarzane,
1730 2969 1834 3025 iter
1875 2970 1931 3024 in
1971 2970 2050 3026 Ci-

209 3070 392 3127 liciam
431 3069 559 3125 fecit
597 3086 694 3142 per
727 3070 893 3124 Tauri
928 3069 1109 3143 pylaS‚
1150 3076 1204 3125 et
1235 3087 1283 3125 a.
1325 3070 1380 3126 d.
1414 3089 1489 3126 111.
1526 3072 1660 3127 Non.
1699 3070 1911 3127 Octobr.
1949 3072 2053 3145 [ε.-

212 3177 243 3227 5
302 3170 517 3227 Octobr.
572 3191 629 3220 z:
675 3175 746 3226 50
788 3169 1042 3243 August]
1105 3171 1254 3227 venit
1299 3172 1549 3231 Tarsum.
1606 3190 1694 3228 vn.
1739 3191 1788 3237 c.
1836 3178 1921 3229 18.
1959 3176 2050 3229 52.

213 3288 258 3327 c.
287 3274 376 3326 20.
421 3274 509 3326 54.

290 3396 376 3470 (¹⁸)
420 3397 587 3452 Tarso
646 3398 915 3452 Amanum
980 3413 1168 3452 versus
1230 3398 1503 3470 profectus
1532 3443 1547 3466 ,
1616 3417 1739 3456 eum
1811 3405 2049 3454 montem

214 3496 454 3555 ascendit
484 3514 530 3553 a.
556 3497 607 3559 d.
640 3516 715 3554 111.
747 3497 821 3553 Id.
856 3497 1036 3554 Octob.
1080 3499 1177 3571 [Ξ
1207 3503 1270 3555 15
1304 3499 1486 3558 Octob.
1522 3520 1597 3554 =
1628 3506 1655 3556 7
1688 3500 1887 3577 Sept.];
1930 3499 2053 3565 ubi,
