2210 3970
499 224 553 277 L.
578 223 689 278 vn.
731 241 776 278 e.
801 223 910 277 xx.
955 221 994 295 g
1020 228 1086 276 55
1127 252 1172 261 -
1242 240 1286 274 ο.
1314 223 1448 278 xxi.
1493 224 1531 295 5
1558 229 1645 278 59.
1880 225 1983 276 517

143 374 292 430 ‚Idus
336 372 625 440 OctobreS,
676 391 843 446 quum
902 373 1394 445 advesperasceret,
1451 372 1699 445 expedito
1748 374 1990 428 exercitu

165 477 240 530 ita
274 481 440 532 noctu
482 475 585 530 iter
623 474 723 530 seci
747 518 760 540 ,
814 481 874 530 ut
913 491 960 529 a.
983 474 1034 530 d.
1065 474 1285 529 tertium
1327 473 1453 529 Idus
1493 474 1747 529 Octobres
1769 516 1782 537 ,
1820 488 1989 545 quum

163 575 476 639 inmisceret,
531 575 587 630 in
628 576 895 631 Amanum
940 573 1320 634 ascenderem:
1358 572 1770 645 distributisque
1807 571 1991 627 cohor·

164 673 310 731 tibus
353 680 409 729 et
453 674 705 739 auxiliiS‚
760 675 950 749 (quum
990 674 1109 730 aliis
1147 673 1208 743 Q.
1250 673 1451 738 frater,
1492 673 1736 745 legatus,
1777 688 1990 728 mecum

163 772 360 838 simul,
394 772 515 829 aliis
553 774 607 830 C.
633 776 968 848 Pomptinius
1007 775 1250 847 legatus,
1291 774 1513 847 reliquis
1552 774 1619 829 M.
1661 774 1901 829 Anneius
1938 780 1993 828 et

163 873 220 930 1..
257 872 495 940 Tullius,
533 873 726 946 legati,
766 876 1092 950 praeessent)
1127 875 1406 949 plerosque
1440 892 1538 931 nec
1583 875 1865 948 opinantes
1902 890 1990 947 op-

162 973 494 1045 pressimus,
532 975 626 1047 qui
666 976 830 1030 occisi
869 956 1118 1049 captique
1158 982 1316 1040 sunt,
1356 974 1637 1031 interclusi
1675 973 1820 1045 fuga.
1900 977 1990 1028 157.

162 1072 397 1130 Eranam
428 1080 636 1140 autem,
676 1091 812 1147 quae
851 1074 955 1130 suit
994 1090 1098 1130 non
1130 1076 1237 1130 vici
1270 1075 1466 1139 instar,
1505 1073 1600 1129 sed
1638 1073 1813 1137 urbiS,
1851 1072 1993 1145 quod

162 1179 280 1229 erat
318 1173 511 1229 Amani
547 1181 711 1247 caput
731 1216 746 1240 ,
799 1176 1036 1247 itemque
1076 1174 1337 1248 Sepyram
1386 1180 1443 1229 et
1479 1174 1783 1228 Commorin
1806 1214 1821 1237 ,
1858 1173 1994 1228 acri·

163 1280 246 1330 ter
282 1280 340 1330 et
375 1273 471 1328 diu
509 1274 964 1347 repugnantibuS,
1018 1275 1321 1345 Pomptinio
1359 1274 1506 1328 illam
1546 1280 1754 1344 partem
1800 1274 1993 1327 Amani

160 1378 404 1436 tenente,
443 1387 508 1427 ex
547 1371 867 1428 antelucano
906 1379 1145 1444 tempore
1185 1388 1355 1443 usque
1386 1372 1453 1426 ad
1495 1371 1682 1427 horam
1714 1371 1822 1426 diei
1852 1370 1993 1426 deci·

160 1486 334 1536 mam,
372 1485 570 1542 magna
601 1469 953 1526 multitudine
985 1469 1222 1526 hostium
1256 1472 1463 1535 occisa,
1501 1472 1772 1544 cepimus:
1805 1471 1993 1527 castel·

161 1571 318 1645 laque
343 1585 437 1627 sex
469 1576 653 1644 capta;
691 1570 970 1643 complura
999 1570 1356 1627 incendimus.
1436 1570 1517 1626 Ita
1540 1577 1556 1609 ¹
1598 1571 1824 1627 victoria
1852 1571 1995 1627 iusta

162 1674 522 1746 Imperator
559 1671 857 1747 appellatus
894 1688 1018 1729 sum
1056 1671 1198 1746 apud
1237 1671 1432 1728 Issum.

233 1873 372 1932 XXI.
453 1876 542 1930 258.
582 1872 722 1930 His²
774 1873 936 1931 rebus
987 1875 1063 1931 ita
1114 1876 1282 1947 gestis
1303 1918 1317 1939 ,
1375 1883 1557 1932 castra
1612 1878 1668 1931 in
1722 1874 1996 1932 radicibus

164 1975 359 2033 Amani
421 1974 739 2040 habuimuS,
809 1992 871 2031 ea
923 1977 1040 2049 ipsa
1059 1982 1098 2042 ³,
1163 1993 1302 2049 quae
1367 1983 1556 2033 contra
1621 1978 1845 2034 Darium
1905 1975 1995 2031 ha·

161 2073 354 2132 buerat
391 2074 543 2148 apud
579 2075 756 2138 Issum
801 2074 1118 2132 Alexander.
1210 2076 1290 2132 lbi
1337 2076 1453 2133 dies
1489 2078 1731 2150 quinque
1769 2077 1996 2140 morati,

160 2173 374 2248 direpto
407 2181 463 2232 et
499 2181 709 2231 vastato
746 2175 981 2241 Amano,
1033 2175 1159 2231 inde
1195 2175 1560 2232 discessimuS.
1641 2176 1997 2232 Rumoread-

159 2280 354 2333 ventus
392 2275 598 2340 nostri,
637 2281 693 2330 et
735 2275 945 2341 Cassio,
984 2276 1079 2348 qui
1113 2276 1397 2332 Antiochia
1430 2275 1744 2341 tenebatur,
1779 2277 1999 2332 animus

158 2375 412 2441 accessit,
448 2381 504 2431 et
536 2374 752 2430 Parthis
790 2376 955 2431 timor
986 2377 1220 2432 iniectus
1245 2383 1345 2432 est.
1426 2378 1620 2449 ltaque
1650 2394 1769 2442 eos,
1807 2377 1997 2434 ceden-

159 2482 244 2531 tes
286 2474 354 2531 ah
402 2474 597 2549 oppido
615 2516 632 2541 ‚
686 2474 904 2530 Cassius
942 2476 1252 2542 insecutus,
1291 2492 1406 2532 rem
1445 2475 1580 2532 bene
1617 2477 1802 2548 gessit.
1879 2478 1996 2546 Qua

160 2575 216 2632 in
248 2573 401 2656 fuga,
433 2590 629 2647 magna
661 2575 983 2630 auctoritate
1010 2573 1235 2642 OsaceS‚
1273 2575 1384 2631 dux
1417 2575 1767 2643 Parthorum,
1799 2577 1997 2634 vulnus

159 2676 403 2748 accepit,
453 2691 621 2747 eoque
661 2675 868 2730 interiit
906 2676 1094 2747 paucis
1131 2682 1251 2748 post
1289 2676 1496 2731 diebus,
1576 2677 1708 2732 Erat
1742 2679 1798 2732 in
1839 2678 1997 2753 Syria

163 2781 409 2835 nostrum
447 2792 642 2831 nomen
688 2776 744 2830 in
784 2777 994 2847 gratia;
1037 2775 1380 2849 multumque
1399 2782 1421 2814 ⁴
1460 2783 1578 2832 erat
1616 2778 1674 2831 in
1713 2777 1799 2833 his
1836 2779 1994 2834 locis:

162 2874 418 2930 »Hiccine
458 2880 545 2930 est
583 2874 700 2940 ille,
758 2876 851 2947 qui
892 2875 1130 2932 Urbem?
1172 2894 1334 2949 quem
1374 2883 1595 2932 senatus
1610 2877 1670 2931 ?’'
1767 2883 1856 2934 59.
1898 2879 1995 2934 Ve-

162 2975 284 3031 nit⁵
323 2975 542 3029 interim
570 2974 806 3029 Bibulus.
886 2974 1081 3042 Credo,
1123 2976 1291 3032 voluit
1324 2977 1676 3049 appellatione
1709 2976 1808 3032 hac
1847 2980 1996 3034 inani

161 3074 314 3130 nohis
346 3091 461 3130 esse
494 3091 607 3148 par.
687 3076 751 3130 In
792 3073 979 3130 eodem
1005 3077 1211 3133 Amano
1244 3078 1418 3149 coepit
1457 3077 1748 3132 laureolam
1787 3079 1844 3133 in
1878 3096 1992 3135 mu·

161 3182 338 3232 staceo
364 3193 636 3249 quaerere.
728 3177 796 3230 At
837 3176 923 3231 ille
964 3177 1238 3234 cohortem
1278 3179 1507 3251 primam
1549 3186 1717 3234 totam
1761 3180 1995 3251 perdidit

224 3358 262 3414 ¹)
293 3356 426 3418 Epist.
459 3356 514 3402 ad
547 3359 597 3401 M.
616 3356 808 3402 Caelium
841 3358 917 3415 (ad
936 3363 1051 3405 Fam.
1072 3363 1222 3405 11.10.
1257 3361 1365 3417 §3.)
1399 3383 1458 3391 —-
1490 3361 1531 3416 ⁹)
1548 3359 1682 3420 Epist.
1715 3359 1768 3404 ad
1801 3363 1991 3406 meato-

166 3446 266 3476 nem
299 3432 374 3490 (ad
406 3437 525 3480 Fam.
563 3437 654 3479 XV.
689 3438 730 3479 4.
763 3437 870 3495 §9.)
903 3464 961 3471 —
994 3439 1033 3495 ³)
1066 3437 1121 3483 ad
1156 3440 1248 3483 Att.
1284 3441 1332 3481 V.
1374 3439 1448 3481 20.
1480 3438 1506 3494 §
1534 3440 1576 3482 3.
1608 3463 1667 3472 —
1697 3439 1741 3496 ‘'*)
1771 3438 1903 3500 Epist.
1937 3439 1990 3483 ad

166 3511 218 3553 M.
246 3509 439 3555 Caelium
463 3510 544 3569 (ad
576 3514 697 3556 Fam·
734 3516 791 3558 ll.
827 3518 898 3559 10.
935 3516 1043 3575 §2.)
1076 3541 1133 3549 —-
1166 3518 1207 3574 ⁵)
1239 3515 1289 3560 ad
1329 3517 1423 3559 Att.
1444 3518 1493 3560 V.
1527 3517 1600 3560 20.
1635 3518 1722 3574 §AE
