2158 4030
0 314 4 365 l

0 1274 2 1333 Ε

430 232 484 288 L.
510 234 547 287 1.
592 251 634 286 c.
661 232 819 287 xvll.
863 232 901 305 S
927 236 993 286 53
1035 261 1108 271 —
1148 250 1191 285 c.
1218 232 1401 287 lell.
1447 233 1485 304 g
1511 238 1595 287 56.
1849 235 1916 287 25

113 387 256 453 Quae
289 400 412 440 vero
444 390 691 439 accurate
724 384 1059 454 cogitateque
1091 383 1422 454 scripsisset,
1462 399 1523 437 ea
1550 383 1628 437 sic
1661 383 1768 436 vidi
1803 400 1922 454 pro-

109 486 252 551 bari,
293 491 353 540 ut
377 483 443 540 ad
470 490 711 540 veterum
738 483 1060 555 scriptorum
1087 481 1298 537 laudem
1331 483 1687 554 pervenirent.
1766 483 1922 539 Hunc

109 602 208 657 ego
247 601 351 640 non
396 584 650 657 diligam?
705 600 807 639 non
847 582 1122 638 admirer?
1163 583 1478 655 praesertim
1502 589 1518 621 ¹
1560 600 1728 655 quum
1766 600 1924 638 omne

108 684 235 740 olim
281 684 521 739 studium
565 691 726 756 atque
769 699 924 738 omne
971 683 1247 754 ingenium
1299 682 1588 736 contulerit
1631 682 1698 736 ad
1742 683 1922 755 populi

110 783 335 839 Romani
369 785 594 856 gloriam
620 784 940 857 laudemque
970 781 1377 838 celebrandam?
1455 783 1588 838 Nam
1615 790 1671 838 et
1700 783 1925 838 Cimbri·

107 897 198 939 cas
242 899 331 940 res
363 883 668 941 adolescens
705 884 915 956 attigit,
954 889 1009 939 et
1042 883 1143 955 ipsi
1182 882 1259 938 illi
1298 883 1352 937 C.
1381 882 1575 948 Mario,
1614 883 1708 954 qui
1741 881 1927 937 durior

109 982 175 1038 ad
215 983 344 1039 haec
383 984 563 1040 studia
595 984 903 1048 videbatur,
955 982 1224 1038 iucundus
1260 982 1381 1038 fuit.
1459 981 1926 1038 Mithridaticum²

110 1099 236 1139 vero
272 1083 500 1151 bellum,
538 1100 797 1157 magnum
831 1090 992 1156 atque
1023 1082 1238 1139 difficile
1276 1089 1331 1138 et
1369 1083 1427 1137 in
1463 1080 1635 1137 multa
1665 1083 1926 1138 varietate

107 1189 252 1239 terra
290 1186 534 1257 marique
565 1192 866 1249 versatum,
906 1190 1080 1238 totum
1113 1182 1180 1237 ab
1214 1182 1311 1237 hoc
1345 1198 1657 1254 expressum
1689 1189 1793 1237 est:
1833 1185 1926 1255 qui

106 1281 231 1339 lib-ri
275 1283 381 1338 non
426 1282 581 1337 modo
625 1283 682 1338 L.
716 1281 1030 1347 Lucullum,
1084 1280 1436 1336 fortissimum
1474 1288 1529 1335 et
1567 1281 1927 1337 clarissimum

108 1381 316 1447 virum,
353 1397 542 1437 verum
569 1381 733 1437 etiam
766 1380 946 1454 populi
981 1380 1205 1437 Romani
1240 1396 1431 1436 nomen
1466 1379 1756 1436 illustrant.

181 1582 369 1640 xvuL
449 1588 538 1640 55.
580 1583 684 1641 Sed
703 1590 754 1650 ⁸,
793 1591 857 1640 ut
888 1582 955 1639 ad
988 1584 1319 1657 propositum
1348 1581 1532 1638 redeat
1556 1583 1750 1646 oratio;
1781 1583 1929 1655 equi·

97 1682 227 1740 'dem
247 1688 271 1725 ⁴
303 1685 561 1741 memoria
594 1691 775 1750 teneo,
828 1684 1011 1757 pueris
1050 1683 1203 1740 nobis
1235 1684 1476 1757 primum
1515 1682 1702 1739 Latine
1739 1682 1931 1739 docere

105 1785 340 1858 coepisse
384 1784 443 1840 L.
479 1784 711 1841 Plotium
757 1784 1073 1857 quemdam:
1126 1783 1194 1840 ad
1226 1800 1388 1857 quem
1420 1801 1589 1857 quum
1626 1783 1776 1839 lieret
1806 1801 1929 1839 con-

105 1900 327 1952 cursus,
355 1885 496 1960 quod
529 1885 958 1942 studiosissimus
985 1887 1216 1959 quisque
1242 1885 1384 1958 apud
1411 1902 1537 1941 eum
1563 1892 1930 1948 exerceretur,

105 1985 347 2042 dolebam
391 1985 526 2042 mihi
567 1984 709 2042 idem
750 2002 855 2040 non
900 1985 1080 2042 licere.
1159 1986 1480 2042 Continebar
1516 1993 1698 2041 autem
1735 1984 1929 2040 doctis·

105 2086 366 2141 simorum
416 2084 696 2140 hominum
748 2086 1068 2141 auctoritate
1089 2127 1104 2151 ,
1157 2087 1250 2158 qui
1288 2086 1668 2142 existimabant
1713 2085 1931 2141 Graecis

49 2185 56 2195 ‘
108 2185 583 2242 marcitationibus
620 2184 691 2241 ali
726 2185 919 2241 melius
958 2187 1174 2258 ingenia
1213 2202 1383 2259 posse.
1461 2185 1610 2242 Nec⁵
1648 2187 1811 2241 etiam
1844 2203 1931 2242 me

107 2285 208 2342 hoc
249 2271 377 2340 iam*
410 2284 590 2340 dicere
639 2284 891 2358 pudebit,
945 2302 1040 2341 nos
1079 2303 1170 2351 ea,
1222 2304 1359 2359 quae
1397 2287 1672 2345 consecuti
1705 2303 1895 2341 sumus
1917 2327 1930 2351 ‚

106 2385 197 2441 his
216 2385 413 2442 studiis
437 2391 492 2440 et
522 2384 732 2440 artibus
757 2402 873 2440 esse
898 2385 1146 2458 adeptoS,
1185 2403 1325 2459 quae
1356 2387 1467 2442 sint
1500 2387 1653 2442 nobis
1678 2386 1931 2443 Graeciae

107 2485 469 2542 monumentis
515 2484 922 2559 disciplinisque
970 2487 1216 2543 traditae.
1308 2488 1527 2557 Quare⁸
1573 2489 1737 2543 etiam
1784 2503 1932 2543 meos

107 2587 334 2651 amicos,
362 2586 420 2641 in
452 2585 648 2658 quihus
681 2592 763 2641 est
796 2586 1067 2653 studium,
1110 2589 1165 2642 in
1199 2588 1478 2643 Graeciam
1511 2589 1699 2653 mitto,
1733 2587 1787 2642 id
1820 2596 1931 2654 est,

109 2686 175 2742 ad
214 2686 442 2743 Graecos
488 2686 568 2741 ire
607 2685 791 2751 iuben,
844 2694 907 2742 ut
944 2704 1007 2742 ea
1057 2705 1089 2742 a
1134 2686 1371 2743 sontibus
1417 2688 1596 2760 potius
1642 2687 1929 2753 hauriant,

109 2802 270 2860 quam
285 2785 497 2843 rivulos
523 2794 917 2843 consectentur.
998 2792 1086 2844 56.
1129 2788 1512 2845 Verumtamen
1532 2795 1555 2826 ⁷
1586 2788 1688 2843 hoc
1718 2789 1838 2844 dico
1864 2789 1931 2844 dc

106 2893 219 2942 toto
236 2904 430 2960 genere
461 2888 818 2944 Graecorum:
850 2889 1027 2944 tribuo
1047 2889 1152 2943 illis
1171 2888 1410 2954 litteraS,
1437 2888 1504 2943 do
1530 2889 1826 2944 multarum
1846 2906 1928 2944 ar·

106 2987 246 3043 'tium
278 2987 644 3060 disciplinam,
671 3005 777 3043 non
809 2988 987 3044 adimo
1019 2990 1280 3045 sermonis
1299 2990 1561 3061 leporem,
1590 2990 1928 3060 ingeniorum

108 3105 367 3155 acumen,
415 3089 626 3145 dicendi
666 3091 907 3162 copiam;
957 3091 1186 3164 denique
1225 3091 1416 3155 etiam,
1467 3091 1512 3144 si
1545 3106 1650 3163 qua
1688 3091 1791 3146 sibi
1824 3091 1929 3146 alia

170 3309 209 3367 ¹)
241 3307 353 3354 Ibid.
376 3308 474 3353 c.9.
509 3308 625 3365 §190
657 3333 716 3341 -—
750 3310 790 3367 ²)
822 3307 932 3353 thid.
961 3324 996 3353 c.
1015 3310 1056 3353 9.
1085 3311 1200 3367 ᾗ21.
1235 3334 1294 3342 -
1325 3309 1365 3366 ³)
1392 3310 1601 3353 Tusc.1V.
1628 3310 1722 3353 ολ.
1754 3311 1839 3367 §5.
1869 3335 1928 3344 —

110 3385 151 3442 4)
183 3386 351 3446 Fragm.
384 3383 517 3446 Epist.
547 3384 601 3429 ad
623 3388 674 3429 M.
691 3385 929 3443 Titinium,
961 3386 1076 3448 apud
1108 3390 1282 3431 Sueton.
1300 3383 1354 3428 de
1384 3385 1494 3431 Clar.
1527 3386 1699 3432 Rhetor.
1733 3391 1827 3433 (22.
1860 3390 1926 3447 (in

108 3459 214 3506 edit.
231 3460 384 3507 Nobbii
416 3478 456 3522 p.
475 3464 594 3507 1309
613 3495 627 3518 ,
659 3478 700 3506 n.
719 3464 846 3522 222.)
876 3490 935 3497 —
968 3467 1010 3522 ⁵)
1042 3464 1095 3509 ad
1122 3464 1340 3523 Quintum
1373 3466 1440 3508 Fr.
1460 3467 1492 3509 1.
1518 3467 1558 3510 1.
1591 3481 1627 3510 c.
1647 3467 1689 3513 9.
1721 3467 1833 3524 §28.
1867 3492 1924 3500 —-

110 3540 150 3597 6)
180 3537 381 3585 Acadcm.
404 3541 561 3585 Poster.
594 3542 627 3584 Ι.
663 3556 697 3585 c.
719 3543 758 3587 2.
794 3543 877 3598 §8.
911 3569 968 3577 —
1004 3545 1042 3599 7)
1074 3558 1149 3603 pro
1172 3541 1321 3588 Flacco
1341 3556 1374 3586 c.
1399 3545 1437 3587 4.
1472 3544 1555 3599 §9.
