2210 3970
706 234 938 275 Annus
988 236 1036 274 υ.
1097 234 1144 274 c.
1206 223 1332 275 710.
1828 226 1935 279 797

109 373 293 414 senatus
306 367 527 428 frequens
555 381 597 410 a.
629 364 670 410 d.
702 378 809 411 vm.
838 365 1062 411 Kalendas
1093 365 1349 411 Decembres
1379 367 1464 424 [Ξ
1479 367 1539 410 24
1556 363 1766 425 Novb1.];
1795 383 1844 411 eo
1871 368 1943 412 die

108 444 206 507 ipse
228 459 315 489 non
346 441 516 502 adsuit.
548 468 608 477 —
641 444 772 487 Diem
804 443 939 489 edicti
970 444 1088 489 obire
1118 443 1346 505 neglexit:
1380 443 1428 486 in
1454 450 1559 487 ante
1590 442 1704 487 diem
1731 452 1940 505 quartum

108 521 334 567 Kalendas
366 519 622 565 Decembres
653 520 847 567 distulit.
911 521 1074 566 Adesse
1106 523 1154 567 in
1190 520 1410 582 Capitolio
1441 520 1592 564 iussit.
1627 545 1687 554 -—-
1717 521 1944 582 Scriptum

108 601 327 648 attulerat
351 598 601 646 consularis
617 598 799 659 quidam
816 601 1092 644 sententiam.
1126 626 1186 634 --
1218 615 1252 643 c.
1281 601 1322 643 9.
1351 601 1423 642 24.
1456 597 1548 651 Ac,
1581 612 1634 640 ne
1661 597 1758 641 sine
1784 615 1945 643 caussa

106 678 333 724 videretur
368 676 594 733 edixisse,
642 684 695 720 ut
737 685 918 722 senatus
960 678 1134 722 adesset
1152 700 1168 732 ,·
1199 694 1334 738 quum
1364 675 1417 719 de
1458 672 1684 734 republica
1716 675 1943 722 relaturus

98 757 280 819 ficisset
295 776 314 812 ‚·
344 753 487 799 allato
512 753 670 798 nuntio
702 753 754 798 de
784 754 952 816 legione
987 756 1160 814 Quarta
1181 785 1194 809 ,
1221 761 1363 798 mente
1405 750 1626 797 concidit:
1676 760 1749 808 et,
1773 753 1943 815 sugere

99 834 371 894 festinans,
411 830 846 878 senatusconsultum
890 832 942 877 de
972 832 1298 894 supplicatione
1331 848 1413 893 per
1450 830 1760 874 discessionem
1788 831 1910 889 seeit
1928 866 1943 889 ‚

107 928 245 974 quum
281 910 332 957 id
353 910 540 970 sactum
577 918 693 955 esset
727 918 859 955 antea
899 928 1150 973 numquam.
1199 927 1235 956 c.
1270 915 1342 955 10.
1411 910 1533 968 Quae
1580 925 1680 954 vero
1717 911 1944 971 profectio

102 988 308 1052 postea?
341 987 461 1050 quod
486 989 575 1033 iter
596 987 837 1048 paludati!
885 989 1067 1050 Appian.
1101 993 1148 1036 Β.
1182 993 1225 1035 C.
1256 1001 1327 1034 111.
1361 1004 1398 1035 c.
1427 992 1499 1034 45.
1560 988 1852 1053 Συναγαγὼν
1883 989 1939 1038 δέ

109 1068 194 1127 τήν
217 1066 422 1129 βουλήν,
458 1064 523 1120 ὡς
549 1070 856 1129 μεμψόμενος
889 1072 1108 1131 Καίσαρι
1134 1071 1245 1131 περὶ
1274 1068 1367 1114 τῶν
1395 1066 1763 1130 πεπραγμένων,
1795 1068 1944 1116 έσιὼν

108 1145 227 1207 ἤδη,
263 1146 506 1208 μανθάνει
553 1146 650 1192 τῶν
681 1148 923 1209 τεσσάρων
953 1148 1103 1194 τελῶν
1150 1146 1204 1193 τὸ
1251 1147 1549 1206 καλούμενον
1585 1150 1786 1210 Ἀρειον
1819 1151 1941 1197 κατὰ

106 1226 194 1286 τήν
223 1224 335 1273 ὁδὸν
374 1225 424 1279 ἐς
451 1227 673 1288 Καίσαρα
714 1230 1120 1287 μετατεθεῖσθαι.
1182 1228 1285 1272 Καὶ
1316 1225 1448 1288 αὐτῷ
1489 1226 1573 1284 τήν
1608 1228 1806 1274 εἴσοδον
1838 1227 1944 1276 ἔπι-

107 1306 286 1364 σχόντι
320 1322 372 1352 τε
408 1307 490 1352 καὶ
521 1305 840 1368 διαποροῦντι
875 1306 1188 1370 ἀγγέλλεται,
1224 1310 1305 1353 καὶ
1342 1307 1397 1353 τό
1436 1307 1731 1366 καλούμενον
1770 1307 1946 1372 Τέταρ·

110 1401 194 1431 τον
244 1383 423 1447 ὁμοίως
472 1394 576 1438 τοῖς
619 1388 838 1448 Ἀρείοις
875 1384 926 1438 ἇς
961 1390 1190 1449 Καίσαρα
1230 1387 1634 1448 μετατεθεῖσθαι.
1698 1391 1943 1450 Διαταρα-

109 1465 256 1522 χθεὶς
275 1458 363 1511 οὖν
386 1465 591 1523 εἰσῆλθε
607 1462 695 1526 μέν
723 1463 773 1518 ές
807 1464 863 1511 τὸ
879 1464 1221 1528 βουλευτήριον
1240 1482 1251 1494 ·
1289 1463 1352 1517 ὡς
1378 1465 1454 1522 δ’,
1481 1462 1557 1523 ἐφ’
1589 1463 1729 1528 ἕτερα
1759 1468 1946 1522 αὐτούς

108 1543 413 1608 συναγαγὼν,
458 1545 609 1605 μικροὶ
643 1544 913 1605 διελέχθη,
964 1550 1044 1592 καὶ
1085 1545 1247 1598 εὐθύς
1288 1546 1371 1592 ἐπὶ
1419 1545 1505 1597 τὰς
1545 1547 1700 1598 πύλας
1736 1545 1943 1610 ἐχώρει,

106 1626 190 1670 καὶ
225 1623 321 1671 ἀπὸ
356 1625 452 1671 τῶν
487 1624 652 1670 πυλῶν
681 1624 764 1672 ἐπὶ
810 1625 997 1686 '‘AI-530²*
1027 1627 1202 1681 πόλιν,
1239 1622 1303 1676 ὡς
1334 1626 1638 1685 μεταπείσων
1671 1628 1790 1678 τους
1826 1627 1943 1673 ἀπο-

105 1703 330 1757 στάντας.
391 1704 707 1763 Βαλλόμενος
747 1705 791 1749 δ’
831 1705 928 1752 ἀπὸ
970 1709 1059 1753 τοῦ
1110 1708 1332 1762 τείχους,
1380 1703 1674 1766 ἀνέστρεφε·
1718 1711 1800 1754 καὶ
1837 1718 1942 1762 τοῖς

105 1780 278 1837 ἄλλοις
329 1781 492 1831 τέλεσι
550 1781 888 1845 προσέπεμπεν
938 1783 1029 1829 οἷνοὶ
1077 1788 1400 1836 πεντακοσίας
1452 1784 1669 1845 δραχμάς
1719 1786 1943 1850 ἑκάστῳ·

105 1863 188 1910 καὶ
222 1865 317 1911 σύν
347 1854 422 1917 οἷς
447 1859 761 1919 algen-aetde-
798 1862 850 1915 ἐς
879 1863 1087 1926 Τίβυρον
1119 1863 1274 1924 ἐξῄει,
1306 1864 1478 1922 σκευήν
1512 1866 1634 1923 ἔχων
1686 1868 1769 1926 τήν
1803 1872 1943 1928 συνή-

100 1946 174 2005 θη
206 1952 310 1998 τοῖς
351 1943 435 1992 ἐπὶ
479 1946 598 1997 τούς
641 1944 880 2006 πολέμους
929 1942 1137 1995 ἐξιοῦσι.
1202 1948 1302 1990 Καὶ
1349 1947 1437 2008 γάρ
1486 1946 1573 2005 ἤδη
1616 1949 1774 2006 σαφής
1819 1944 1875 2008 ἢν
1921 1950 1947 1995 ό

105 2026 348 2088 πόλεμος,
397 2023 593 2087 Δέκμου
637 2023 721 2083 τήν
766 2024 1011 2081 Κελτικήν
1058 2023 1117 2070 οὐ
1158 2022 1439 2085 μεθιέντος.
1471 2052 1532 2060 -
1563 2044 1598 2072 c.
1635 2033 1706 2075 4⁶.
1770 2027 1826 2075 ‘O
1856 2028 1946 2090 μὲν

102 2103 163 2163 δή
195 2129 256 2140 —
290 2102 339 2158 ές
378 2106 435 2152 τὸ
470 2106 731 2166 Ἀρίμινον
768 2101 1132 2165 προεπέμπετο,
1185 2104 1309 2150 ὅθεν
1353 2101 1490 2172 ἔστὶν
1519 2105 1547 2163 ἡ
1585 2111 1667 2166 τῆς
1698 2110 1942 2167 Κελτικῆς

104 2182 250 2247 ἀριή-

178 2287 264 2364 (³¹)
320 2289 447 2345 Post
497 2290 717 2346 Antonii
776 2288 1074 2344 discessum
1097 2330 1111 2354 ,
1173 2287 1387 2351 Cicero,
1451 2290 1543 2361 qui
1604 2289 1942 2363 aliquantum

23 2427 28 2463 3
95 2390 356 2463 temporis
409 2398 772 2446 commoratus
823 2397 939 2446 erat
976 2390 1029 2443 in
1073 2388 1250 2454 villis,
1306 2405 1354 2444 a.
1391 2389 1441 2444 d.
1478 2408 1528 2445 v.
1571 2390 1648 2446 Id.
1693 2393 1941 2451 Decemb.

101 2490 198 2563 [ε
217 2493 253 2547 9
282 2490 556 2565 Decemh.]
618 2492 674 2545 in
722 2491 918 2547 Urbem
972 2489 1154 2545 rediit.
1237 2490 1308 2545 Et
1347 2507 1515 2562 quum
1564 2494 1687 2547 novi
1734 2494 1942 2549 tribuni

8 2591 26 2594 ⁴‘
93 2606 143 2647 a.
177 2589 230 2647 d.
267 2609 379 2647 xm.
414 2590 530 2647 Kal.
570 2591 785 2646 Ianuar.
834 2590 921 2664 [··-.-
947 2593 1018 2645 20
1046 2589 1324 2663 Decemb.]
1365 2599 1614 2648 senatum
1654 2611 1940 2650 convocas-

95 2697 246 2758 sent,
285 2697 348 2747 ut
384 2690 450 2747 de
488 2691 756 2763 praesidio
797 2691 961 2745 Hirtii
1001 2697 1055 2745 et
1092 2691 1296 2746 Pansae
1336 2700 1619 2764 ageretur,
1664 2696 1778 2767 ipse
1823 2714 1942 2752 sen-

8 2837 33 2872 t:
94 2792 323 2847 tentiam
370 2799 592 2864 rogatus
650 2809 712 2847 ea
771 2791 934 2856 dixit,
978 2808 1115 2863 quae
1147 2791 1458 2864 complexus
1513 2801 1595 2848 est
1635 2794 1939 2869 Philippica

95 2893 266 2949 tertia.
357 2892 576 2949 Censuit
621 2899 803 2949 autem
856 2909 943 2947 res
989 2909 1114 2955 eaS,
1177 2909 1310 2964 quas
1366 2892 1690 2950 Octavianus
1744 2897 1940 2953 Caesar

93 2995 329 3066 egisset,
379 2994 593 3067 publica
633 2994 953 3049 auctoritate
1003 2993 1433 3058 confirmandas;
1491 2994 1758 3067 legioneS,
1799 3016 1938 3072 quae

24 3099 35 3169 ᾖ
93 3094 389 3150 Antonium
433 3093 834 3159 deseruissent,
887 3093 1213 3157 laudandas;
1261 3095 1390 3153 Dec.
1433 3096 1692 3164 Brutum,
1745 3101 1839 3171 qui
1878 3119 1937 3156 se

94 3195 327 3252 Antonio
372 3196 429 3251 in
483 3195 650 3251 Gallia
706 3195 1021 3262 obiecisset,
1082 3196 1399 3251 ornandum.
1501 3199 1639 3253 Tum
1695 3199 1820 3255 Scto
1877 3203 1934 3258 in

27 3317 41 3370 j
97 3295 237 3353 hanc
269 3297 594 3354 sententiam
639 3295 777 3353 facto
808 3297 1021 3363 (licem,
1056 3298 1110 3351 in
1150 3298 1459 3353 concionem
1482 3299 1810 3371 productuS,
1847 3321 1937 3375 po-

32 3401 44 3450 'r
95 3397 254 3469 pulo,
312 3416 449 3474 quae
501 3404 621 3457 acta
669 3405 722 3456 et
787 3398 1000 3456 decreta
1063 3405 1274 3465 essent,
1333 3402 1581 3475 exposuit
1632 3401 1933 3477 Philippica

31 3518 49 3569 ᾗ
97 3508 298 3570 quarta.
