2150 3990
435 240 490 294 L.
518 240 576 292 V.
620 257 664 294 c.
689 237 874 295 XXXI.
915 236 955 312 S
979 242 1051 293 80
1087 267 1162 277 -—-
1201 255 1246 291 c.
1270 237 1507 294 xxxin.
1550 238 1590 311 S
1614 243 1700 293 84.
1872 241 1972 293 251

157 391 266 462 qui
311 390 776 464 rempublicam
827 388 1066 445 salvam
1118 387 1387 453 vellent,
1440 395 1969 443 convocarentur.

157 489 307 558 Quod
352 506 647 562 numquam
687 494 904 545 senatus
950 490 1004 544 in
1051 488 1330 544 universae
1368 488 1693 560 reipublicae
1737 487 1975 559 periculo

156 590 420 656 decrevit,
445 589 514 646 jd
547 592 602 645 in
635 591 797 646 unius
829 607 950 647 mea
979 589 1151 646 salute
1182 588 1545 645 conservanda
1577 587 1975 644 decernendum

155 692 380 763 putavit.
459 694 549 746 82.
591 691 874 747 Proximus
895 697 911 730 ⁸
961 696 1042 746 est
1085 689 1213 745 huic
1252 689 1505 761 dignitati
1542 688 1674 743 ordo
1710 695 1975 761 equester.

154 790 351 848 Omnes
389 792 631 847 onmium
670 792 1078 865 publicanorum
1112 792 1399 847 societates
1431 789 1497 846 de
1536 806 1656 844 meo
1693 789 1975 845 consulatu

155 906 237 970 ac‘
256 890 327 946 de
371 892 508 947 meis
543 892 704 949 rebus
741 894 908 964 gestis
945 891 1276 964 amplissima
1313 897 1475 962 atque
1506 890 1850 946 ornatissima
1888 889 1974 945 de-

152 997 300 1047 creta
338 991 598 1050 fecerunt.
680 993 896 1049 Scrihae
916 1035 932 1058 ,
979 993 1078 1065 qui
1116 992 1396 1047 nobiscum
1431 992 1491 1046 >in
1530 990 1828 1046 rationibus
1865 1007 1976 1046 mo·

152 1093 532 1165 numentisque
564 1092 793 1166 puhlicis
823 1098 1137 1159 versantur,
1176 1108 1282 1148 non
1321 1092 1610 1148 obscurum
1643 1090 1709 1147 de
1746 1092 1881 1146 meis
1921 1092 1977 1146 in

153 1192 541 1265 rempublicam
586 1193 860 1249 beneficiis
910 1211 1071 1249 suum
1124 1193 1385 1248 iudicium
1430 1193 1815 1264 decretumque
1865 1208 1982 1248 esse

154 1291 454 1348 voluerunt.
523 1292 751 1348 'Nullum
783 1293 949 1347 estin
982 1291 1082 1346 hac
1116 1291 1248 1346 urhe
1280 1292 1589 1361 collegium,
1629 1291 1763 1345 nulli
1789 1294 1983 1362 pagani

153 1396 252 1447 aut
266 1391 534 1457 montani,
562 1391 839 1465 (quoniam
861 1390 1033 1463 plebei
1053 1407 1267 1462 quoque
1288 1390 1526 1445 urbanae
1551 1391 1785 1446 maiores
1811 1393 1981 1447 nostri

151 1491 525 1548 conventicula
593 1498 650 1548 et
706 1492 862 1564 qnasi
913 1491 1138 1547 consilia
1189 1490 1452 1563 quaedam
1504 1507 1623 1547 esse
1671 1491 1979 1565 voluerunt)

151 1592 246 1666 qui
284 1608 390 1648 non
428 1592 788 1666 amplissime,
828 1609 934 1648 non
973 1591 1130 1647 modo
1167 1591 1234 1647 de
1272 1591 1445 1648 salute
1483 1608 1633 1657 mea,
1684 1592 1778 1648 sed
1814 1594 1981 1650 etiam

151 1692 218 1748 de
261 1692 524 1765 dignitate
575 1690 928 1750 decreverint.
1008 1696 1098 1748 85.
1141 1692 1281 1760 Quid
1333 1708 1432 1763 ego
1470 1692 1560 1747 illa
1598 1692 1781 1748 divina
1819 1700 1983 1767 atque

150 1793 478 1850 inmortalia
512 1794 939 1867 municipiorum
986 1799 1042 1849 et
1098 1793 1431 1849 coloniarum
1482 1799 1538 1848 et
1582 1794 1749 1849 totius
1796 1794 1985 1853 ltaliae

150 1893 850 1961 decmazcommemorem,
890 1895 1087 1967 quibus
1126 1900 1403 1967 tamquam
1442 1894 1702 1966 gradihus
1739 1896 1874 1951 mihi
1906 1898 1981 1953 vi-

151 1994 281 2052 deor
317 1995 386 2052 nin
410 1995 634 2053 scaelum
670 1993 1009 2062 ascendisse,
1057 2012 1163 2051 non
1207 1993 1383 2051 solum
1404 1995 1478 2049 *sin
1529 1995 1761 2066 patriam
1804 2012 1982 2053 rever·

151 2095 312 2152 tissa?
348 2115 362 2149 ᾳ
378 2094 930 2162 nmmo-civitatum,
963 2097 1269 2161 nationum,
1297 2096 1698 2168 provinciarum
1713 2138 1728 2161 ,
1762 2113 1952 2168 regum
1969 2138 1985 2161 ,

151 2194 298 2252 orbis
314 2196 565 2270 denique
588 2203 868 2253 >terrarum
907 2197 974 2252 de
1005 2197 1144 2252 meis
1176 2197 1233 2251 in
1264 2212 1452 2251 omnes
1487 2196 1744 2252 mortales
1772 2198 1986 2253 meritis

152 2312 334 2354 unum.
373 2297 644 2363 indit-‚ium
703 2312 983 2370 unumque
1033 2312 1383 2352 consensum:
1445 2296 1568 2367 quis
1586 2301 1610 2334 ²
1658 2304 1742 2352 est
1798 2297 1984 2354 Italiae

151 2396 330 2465 loeus,
367 2399 595 2472 aineaquo
622 2415 738 2454 snon
778 2398 946 2453 fixum
992 2398 1064 2453 sit
1102 2398 1159 2451 in
1196 2396 1428 2468 publicis
1466 2399 1834 2453 monumentis
1871 2405 1981 2455 stu·

152 2498 302 2555 dium
323 2499 531 2556 :salutis
556 2514 713 2555 'meae
727 2539 741 2564 ,
780 2497 1152 2554 testimonium
1191 2496 1508 2569 dignitatis?

204 2698 462 2758 xxxm.
519 2706 632 2757 ⁴84.
670 2700 787 2756 :Iam
807 2700 951 2773 -quid
1003 2715 1102 2771 ego
1154 2697 1244 2753 illa
1281 2697 1348 2753 de
1383 2714 1480 2752 ⁴me
1516 2697 1699 2753 divina
1737 2707 1977 2756 senatus-

151 2801 395 2858 consulta
428 2799 886 2857 eommemorem?
926 2799 1009 2855 vel
1047 2830 1124 2841 -—-
1161 2798 1304 2871 quod
1341 2799 1400 2853 in
1450 2798 1651 2871 templo
1688 2799 1829 2855 Iovis
1877 2801 1978 2874 Op-

150 2901 274 2957 timi
297 2900 517 2956 Maximi
550 2900 753 2956 factum
785 2907 898 2965 est,
936 2915 1106 2972 quum
1137 2900 1224 2954 vir
1255 2901 1330 2964 is,
1369 2900 1464 2971 qui
1496 2899 1800 2971 tripartitas
1835 2901 1981 2958 orbis

150 3008 422 3057 terrarum
455 3017 595 3056 -oras
643 3006 807 3073 atque
852 3001 1098 3072 regiones
1137 3000 1313 3056 trihus
1359 3000 1652 3072 triumphis
1694 3000 1979 3058 adiunctas

150 3101 278 3158 huic
309 3102 538 3175 imperio
575 3100 810 3165 notavit,
844 3100 916 3156 de
953 3102 1156 3175 scripto
1187 3102 1455 3158 sententia
1491 3100 1666 3166 dieta,
1705 3102 1840 3157 mihi
1880 3105 1976 3161 uni

152 3203 602 3259 testimonium
640 3202 906 3275 patriae
956 3210 1378 3259 conservatae
1421 3201 1604 3256 dedit?
1656 3203 1815 3258 cuius
1858 3221 1974 3260 sen-

151 3306 376 3361 tentiam
415 3307 490 3361 ita
535 3303 1003 3376 frequentissimus
1052 3312 1271 3362 senatus
1310 3310 1528 3359 secutus
1565 3310 1648 3359 est
1669 3347 1683 3368 ‚
1736 3311 1796 3361 ut
1836 3321 1976 3362 unus

216 3538 255 3594 ¹)
288 3547 361 3595 pro
386 3537 519 3581 Domo
551 3550 626 3580 sua
656 3550 689 3578 c.
711 3535 780 3576 23.
817 3534 932 3588 §u
967 3559 1023 3568 —
1059 3537 1095 3592 ²)
1130 3550 1200 3595 pro
1233 3534 1372 3580 Sextio
1404 3539 1526 3580 ceo.
1561 3537 1708 3591 §128
