2150 3990
734 1265 933 1336 'tmen
981 1264 1290 1318 Tamus,

183 1466 222 1522 1.
308 1471 353 1522 1.
396 1466 756 1537 Designatus¹
801 1465 985 1522 consul
1013 1480 1182 1537 quum
1222 1480 1394 1529 eram,
1428 1464 1639 1535 qualem
1683 1464 1931 1519 Kalendis

32 1625 35 1629 ,
107 1566 372 1630 Ianuariis
397 1572 719 1639 accepturus
745 1583 917 1623 essem
952 1565 1369 1639 rempublicam,
1405 1565 1794 1638 intelligebam
1828 1565 1931 1638 ple·

108 1684 231 1725 nam
265 1667 671 1733 sollicitudiniS,
712 1668 922 1741 plenam
956 1668 1194 1723 timoris:
1239 1669 1292 1722 in
1326 1683 1430 1740 qua
1465 1667 1599 1723 nihil
1632 1675 1749 1723 erat
1781 1668 1935 1731 mali,

32 1755 45 1768 ⁸
109 1769 242 1825 nihil
274 1769 533 1836 adversi,-
553 1770 695 1843 quod
729 1787 842 1826 non.
868 1769 992 1826 boni
1027 1776 1361 1834 metuerent,
1403 1769 1630 1843 improbi
1664 1777 1933 1842 exspecta·

26 1888 32 1895 ·
109 1875 245 1928 rent.
326 1868 517 1927 Omnia
555 1869 868 1926 turbulenta
908 1870 1131 1926 consilia
1171 1877 1358 1925 contra
1397 1877 1570 1925 totum
1612 1870 1937 1943 reipublicae

109 1974 311 2026 statum
344 1975 398 2025 et
431 1976 618 2026 contra
650 1970 925 2043 publicum
952 1972 1122 2026 otium
1150 1972 1348 2044 partim
1377 1972 1534 2036 iniri,
1573 1973 1771 2043 partim
1806 1972 1940 2025 inita

111 2086 226 2125 esse
265 2069 598 2126 dicebantur.
679 2071 899 2126 Sublata
932 2078 1047 2126 erat
1073 2071 1139 2125 de
1174 2070 1284 2125 soro
1318 2070 1448 2126 fides
1482 2087 1586 2125 non
1622 2072 1734 2125 ictu
1760 2070 1940 2142 aliquo

111 2186 278 2226 novae
315 2170 638 2226 calamitatis
658 2213 672 2235 ‚
713 2171 805 2226 sed
839 2172 1142 2243 suspicione
1181 2188 1243 2226 ac
1282 2171 1683 2243 perturbatione
1717 2170 1937 2225 iudicio-

112 2287 264 2337 rum,
306 2271 666 2328 infirmatione
685 2289 868 2328 rerum
891 2271 1278 2327 iudicatarum:
1322 2290 1489 2328 novae
1519 2272 1937 2335 dominationeS,

113 2370 536 2445 extraordinaria
571 2388 675 2428 non
710 2372 935 2445 imperia
957 2413 970 2435 ‚
1011 2371 1103 2427 sed
1138 2389 1331 2444 regna,
1371 2372 1556 2444 quaeri
1591 2372 1936 2444 putabantur.
1998 2407 2001 2412 ι

115 2475 165 2525 2.
214 2470 646 2544 Exspectabam²
676 2471 884 2542 igitur,
937 2471 1066 2543 quid
1115 2472 1366 2527 tribunus
1413 2473 1581 2545 plebis
1621 2473 1849 2544 vigilans
1875 2480 1941 2526 ·et

112 2577 306 2626 acutus
357 2572 701 2642 excogitaret.
781 2571 910 2626 Mihi
932 2577 953 2610 ⁸
998 2572 1143 2626 enim
1194 2571 1547 2627 deliberatum
1587 2580 1642 2628 et
1680 2574 1938 2628 constitu·

113 2677 231 2728 tum
262 2678 415 2738 erat,
454 2673 532 2727 ita
569 2689 755 2743 gerere
787 2672 1157 2738 consulatum,
1197 2691 1303 2745 quo
1337 2691 1443 2728 uno
1477 2674 1631 2729 modo
1671 2676 1785 2745 geri
1820 2692 1936 2745 gra·

55 2831 57 2834 Α
112 2772 251 2831 viter
275 2778 330 2828 et
361 2771 526 2828 libere
551 2779 749 2845 potest,
784 2780 844 2828 ut
865 2790 1037 2845 neque
1057 2774 1388 2846 provinciam
1405 2816 1419 2838 ‚
1461 2791 1633 2846 neque
1659 2774 1938 2838 honorem,

17 2879 19 2889 ²
59 2886 61 2889 ⁴
115 2887 288 2942 neque
318 2878 693 2928 ornamentum
721 2873 935 2946 aliquod
968 2880 1064 2928 aut
1096 2874 1465 2939 commodum,
1506 2891 1679 2946 neque
1711 2891 1825 2930 rem
1860 2875 1936 2929 ul-

114 2972 251 3037 lam,
290 2987 428 3043 quae
471 2989 503 3028 a
547 2973 764 3039 tribuno
807 2974 976 3046 plebis
1020 2976 1269 3048 impediri
1311 2978 1501 3048 possit,
1541 2983 1790 3048 appetere
1834 2976 1937 3031 vel-

113 3072 219 3138 lem
246 3114 262 3138 ,
321 3090 678 3147 cuperemque
710 3081 732 3113 ⁴
793 3076 1075 3132 tribunum
1127 3077 1296 3149 plebis
1359 3077 1686 3149 reipublicae
1738 3079 1938 3133 iratum

116 3174 386 3238 coercere,
426 3173 559 3230 mihi
590 3175 789 3230 iratum
824 3183 1180 3233 contemnere.
1243 3179 1499 3250 ltaque⁵‚
1534 3185 1596 3233 ut
1618 3179 1773 3233 initio
1801 3179 1931 3232 mihi

183 3431 222 3488 ¹)
251 3428 305 3474 de
345 3429 374 3474 l.
409 3433 508 3491 Agr.
546 3435 602 3475 11.
629 3447 663 3475 c.
690 3436 733 3476 3.
775 3432 866 3489 §8.
902 3459 958 3467 —-
993 3437 1031 3492 9)
1064 3434 1118 3479 de
1150 3434 1178 3478 l.
1214 3437 1314 3494 Agr.
1349 3438 1382 3478 1.
1408 3451 1443 3481 c.
1465 3439 1503 3481 1.
1540 3440 1564 3494 §
1593 3442 1633 3481 3.
1669 3465 1723 3471 -
1759 3441 1798 3497 ⁵)
1834 3438 1940 3483 ibid.

115 3507 211 3550 e.8.
249 3508 363 3565 525.
395 3534 452 3543 -
484 3510 524 3567 4)
560 3508 668 3557 [bid.
703 3511 817 3566 §w
853 3539 907 3545 —
949 3514 987 3569 ⁵)
1020 3512 1073 3557 de
1106 3513 1134 3559 l.
1173 3512 1272 3572 Agr.
1310 3515 1362 3556 ΙΙ.
1397 3527 1432 3556 c.
1452 3517 1491 3557 5.
1528 3515 1642 3572 §11.

1586 3591 1660 3637 7*
