2210 3970
194 189 301 242 612
654 203 981 242 ANNALES
1038 204 1546 246 c1ceRoN1AN1.

259 330 488 375 Suetonius
517 333 628 375 Caes.
661 345 701 374 c.
727 334 798 376 12.
832 331 1098 379 Subornavit
1131 335 1266 378 etiam
1296 336 1376 395 qui
1411 336 1454 378 0.
1484 333 1666 379 Rabirio
1703 335 2026 395 perduellionis

197 407 312 452 diem
353 408 546 453 diceret:
598 424 682 467 quo
716 410 960 469 praecipuo
1017 411 1248 469 adiutore,
1296 412 1470 473 aliquot
1512 419 1618 456 ante
1648 429 1813 470 armos,
1861 416 1911 461 L.
1942 417 2026 458 Sa-

202 483 376 534 lumini
421 485 681 532 seditiosum
713 490 988 534 tribunatum
1029 497 1210 533 senatus
1243 497 1516 534 coercuerat:
1561 506 1613 534 ac
1654 498 1771 535 sorte
1806 490 1944 535 iudex
1981 493 2031 535 in

203 579 326 606 reum
353 561 539 618 ductus,
572 572 663 609 tam
691 566 847 627 cupide
875 567 1200 623 condemnavit,
1231 574 1284 612 ut
1309 566 1370 610 ad
1388 567 1604 631 populum
1625 571 1888 631 provocanti
1913 570 2035 615 nihil

203 656 339 700 aeque
380 657 431 684 ac
467 640 632 685 iudicis
669 643 888 687 acerbitas
911 644 1156 704 profuerit.
1230 643 1308 688 Dio
1339 658 1519 694 xxxvu.
1550 663 1586 692 c.
1612 651 1684 693 26.
1719 653 1761 694 1.
1781 652 1948 701 ,Τίτος
1980 647 2033 695 δὲ

200 717 262 776 δή
295 718 541 780 Λαβιηνος
572 723 733 766 Γάϊον
770 721 1025 784 “Ραβίριον
1057 720 1138 768 ἒπὶ
1173 723 1237 786 τῷ
1277 727 1364 769 τοῦ
1394 729 1724 788 Σατουρνίνου
1755 730 1887 791 φόνῳ
1924 742 2037 790 γρα-

206 799 418 858 ψάμενος
451 796 680 845 πλεῖστόν
711 817 856 857 σφισι
891 801 1102 862 τάραχον
1134 787 1372 863 παρέσχεν
1394 835 1403 849 .
1440 805 1469 850 ὅ
1505 822 1555 851 τε
1589 809 1676 870 γάρ
1707 811 2034 871 Σατουρνῖνος

205 877 298 940 πρὸ
327 877 377 929 ἕξ
409 894 502 925 που
530 883 612 924 καὶ
648 883 910 941 τριάκοντα
944 878 1064 924 ἐτῶν
1093 878 1372 936 ἐτεθνήκει,
1411 886 1492 928 καὶ
1521 886 1580 929 τά
1611 887 1732 932 κατὰ
1772 886 1858 932 τὸν
1887 888 2035 932 πόλε-

202 973 294 1019 μον
330 955 414 1002 τὸν
440 957 558 1018 πρὸς
597 956 747 1004 αὐτὸν
788 960 834 1004 οἱ
869 957 1051 1004 ὕπατοι
1087 960 1201 1006 τότε
1234 961 1362 1021 παρὰ
1402 964 1485 1018 τῆς
1529 962 1705 1022 βουλῆς
1740 966 2036 1028 προσετετά-

206 1052 359 1093 χατο,
393 1035 516 1107 ὥστε
547 1034 573 1095 ἦ
607 1041 833 1103 γερουσία
865 1036 1037 1100 ἄκυρος
1064 1036 1117 1082 ἐκ
1142 1040 1229 1083 τοῦ
1262 1038 1579 1103 δικαστηρίου
1604 1040 1794 1091 ἐκείνου
1825 1044 1917 1090 τῶν
1941 1058 2040 1105 ψη-

200 1118 463 1177 φισμάτων
489 1114 731 1181 ἐγίγνετο.
768 1116 858 1162 κάκ
894 1119 1073 1163 τούτου
1111 1120 1206 1169 πᾶς
1238 1117 1266 1163 ὁ
1311 1118 1494 1181 κόσμος
1532 1122 1616 1177 τῆς
1642 1124 1895 1175 πολιτείας
1926 1121 2038 1168 ἑτα-

205 1197 406 1257 ράττετο
423 1210 436 1224 ·
466 1195 493 1241 ὁ
511 1195 597 1256 μὲν
616 1198 703 1260 γὰρ
724 1194 973 1258 Ῥαβίριος
999 1195 1106 1242 οὐδ’
1132 1194 1371 1260 ὡμολόγει
1391 1198 1477 1244 τὸν
1499 1201 1674 1257 φόνον,
1698 1200 1806 1249 ἀλλ’
1828 1199 2038 1264 ἄπαρνος

205 1268 284 1338 ἢν·
324 1275 372 1320 οἱ
401 1273 457 1321 δὲ
480 1274 722 1338 δήμαρχοι
756 1275 842 1333 τήν
870 1292 921 1321 τε
949 1279 1096 1334 ἰσχύν
1124 1279 1205 1322 καὶ
1239 1276 1324 1336 τήν
1352 1276 1552 1329 ἀξίωσιν
1580 1282 1665 1336 τῆς
1689 1279 1864 1340 βουλῆς
1897 1298 2038 1327 κατα-

204 1353 351 1400 λῦσαι
384 1356 628 1410 παντελῶς
659 1357 989 1416 ἐσπούδαζον,
1036 1360 1118 1403 καὶ
1153 1355 1376 1408 ἐξουσίαν
1407 1357 1601 1411 ἑαυτοῖς
1635 1363 1723 1406 τοῦ
1758 1362 1910 1406 πάνθ’
1946 1361 2042 1407 ὅσα

202 1432 461 1495 βούλοιντο
502 1444 663 1481 ποιεῖν
705 1437 1173 1499 προπαρεσκεύαζον.
1211 1436 1311 1486 κτὲ.
1388 1436 1505 1483 Conf.
1556 1442 1710 1507 Meyer.
1749 1442 1869 1484 Orat.
1914 1442 2038 1484 Rom.

201 1516 375 1574 Fragm.
399 1525 501 1558 LXV.
538 1518 608 1558 13.
643 1532 683 1576 p.
703 1519 806 1559 371.

275 1658 338 1732 (⁸)
381 1659 640 1732 Sequitur
659 1661 829 1714 oratio
861 1661 925 1715 de
952 1661 1364 1731 proscriptorum
1394 1661 1557 1732 filiis,
1597 1677 1730 1732 quos
1751 1702 1767 1725 ,
1803 1660 2042 1733 paternis

204 1759 392 1831 opibus
420 1766 473 1816 et
500 1761 850 1846 petendorum
878 1761 1140 1816 honorum
1175 1762 1293 1816 iure
1314 1761 1558 1816 exclusos
1579 1778 1614 1815 a*
1633 1760 1804 1825 Sulla,
1834 1761 2042 1815 tribuni

202 1860 371 1937 plebis
404 1860 470 1915 ad
503 1862 853 1932 magistratus
881 1861 1283 1937 promovebant.
1324 1879 1399 1919 111.
1433 1879 1479 1915 e.
1505 1864 1555 1916 9.
1593 1863 1684 1921 26.
1721 1879 1765 1915 e.
1790 1864 1877 1915 55.
1918 1865 2041 1919 115.

267 1960 458 2007 Velleius
486 1975 536 2006 11.
569 1978 604 2006 c.
623 1965 698 2008 28.
727 1966 767 2007 4.
800 1962 1031 2008 Adiectum
1059 1963 1193 2009 etiam
1219 1969 1272 2006 ut
1304 1961 1415 2006 bona
1435 1955 1791 2022 proscriptorum
1817 1962 2014 2006 venirent
2027 1982 2045 2015 ,-

206 2039 464 2100 exclusique
481 2041 688 2101 paternis
714 2040 872 2100 opibus
905 2040 1035 2090 liberi
1051 2073 1064 2096 ‚
1095 2040 1236 2098 etiam
1254 2038 1547 2100 petendorum
1579 2038 1790 2083 honorum
1820 2040 1918 2083 iure
1938 2057 2047 2101 pro-

207 2118 486 2175 hiberentur,
515 2117 762 2178 simulque,
791 2118 910 2181 quod
933 2117 1295 2182 indignissimum
1318 2124 1413 2173 est,
1445 2124 1698 2161 senatorum
1711 2116 1817 2176 filii
1845 2125 1892 2176 et>
1915 2133 2047 2163 onera

210 2197 381 2242 ordinis
413 2199 684 2245 sustinerent
714 2203 758 2241 et
788 2196 891 2244 iura
914 2194 1166 2256 perderent.
1240 2195 1429 2255 Quintil.
1458 2206 1521 2241 11.
1552 2210 1588 2238 c.
1623 2199 1663 2238 1.
1701 2197 1771 2243 85.
1807 2194 2048 2244 Mollienda

213 2282 280 2318 est
311 2276 361 2319 in
385 2273 617 2336 plerisque
644 2274 735 2319 alio
771 2273 913 2320 colore
955 2275 1179 2334 asperitas
1212 2274 1430 2322 orationis
1447 2306 1462 2330 ‚
1504 2263 1557 2316 ut
1593 2273 1740 2316 Cicero
1773 2271 1825 2316 de
1848 2274 2047 2334 proscri-

205 2362 388 2414 ptorum
412 2354 563 2400 liberis
582 2353 716 2412 fecit.
764 2351 886 2410 Quid
910 2353 1024 2396 enim
1045 2351 1302 2407 crudelius,
1334 2366 1468 2412 quam
1485 2350 1704 2410 homines,
1740 2351 1936 2397 honestis
1961 2369 2046 2413 pa·

212 2430 412 2479 rentibus
454 2447 505 2474 ac
542 2431 785 2475 maioribus
823 2438 975 2491 natos,
1008 2447 1036 2475 a
1067 2429 1294 2491 republica
1325 2430 1632 2484 summoveri?
1694 2432 1855 2493 Itaque
1888 2430 2048 2475 durum

213 2507 266 2557 id
301 2524 395 2551 esse
426 2524 625 2552 summus
662 2507 742 2551 ille
781 2506 1114 2555 tractandorum
1156 2508 1405 2555 animorum
1442 2507 1618 2571 artifex
1659 2508 1932 2570 confitetur:
1975 2508 2056 2553 sed

214 2585 284 2636 ita
317 2585 489 2646 legibus
532 2584 687 2629 Sullae
727 2584 954 2629 cohaerere
985 2591 1156 2628 statum
1187 2585 1389 2629 civitatis
1426 2584 1659 2646 affirmat,
1700 2591 1754 2632 ut
1786 2585 1856 2628 his
1888 2584 2052 2630 solutis

215 2672 336 2716 stare
363 2654 464 2724 ipsa
495 2679 582 2708 non
599 2664 765 2724 possit.
827 2662 1070 2718 Assecutus
1105 2662 1258 2723 itaque
1286 2669 1378 2718 est,
1411 2667 1466 2704 ut
1497 2659 1676 2722 aliquid
1705 2676 1852 2705 eorum
1880 2653 2052 2723 quoque

215 2735 376 2798 caussa
402 2741 625 2787 videretur
635 2742 819 2801 facere,
852 2748 1005 2785 contra
1021 2756 1132 2800 quos
1148 2739 1324 2786 diceret.
1368 2737 1534 2784 Plinius
1546 2741 1597 2785 H.
1616 2740 1663 2782 N.
1682 2752 1769 2786 vu.
1786 2755 1821 2784 c.
1842 2742 1914 2784 30.
1933 2742 2051 2799 (31.)

215 2815 278 2871 'Te
305 2822 383 2878 (M.
401 2820 541 2879 Tulli)
568 2827 720 2865 orante
737 2853 750 2876 ‚
774 2819 1131 2880 proscriptorum
1162 2816 1323 2862 liberos
1351 2815 1533 2860 honores
1551 2823 1706 2877 petere
1722 2816 1908 2877 puduit.
1974 2818 2052 2862 Dio

218 2895 401 2944 XXXVII.
433 2914 469 2942 c.
488 2894 560 2943 2'5.
595 2904 635 2944 3.
669 2899 728 2944 Οἱ
758 2897 844 2962 γοὶρ
874 2895 1116 2959 δήμαρχοι
1150 2894 1237 2942 τὸν
1263 2897 1534 2944 ’Λντώνιον
1560 2892 1643 2943 τὸν
1671 2893 1858 2942 ὕπατον
1890 2895 2050 2956 ὁμοιο-

223 2971 541 3040 τροπώτατόν
564 2994 740 3036 σφισιν
770 2975 889 3024 ὄντα
914 2975 1302 3042 προσλαβόντες,
1338 2974 1365 3020 ό
1387 2972 1476 3036 μέν
1501 2992 1576 3027 τις
1605 2975 1723 3027 τούς
1751 2974 1930 3028 παῖδας
1956 2974 2048 3021 τῶν

220 3057 317 3110 ὑπὸ
347 3042 437 3110 τοῦ
470 3042 666 3109 Σύλλου
682 3042 984 3109 ἕνπεσόντων
1010 3055 1129 3118 πρὸς
1161 3044 1246 3108 τοὶς
1273 3053 1424 3118 ἀρχάς
1449 3046 1585 3117 ἦγεν·
1621 3053 1649 3099 ὁ
1673 3051 1727 3100 δὲ
1759 3051 1861 3100 κτὲ.
1925 3053 2049 3098 Plut-

220 3137 345 3189 arch.
374 3138 469 3188 Cic.
507 3153 544 3182 c.
578 3140 650 3185 12.
689 3141 730 3186 1,
776 3141 932 3189 Τοῦτο
969 3134 1055 3196 μὲν
1098 3137 1147 3187 οἱ
1194 3132 1514 3195 κεκωλυμένοι
1551 3132 1673 3180 nard
1720 3134 1834 3185 τούς
1877 3132 2053 3178 Σύλλα

224 3219 402 3279 νόμους
436 3218 637 3277 ἄρχειν,
676 3217 782 3264 οὔτ’
815 3217 1042 3268 ἀσθενεῖς
1074 3215 1209 3270 ὄντες
1242 3215 1355 3261 οὗτ’-
1386 3213 1574 3278 ὀλίγοι,
1609 3214 1862 3275 μετιόντες
1899 3211 2053 3272 ἀρχάς

224 3297 580 3362 ἐδημαγώγουν,
619 3299 774 3345 πολλὰ
817 3301 901 3356 τῆς
927 3298 1103 3343 Σύλλα
1137 3294 1416 3359 τυραννίδος
1450 3292 1612 3351 ἀληθῆ
1642 3290 1730 3353 μὲν
1763 3295 1844 3338 καὶ
1878 3291 2050 3337 δίκαια

222 3381 628 3440 κατηγοροῦντες,
685 3378 741 3425 οὐ
779 3378 871 3439 μήν
902 3375 954 3423 ἐν
985 3375 1148 3422 δέοντι
1192 3375 1276 3434 τήν
1319 3375 1573 3421 πολιτείαν
1606 3369 1724 3418 οὐδὲ
1755 3373 1850 3418 σύν
1893 3371 2046 3434 καιρῷ

220 3463 500 3519 κινοῦντες,
551 3463 699 3505 τοῦτο
742 3456 796 3507 δὲ
829 3459 1001 3524 νόμους
1034 3459 1226 3522 εἰσῆγον
1260 3456 1309 3503 οἱ
1347 3452 1588 3519 δήμαρχοι
1620 3450 1737 3515 πρὸς
1769 3451 1855 3511 τήν
1890 3451 2047 3514 αὐτην

2151 3455 2174 3490 ,ν’
2201 3485 2210 3511 ’.ἢ
