2210 3970
257 295 361 352 754
716 302 1044 343 ANNALES
1099 303 1612 344 οιοΕΒοΝιΑΝι.

327 437 391 512 (⁶)
431 436 648 499 Caesar,
691 434 821 489 dum
869 433 1228 489 Alexandrino
1272 434 1409 489 bello
1458 435 1847 500 distinebatur,
1898 414 2087 493 multis

253 540 308 592 in
343 537 476 592 locis
506 551 698 608 parum
734 533 969 588 secunda
1012 550 1144 588 usus
1184 541 1264 589 est
1301 534 1533 592 fortuna.
1577 555 1650 591 1x.
1685 553 1731 591 ο.
1755 541 1806 592 9.
1843 541 1933 592 25.

327 637 464 692 Nam
501 637 566 690 in
605 635 761 693 Asia
800 634 1132 699 Pharnaces,
1170 634 1502 690 Mithridatis.
1534 635 1678 690 filius
1700 679 1715 702 ,
1745 653 1926 709 pugna
1965 653 2090 692 cum

258 739 350 794 Cn.
388 737 621 793 Domitio
654 735 869 791 Calvino
902 752 1153 807 prospere
1188 742 1375 807 gesta,
1414 737 1647 792 Pontum
1679 738 1977 810 occupavit.

316 838 462 883 Livius
490 837 604 898 Epit.
639 839 742 881 112.
794 836 973 880 Bellum
1016 852 1043 879 a
1080 837 1152 880 Cn.
1193 838 1391 881 Domitio
1435 846 1590 882 contra
1620 838 1896 882 Pharnacem
1929 845 2099 899 parum

248 932 462 978 prospere
490 923 679 976 gestum.
755 919 919 958 Auctor
951 913 1003 956 de
1036 918 1081 957 Β.
1109 913 1229 957 Alex.
1264 929 1300 957 c.
1331 917 1403 958 34.
1446 916 1567 958 Dum
1594 914 1699 958 haec
1722 916 1772 959 in
1797 916 1993 976 Aegypto
2017 931 2092 975 ge-

255 1001 448 1048 runtur,
490 1007 570 1035 rea*
608 991 849 1041 Deiotarus
880 990 942 1036 ad
972 991 1219 1038 Domitium
1256 990 1517 1046 Calvinum,
1549 992 1626 1036 cui
1659 993 1820 1036 Caesar
1851 993 2006 1036 Asiam
2025 993 2093 1053 fi-

256 1071 529 1131 nitimasque
560 1069 817 1130 provincias
850 1067 1232 1111 administrandas
1261 1067 1588 1125 transdiderat,
1621 1070 1774 1126 venit,
1807 1079 2008 1126 oratum,
2038 1087 2094 1114 ne

258 1149 510 1194 Armeniam
541 1148 776 1202 minorem,
825 1162 1007 1206 regnum
1040 1161 1196 1200 suum,
1228 1161 1332 1189 neve
1375 1146 1720 1206 Cappadociam,
1753 1163 1936 1208 regnum
1967 1149 2094 1191 Ario-

261 1227 495 1283 barzanis,
531 1224 761 1287 possideri
791 1226 1051 1285 vastarique
1079 1232 1312 1286 pateretur
1340 1241 1369 1269 a
1411 1225 1655 1274 Pharnace.
1688 1251 1744 1260 —-
1781 1241 1817 1273 ο,
1845 1229 1917 1271 41.
1950 1225 2095 1271 Phar-

262 1321 425 1362 naces,
473 1305 604 1349 rebus
635 1302 840 1348 secundis
883 1302 1060 1359 elatus,
1109 1321 1245 1365 quum
1293 1302 1344 1348 de
1381 1304 1566 1347 Caesare
1598 1319 1681 1359 ea,
1725 1318 1838 1364 quae
1881 1303 2066 1363 optabat
2082 1339 2102 1364 ‚-

262 1389 489 1445 speraret,
536 1383 730 1427 Pontum
763 1380 963 1424 omnibus
995 1382 1135 1442 copiis
1163 1381 1423 1443 occupavit:
1456 1381 1606 1442 ibique
1639 1387 1683 1424 et
1708 1380 1849 1424 victor
1873 1388 1916 1424 et
1944 1379 2097 1424 crude-

263 1462 466 1507 lissimus
487 1476 592 1516 rex,
625 1477 759 1520 quum
785 1459 873 1502 sibi
889 1459 1129 1517 fortunam
1145 1467 1381 1520 paternam
1397 1457 1612 1516 feliciore
1639 1466 1795 1503 eventu
1825 1458 2096 1515 destinaret,

263 1540 410 1586 multa
436 1536 601 1599 oppida
634 1538 936 1598 expugnavit5
969 1536 1080 1581 bona
1115 1538 1278 1581 civium
1303 1538 1600 1585 Romanorum
1625 1538 1999 1597 Pontio-oramque
2031 1536 2100 1580 ‹li-

264 1618 410 1679 ripuit
429 1636 446 1671 ;
488 1615 714 1677 supplicia
746 1615 983 1659 constituit
1011 1616 1060 1659 iu
1093 1631 1189 1671 eos,
1224 1615 1304 1676 qui
1332 1613 1533 1674 aliquam
1555 1614 1737 1673 formae
1769 1623 1904 1676 atque
1935 1616 2101 1665 aetatis

264 1694 678 1740 commendationem
707 1693 947 1748 habebant,
981 1709 1032 1736 ea
1059 1710 1171 1753 quae
1198 1700 1338 1737 morte
1360 1700 1506 1737 essent
1527 1693 1786 1748 miseriora;
1817 1695 2098 1754 Pontumque

265 1773 391 1819 nullo
431 1772 722 1833 defendente,
758 1778 998 1830 paternum
1039 1787 1223 1831 regnum
1254 1786 1302 1814 se
1332 1771 1548 1831 recepisse
1579 1771 1815 1834 glorians,
1859 1771 2095 1815 obtinebat.

265 1853 455 1914 Appian.
485 1856 531 1897 B.
558 1854 599 1896 C.
637 1863 686 1894 11.
725 1865 761 1894 e.
782 1851 855 1893 91.
901 1846 950 1894 ‘O
974 1846 1028 1894 δὲ
1065 1850 1370 1911 (Φαρνάκης)
1408 1849 1496 1907 ἤδη
1527 1846 1614 1910 μὲν
1645 1849 1873 1913 εἴργαστο
1911 1850 2098 1904 πολλοὶ,

268 1934 354 1978 καὶ
379 1930 694 1993 περιεσπάκει
724 1929 832 1974 τινὰ
858 1923 1112 1986 Ῥωμαίων
1128 1933 1304 1991 χωρία,
1343 1932 1425 1975 καὶ
1446 1930 1670 1991 Δομιτίῳ
1687 1931 1935 1989 Καίσαρος
1959 1944 2101 1988 στρα-

267 2011 393 2074 τηγῷ
431 2011 743 2065 συνενεχθεὶς
782 2008 830 2060 ἐς
868 2010 1056 2068 μάχην,
1100 2007 1366 2067 ἐνενικήκει
1399 2011 1526 2054 πανύ
1565 2008 1819 2070 λαμπρῶς·
1863 2010 1945 2052 καὶ
1981 2007 2102 2069 τῷδε

269 2092 484 2151 μάλιστα
515 2088 774 2150 ἐπαρθεὶς,
812 2088 1024 2146 ’Λμισὸν
1050 2089 1194 2133 πόλιν
1219 2087 1271 2133 ἑν
1304 2089 1368 2151 τῷ
1395 2090 1567 2148 Πόντῳ
1586 2121 1598 2143 ,
1633 2087 1997 2149 ῥωμαΐζουσαν,
2031 2085 2103 2137 ἐξ·

270 2167 662 2230 ηνδραπόδιστο,
713 2169 794 2212 καὶ
840 2168 958 2218 τούς
993 2167 1171 2220 παῖδας
1205 2167 1370 2213 αὐτῶν
1408 2171 1580 2228 τομίας
1613 2166 1875 2225 ἐπεποίητο
1908 2167 2104 2217 πάντας.

268 2246 386 2292 Conf.
421 2247 497 2291 Dio
525 2258 638 2292 1111.
665 2261 701 2290 e.
722 2248 781 2289 45
814 2261 875 2307 sq.
941 2245 1161 2291 Plutarch.
1196 2250 1309 2291 Caes.
1346 2262 1382 2291 c.
1401 2250 1475 2291 50.
1539 2249 1722 2292 Zonaras
1747 2259 1790 2291 x.
1824 2260 1860 2289 c.
1880 2248 1952 2291 10.

347 2384 410 2460 (⁷)
453 2384 523 2440 In
552 2383 825 2457 Illyrico
861 2383 921 2437 A.
959 2383 1248 2448 Gabinius,
1286 2383 1488 2456 praelio
1530 2400 1656 2438 oum
1689 2382 1932 2437 barbaris
1966 2382 2105 2437 male

271 2486 586 2550 commiss0,
639 2501 896 2555 magnum
951 2486 1153 2539 amittit
1200 2486 1439 2540 militum
1479 2501 1769 2540 numerum
1819 2489 1873 2538 et
1920 2483 2110 2558 paucis

268 2585 545 2642 mensibus
583 2591 736 2656 post,
790 2601 1001 2638 summa
1036 2584 1353 2640 difficultate
1392 2602 1637 2658 pressuS,
1693 2584 1878 2644 morbo
1918 2585 2103 2656 periit.

276 2706 348 2743 1x.
389 2705 438 2744 ο.
462 2691 515 2741 9.
558 2690 648 2740 25.

335 2791 501 2833 Auctor
532 2784 585 2828 de
617 2788 667 2836 B,
698 2784 818 2829 Alex.
846 2799 882 2827 c.
903 2786 975 2828 42.
1011 2784 1103 2828 Sub
1130 2785 1247 2829 idem
1278 2793 1452 2847 tempus
1477 2787 1525 2831 in
1553 2785 1741 2848 Illyrico
1778 2793 1846 2833 est
1876 2785 2107 2833 incommo-

274 2865 378 2911 dum
409 2870 662 2924 acceptum.-
695 2888 754 2895 —
792 2861 936 2919 Quum
969 2860 1274 2907 diversissima
1297 2873 1433 2924 parte
1463 2865 1582 2909 orbis
1615 2872 1834 2908 terrarum
1878 2865 1951 2907 Cn,
1979 2864 2109 2906 Pom·

272 2944 424 2998 poium
453 2943 615 2985 Caesar
639 2941 780 2984 victor
806 2948 1089 3000 sequeretur,
1122 2941 1454 3005 compluresque
1474 2943 1752 2987 adversarios
1774 2943 1824 2986 in
1844 2940 2107 3004 Illyricum,

234 3040 238 3044 ¹
270 3027 455 3086 propter
489 3017 774 3065 Macedoniae
804 3018 1215 3081 propinquitatem,
1262 3037 1334 3077 se,
1377 3022 1585 3083 reliquiis
1627 3038 1683 3068 ex
1710 3021 1836 3081 fuga
1878 3019 2112 3075 collectis,

275 3097 519 3147 contulisse
545 3096 748 3150 audiret,
782 3096 959 3140 litteras
978 3096 1043 3140 ad
1071 3097 1308 3142 Gabinium
1339 3100 1511 3155 mittit,
1543 3099 1617 3147 uti
1642 3097 1754 3148 cum*
1774 3097 2019 3158 legionibus
2052 3096 2111 3139 ti-

275 3192 431 3221 ronum
449 3205 461 3228 ‚
499 3190 612 3235 quae
644 3191 786 3234 nuper
818 3182 945 3218 erant
976 3175 1274 3235 conscriptae,
1300 3176 1668 3237 proficisceretur
1690 3178 1739 3220 in
1765 3176 2003 3238 Illyricum
2024 3201 2108 3217 -.

275 3271 311 3300 c.
330 3258 404 3300 43.
440 3253 683 3306 Gabinius,
716 3259 770 3296 ut
800 3253 849 3296 in
880 3251 1120 3314 Illyricum
1151 3252 1301 3308 venit,
1335 3252 1513 3297 hiberno
1542 3262 1735 3317 tempore
1766 3255 1874 3298 ann-i
1904 3270 1956 3297 ac
1986 3251 2108 3313 diffi-

275 3331 386 3388 cili,
433 3331 526 3375 sive
563 3329 849 3390 copiosiorem
881 3330 1157 3392 provinciam
1197 3330 1490 3388 existimans,
1533 3333 1626 3379 sive
1668 3331 1860 3378 multum
1893 3329 2108 3387 fortunae

275 3409 459 3454 victoris
497 3407 700 3451 Caesaris
732 3407 958 3464 tribuens,
991 3408 1083 3451 sive
1113 3408 1279 3451 virtute
1311 3416 1355 3452 et
1381 3410 1573 3460 scientia
1597 3427 1681 3455 sua
1710 3408 1910 3470 confisus
1928 3443 1940 3464 ‚
1976 3423 2124 3467 quam?

277 3501 408 3549 saepe
431 3489 480 3531 in
513 3486 642 3531 bellis
661 3486 952 3546 periclitatus
968 3519 981 3539 ,
1015 3501 1201 3546 magnas
1227 3501 1298 3529 res
1325 3493 1370 3529 et
1392 3487 1606 3531 secundas
1640 3487 1776 3532 ductu
1807 3501 2002 3546 ausoque
2029 3501 2109 3529 suo
2184 3495 2186 3498 ’

274 3572 504 3629 gesserat5
534 3580 672 3625 neque
696 3564 952 3624 provinciae
969 3563 1282 3622 facultatibus
1308 3566 1648 3625 sublevabatur,
1681 3581 1794 3627 quae
1813 3563 1987 3625 partim
2014 3569 2111 3608 erat
