<?xml version="1.0" encoding="UTF-8"?>
<!DOCTYPE html PUBLIC "-//W3C//DTD XHTML 1.0 Transitional//EN"
    "http://www.w3.org/TR/xhtml1/DTD/xhtml1-transitional.dtd">
<html xmlns="http://www.w3.org/1999/xhtml" xml:lang="en" lang="en">
 <head>
  <title>
</title>
<meta http-equiv="Content-Type" content="text/html;charset=utf-8" />
  <meta name='ocr-system' content='tesseract 3.04.00' />
  <meta name='ocr-capabilities' content='ocr_page ocr_carea ocr_par ocr_line ocrx_word'/>
</head>
<body>
  <div class='ocr_page' id='page_1' title='image "./mtulliiciceronis00suriuoft/mtulliiciceronis00suriuoft_0591.png"; bbox 0 0 2210 3970; ppageno 0'>
   <div class='ocr_carea' id='block_1_1' title="bbox 793 228 2017 284">
    <p class='ocr_par' dir='ltr' id='par_1_1' title="bbox 793 228 2017 284">
     <span class='ocr_line' id='line_1_1' title="bbox 793 228 2017 284; baseline -0.002 -1"><span class='ocrx_word' id='word_1_1' title='bbox 793 242 1024 284; x_wconf 69' lang='lat' dir='ltr'><em>Annus</em></span> <span class='ocrx_word' id='word_1_2' title='bbox 1080 243 1127 283; x_wconf 84' lang='grc' dir='ltr'><strong>υ.</strong></span> <span class='ocrx_word' id='word_1_3' title='bbox 1178 245 1223 282; x_wconf 86' lang='lat' dir='ltr'><em>c.</em></span> <span class='ocrx_word' id='word_1_4' title='bbox 1277 230 1405 282; x_wconf 83' lang='lat'><strong>675.</strong></span> <span class='ocrx_word' id='word_1_5' title='bbox 1909 228 2017 280; x_wconf 74' lang='lat'><em>565</em></span> 
     </span>
    </p>
   </div>
   <div class='ocr_carea' id='block_1_2' title="bbox 174 369 2028 2001">
    <p class='ocr_par' dir='ltr' id='par_1_2' title="bbox 174 369 2028 2001">
     <span class='ocr_line' id='line_1_2' title="bbox 181 369 2020 435; baseline -0.002 -17"><span class='ocrx_word' id='word_1_6' title='bbox 181 380 235 419; x_wconf 80' lang='lat' dir='ltr'><em>ut</em></span> <span class='ocrx_word' id='word_1_7' title='bbox 265 371 423 419; x_wconf 82' lang='lat' dir='ltr'><em>Idibus</em></span> <span class='ocrx_word' id='word_1_8' title='bbox 450 373 779 435; x_wconf 71' lang='lat' dir='ltr'><strong><em>Septembribus</em></strong></span> <span class='ocrx_word' id='word_1_9' title='bbox 811 376 873 433; x_wconf 89' lang='lat' dir='ltr'><em>[a.</em></span> <span class='ocrx_word' id='word_1_10' title='bbox 893 377 1022 434; x_wconf 82' lang='lat'><strong>671.]</strong></span> <span class='ocrx_word' id='word_1_11' title='bbox 1052 374 1107 420; x_wconf 88' lang='grc' dir='ltr'><em>Ρ.</em></span> <span class='ocrx_word' id='word_1_12' title='bbox 1139 374 1374 432; x_wconf 82' lang='lat' dir='ltr'><em>Quintium</em></span> <span class='ocrx_word' id='word_1_13' title='bbox 1399 370 1508 417; x_wconf 85' lang='lat' dir='ltr'><em>sisti</em></span> <span class='ocrx_word' id='word_1_14' title='bbox 1533 372 1638 415; x_wconf 73' lang='lat' dir='ltr'><em>Sex.</em></span> <span class='ocrx_word' id='word_1_15' title='bbox 1664 369 1892 431; x_wconf 72' lang='lat' dir='ltr'><em>Alpheum</em></span> <span class='ocrx_word' id='word_1_16' title='bbox 1911 387 2020 431; x_wconf 85' lang='lat' dir='ltr'><em>pro·</em></span> 
     </span>
     <span class='ocr_line' id='line_1_3' title="bbox 181 448 2023 508; baseline -0.002 -12"><span class='ocrx_word' id='word_1_17' title='bbox 181 451 391 499; x_wconf 80' lang='lat' dir='ltr'><em>mitteret.</em></span> <span class='ocrx_word' id='word_1_18' title='bbox 439 468 476 498; x_wconf 91' lang='lat' dir='ltr'><em>c.</em></span> <span class='ocrx_word' id='word_1_19' title='bbox 495 456 536 497; x_wconf 91' lang='lat'><em>8.</em></span> <span class='ocrx_word' id='word_1_20' title='bbox 570 455 643 497; x_wconf 84' lang='lat'><em>30.</em></span> <span class='ocrx_word' id='word_1_21' title='bbox 676 453 795 508; x_wconf 81' lang='lat' dir='ltr'><em>Iste,</em></span> <span class='ocrx_word' id='word_1_22' title='bbox 829 451 954 497; x_wconf 78' lang='lat' dir='ltr'><em>homo</em></span> <span class='ocrx_word' id='word_1_23' title='bbox 985 452 1227 497; x_wconf 76' lang='lat' dir='ltr'><strong><em>acerrimae</em></strong></span> <span class='ocrx_word' id='word_1_24' title='bbox 1254 475 1314 485; x_wconf 88' lang='lat'><em>-·</em></span> <span class='ocrx_word' id='word_1_25' title='bbox 1340 466 1506 495; x_wconf 89' lang='lat' dir='ltr'><em>annum</em></span> <span class='ocrx_word' id='word_1_26' title='bbox 1531 456 1575 495; x_wconf 88' lang='lat' dir='ltr'><em>et</em></span> <span class='ocrx_word' id='word_1_27' title='bbox 1601 463 1683 493; x_wconf 78' lang='lat' dir='ltr'><em>seae</em></span> <span class='ocrx_word' id='word_1_28' title='bbox 1706 463 1876 492; x_wconf 87' lang='lat' dir='ltr'><em>menses</em></span> <span class='ocrx_word' id='word_1_29' title='bbox 1902 448 2023 492; x_wconf 73' lang='lat' dir='ltr'><em>nihil</em></span> 
     </span>
     <span class='ocr_line' id='line_1_4' title="bbox 176 527 2022 594; baseline 0 -21"><span class='ocrx_word' id='word_1_30' title='bbox 176 529 330 590; x_wconf 84' lang='lat' dir='ltr'><em>petit:</em></span> <span class='ocrx_word' id='word_1_31' title='bbox 361 554 421 564; x_wconf 89' lang='lat'><em>-—</em></span> <span class='ocrx_word' id='word_1_32' title='bbox 453 545 483 573; x_wconf 88' lang='lat' dir='ltr'><em>a</em></span> <span class='ocrx_word' id='word_1_33' title='bbox 517 530 593 574; x_wconf 80' lang='lat' dir='ltr'><em>On.</em></span> <span class='ocrx_word' id='word_1_34' title='bbox 619 528 855 574; x_wconf 83' lang='lat' dir='ltr'><em>Dolabella</em></span> <span class='ocrx_word' id='word_1_35' title='bbox 880 529 1067 592; x_wconf 84' lang='lat' dir='ltr'><em>denique</em></span> <span class='ocrx_word' id='word_1_36' title='bbox 1089 535 1299 591; x_wconf 80' lang='lat' dir='ltr'><em>praetore</em></span> <span class='ocrx_word' id='word_1_37' title='bbox 1322 527 1545 590; x_wconf 82' lang='lat' dir='ltr'><em>postulat.</em></span> <span class='ocrx_word' id='word_1_38' title='bbox 1578 529 1716 589; x_wconf 83' lang='lat' dir='ltr'><em>[Sept.</em></span> <span class='ocrx_word' id='word_1_39' title='bbox 1745 529 1833 572; x_wconf 82' lang='grc'><em>671</em></span> <span class='ocrx_word' id='word_1_40' title='bbox 1872 536 1922 584; x_wconf 66' lang='lat'><em>4-</em></span> <span class='ocrx_word' id='word_1_41' title='bbox 1959 530 2022 594; x_wconf 58' lang='lat'><em>1}</em></span> 
     </span>
     <span class='ocr_line' id='line_1_5' title="bbox 183 596 2022 670; baseline -0.002 -13"><span class='ocrx_word' id='word_1_42' title='bbox 183 596 243 662; x_wconf 61' lang='grc' dir='ltr'><em>,τὲ</em></span> <span class='ocrx_word' id='word_1_43' title='bbox 275 613 416 670; x_wconf 80' lang='grc'><strong>673.].</strong></span> <span class='ocrx_word' id='word_1_44' title='bbox 481 609 647 655; x_wconf 77' lang='lat' dir='ltr'><em>Gellius</em></span> <span class='ocrx_word' id='word_1_45' title='bbox 664 622 740 655; x_wconf 77' lang='lat' dir='ltr'><em>xv.</em></span> <span class='ocrx_word' id='word_1_46' title='bbox 773 626 809 656; x_wconf 87' lang='lat' dir='ltr'><em>c.</em></span> <span class='ocrx_word' id='word_1_47' title='bbox 827 613 900 656; x_wconf 84' lang='lat'><em>28.</em></span> <span class='ocrx_word' id='word_1_48' title='bbox 926 616 968 657; x_wconf 84' lang='grc'><strong>8.</strong></span> <span class='ocrx_word' id='word_1_49' title='bbox 987 610 1295 656; x_wconf 69' lang='lat' dir='ltr'><strong><em>Dinumeratis</em></strong></span> <span class='ocrx_word' id='word_1_50' title='bbox 1320 610 1454 655; x_wconf 88' lang='lat' dir='ltr'><em>annis</em></span> <span class='ocrx_word' id='word_1_51' title='bbox 1478 625 1509 653; x_wconf 94' lang='lat' dir='ltr'><em>a</em></span> <span class='ocrx_word' id='word_1_52' title='bbox 1538 607 1590 666; x_wconf 81' lang='lat' dir='ltr'><em>Q.</em></span> <span class='ocrx_word' id='word_1_53' title='bbox 1611 608 1826 669; x_wconf 83' lang='lat' dir='ltr'><em>Caepione</em></span> <span class='ocrx_word' id='word_1_54' title='bbox 1851 613 1896 651; x_wconf 91' lang='lat' dir='ltr'><em>et</em></span> <span class='ocrx_word' id='word_1_55' title='bbox 1916 624 1946 651; x_wconf 91' lang='lat' dir='ltr'><em>a</em></span> <span class='ocrx_word' id='word_1_56' title='bbox 1976 608 2022 654; x_wconf 84' lang='lat' dir='ltr'><em>G.</em></span> 
     </span>
     <span class='ocr_line' id='line_1_6' title="bbox 186 685 2025 750; baseline -0.002 -16"><span class='ocrx_word' id='word_1_57' title='bbox 186 691 377 734; x_wconf 80' lang='lat' dir='ltr'><em>Serrano</em></span> <span class='ocrx_word' id='word_1_58' title='bbox 404 690 466 747; x_wconf 88' lang='lat' dir='ltr'><em>[a.</em></span> <span class='ocrx_word' id='word_1_59' title='bbox 484 689 533 734; x_wconf 87' lang='lat' dir='ltr'><em>U.</em></span> <span class='ocrx_word' id='word_1_60' title='bbox 550 690 594 732; x_wconf 84' lang='lat' dir='ltr'><em>C.</em></span> <span class='ocrx_word' id='word_1_61' title='bbox 614 689 769 746; x_wconf 80' lang='lat'><strong>648.]‚</strong></span> <span class='ocrx_word' id='word_1_62' title='bbox 802 687 965 750; x_wconf 81' lang='lat' dir='ltr'><em>quibus</em></span> <span class='ocrx_word' id='word_1_63' title='bbox 995 685 1258 740; x_wconf 65' lang='lat' dir='ltr'><em>consulibus,</em></span> <span class='ocrx_word' id='word_1_64' title='bbox 1282 694 1388 732; x_wconf 89' lang='lat' dir='ltr'><em>ante</em></span> <span class='ocrx_word' id='word_1_65' title='bbox 1418 685 1538 730; x_wconf 82' lang='lat' dir='ltr'><em>diem</em></span> <span class='ocrx_word' id='word_1_66' title='bbox 1568 685 1752 729; x_wconf 79' lang='lat' dir='ltr'><em>tertium</em></span> <span class='ocrx_word' id='word_1_67' title='bbox 1772 685 1922 728; x_wconf 78' lang='lat' dir='ltr'><em>Nonas</em></span> <span class='ocrx_word' id='word_1_68' title='bbox 1948 687 2025 730; x_wconf 77' lang='lat' dir='ltr'><em>la·</em></span> 
     </span>
     <span class='ocr_line' id='line_1_7' title="bbox 185 753 2022 824; baseline -0.003 -12"><span class='ocrx_word' id='word_1_69' title='bbox 185 766 372 812; x_wconf 83' lang='lat' dir='ltr'><em>nuarias</em></span> <span class='ocrx_word' id='word_1_70' title='bbox 405 767 464 810; x_wconf 87' lang='lat' dir='ltr'><em>M.</em></span> <span class='ocrx_word' id='word_1_71' title='bbox 502 764 649 809; x_wconf 85' lang='lat' dir='ltr'><em>Cicero</em></span> <span class='ocrx_word' id='word_1_72' title='bbox 675 753 812 809; x_wconf 78' lang='lat' dir='ltr'><em>natus</em></span> <span class='ocrx_word' id='word_1_73' title='bbox 843 773 911 810; x_wconf 84' lang='lat' dir='ltr'><em>est</em></span> <span class='ocrx_word' id='word_1_74' title='bbox 926 792 942 816; x_wconf 78' lang='lat'><strong>‚</strong></span> <span class='ocrx_word' id='word_1_75' title='bbox 986 764 1049 811; x_wconf 84' lang='lat' dir='ltr'><em>ad</em></span> <span class='ocrx_word' id='word_1_76' title='bbox 1076 767 1136 812; x_wconf 77' lang='lat' dir='ltr'><em>M.</em></span> <span class='ocrx_word' id='word_1_77' title='bbox 1168 764 1364 811; x_wconf 77' lang='lat' dir='ltr'><em>Tullium</em></span> <span class='ocrx_word' id='word_1_78' title='bbox 1395 771 1440 809; x_wconf 89' lang='lat' dir='ltr'><em>et</em></span> <span class='ocrx_word' id='word_1_79' title='bbox 1475 764 1549 808; x_wconf 82' lang='lat' dir='ltr'><em>Gn.</em></span> <span class='ocrx_word' id='word_1_80' title='bbox 1578 761 1859 807; x_wconf 79' lang='lat' dir='ltr'><em>Dolabellam</em></span> <span class='ocrx_word' id='word_1_81' title='bbox 1875 795 1890 819; x_wconf 94' lang='lat'><em>,</em></span> <span class='ocrx_word' id='word_1_82' title='bbox 1920 764 2022 824; x_wconf 87' lang='lat' dir='ltr'><em>qui-</em></span> 
     </span>
     <span class='ocr_line' id='line_1_8' title="bbox 186 838 2025 905; baseline -0.001 -18"><span class='ocrx_word' id='word_1_83' title='bbox 186 843 268 888; x_wconf 81' lang='lat' dir='ltr'><em>bus</em></span> <span class='ocrx_word' id='word_1_84' title='bbox 305 840 563 889; x_wconf 81' lang='lat' dir='ltr'><em>consulibus</em></span> <span class='ocrx_word' id='word_1_85' title='bbox 599 858 805 889; x_wconf 77' lang='lat' dir='ltr'><em>caussam</em></span> <span class='ocrx_word' id='word_1_86' title='bbox 823 844 1054 905; x_wconf 79' lang='lat' dir='ltr'><em>privatam</em></span> <span class='ocrx_word' id='word_1_87' title='bbox 1087 858 1175 905; x_wconf 81' lang='lat' dir='ltr'><em>pro</em></span> <span class='ocrx_word' id='word_1_88' title='bbox 1210 842 1395 902; x_wconf 85' lang='lat' dir='ltr'><em>Quintio</em></span> <span class='ocrx_word' id='word_1_89' title='bbox 1426 840 1551 905; x_wconf 82' lang='lat' dir='ltr'><em>apud</em></span> <span class='ocrx_word' id='word_1_90' title='bbox 1578 838 1810 903; x_wconf 81' lang='lat' dir='ltr'><em>Aquilium</em></span> <span class='ocrx_word' id='word_1_91' title='bbox 1845 839 2025 885; x_wconf 88' lang='lat' dir='ltr'><em>Gallum</em></span> 
     </span>
     <span class='ocr_line' id='line_1_9' title="bbox 181 918 2025 984; baseline -0.003 -17"><span class='ocrx_word' id='word_1_92' title='bbox 181 919 374 967; x_wconf 83' lang='lat' dir='ltr'><em>iudicem</em></span> <span class='ocrx_word' id='word_1_93' title='bbox 399 919 547 978; x_wconf 71' lang='lat' dir='ltr'><em>dixit,</em></span> <span class='ocrx_word' id='word_1_94' title='bbox 591 936 673 966; x_wconf 73' lang='lat' dir='ltr'><em>sex</em></span> <span class='ocrx_word' id='word_1_95' title='bbox 704 928 748 966; x_wconf 88' lang='lat' dir='ltr'><em>et</em></span> <span class='ocrx_word' id='word_1_96' title='bbox 773 921 939 983; x_wconf 79' lang='lat' dir='ltr'><em>viginti</em></span> <span class='ocrx_word' id='word_1_97' title='bbox 970 922 1078 967; x_wconf 87' lang='lat' dir='ltr'><em>anni</em></span> <span class='ocrx_word' id='word_1_98' title='bbox 1113 922 1410 984; x_wconf 85' lang='lat' dir='ltr'><em>reperiuntur.</em></span> <span class='ocrx_word' id='word_1_99' title='bbox 1443 947 1504 956; x_wconf 89' lang='lat'><em>--</em></span> <span class='ocrx_word' id='word_1_100' title='bbox 1536 918 1851 965; x_wconf 72' lang='lat' dir='ltr'><em>Demosthenes</em></span> <span class='ocrx_word' id='word_1_101' title='bbox 1879 925 1923 963; x_wconf 87' lang='lat' dir='ltr'><em>et</em></span> <span class='ocrx_word' id='word_1_102' title='bbox 1956 918 2025 963; x_wconf 83' lang='lat' dir='ltr'><em>Gi·</em></span> 
     </span>
     <span class='ocr_line' id='line_1_10' title="bbox 182 996 2025 1062; baseline -0.001 -17"><span class='ocrx_word' id='word_1_103' title='bbox 182 1013 280 1045; x_wconf 84' lang='lat' dir='ltr'><em>cero</em></span> <span class='ocrx_word' id='word_1_104' title='bbox 297 1000 410 1062; x_wconf 82' lang='lat' dir='ltr'><em>pari</em></span> <span class='ocrx_word' id='word_1_105' title='bbox 433 1007 581 1045; x_wconf 82' lang='lat' dir='ltr'><em>aetate</em></span> <span class='ocrx_word' id='word_1_106' title='bbox 606 996 946 1044; x_wconf 83' lang='lat' dir='ltr'><em>illustrissimas</em></span> <span class='ocrx_word' id='word_1_107' title='bbox 972 1000 1194 1045; x_wconf 83' lang='lat' dir='ltr'><em>orationes</em></span> <span class='ocrx_word' id='word_1_108' title='bbox 1219 1001 1268 1045; x_wconf 85' lang='lat' dir='ltr'><em>in</em></span> <span class='ocrx_word' id='word_1_109' title='bbox 1293 1001 1470 1045; x_wconf 90' lang='lat' dir='ltr'><em>caussis</em></span> <span class='ocrx_word' id='word_1_110' title='bbox 1494 997 1730 1057; x_wconf 70' lang='lat' dir='ltr'><em>dia-erunt,</em></span> <span class='ocrx_word' id='word_1_111' title='bbox 1757 998 1874 1043; x_wconf 85' lang='lat' dir='ltr'><em>alter</em></span> <span class='ocrx_word' id='word_1_112' title='bbox 1901 999 2025 1044; x_wconf 71' lang='grc' dir='ltr'><em>κατὰ</em></span> 
     </span>
     <span class='ocr_line' id='line_1_11' title="bbox 182 1061 2024 1142; baseline -0.001 -19"><span class='ocrx_word' id='word_1_113' title='bbox 182 1076 537 1142; x_wconf 73' lang='grc' dir='ltr'><em>Ἀνδροτίωνος</em></span> <span class='ocrx_word' id='word_1_114' title='bbox 578 1078 661 1124; x_wconf 74' lang='grc' dir='ltr'><em>καὶ</em></span> <span class='ocrx_word' id='word_1_115' title='bbox 688 1077 810 1123; x_wconf 81' lang='grc' dir='ltr'><strong><em>κατὰ</em></strong></span> <span class='ocrx_word' id='word_1_116' title='bbox 843 1079 1175 1141; x_wconf 79' lang='grc' dir='ltr'><strong><em>Τιμοκράτους</em></strong></span> <span class='ocrx_word' id='word_1_117' title='bbox 1212 1085 1380 1140; x_wconf 87' lang='lat' dir='ltr'><em>septem</em></span> <span class='ocrx_word' id='word_1_118' title='bbox 1405 1085 1450 1123; x_wconf 84' lang='lat' dir='ltr'><em>et</em></span> <span class='ocrx_word' id='word_1_119' title='bbox 1486 1077 1653 1140; x_wconf 81' lang='lat' dir='ltr'><em>viginti</em></span> <span class='ocrx_word' id='word_1_120' title='bbox 1677 1061 1823 1121; x_wconf 77' lang='lat' dir='ltr'><em>¹annos</em></span> <span class='ocrx_word' id='word_1_121' title='bbox 1853 1084 2024 1135; x_wconf 83' lang='lat' dir='ltr'><em>natus,</em></span> 
     </span>
     <span class='ocr_line' id='line_1_12' title="bbox 184 1153 2023 1219; baseline -0.001 -17"><span class='ocrx_word' id='word_1_122' title='bbox 184 1155 302 1202; x_wconf 87' lang='lat' dir='ltr'><em>alter</em></span> <span class='ocrx_word' id='word_1_123' title='bbox 326 1171 441 1202; x_wconf 84' lang='lat' dir='ltr'><em>anno</em></span> <span class='ocrx_word' id='word_1_124' title='bbox 466 1157 611 1202; x_wconf 84' lang='lat' dir='ltr'><em>minor</em></span> <span class='ocrx_word' id='word_1_125' title='bbox 623 1170 711 1216; x_wconf 85' lang='lat' dir='ltr'><em>pro</em></span> <span class='ocrx_word' id='word_1_126' title='bbox 738 1155 795 1201; x_wconf 89' lang='lat' dir='ltr'><em>P.</em></span> <span class='ocrx_word' id='word_1_127' title='bbox 826 1154 1025 1214; x_wconf 83' lang='lat' dir='ltr'><em>Quintio.</em></span> <span class='ocrx_word' id='word_1_128' title='bbox 1088 1156 1378 1219; x_wconf 73' lang='lat' dir='ltr'>Hieronymus</span> <span class='ocrx_word' id='word_1_129' title='bbox 1403 1155 1451 1201; x_wconf 87' lang='lat' dir='ltr'><em>in</em></span> <span class='ocrx_word' id='word_1_130' title='bbox 1478 1153 1633 1201; x_wconf 75' lang='lat' dir='ltr'><em>Euseb.</em></span> <span class='ocrx_word' id='word_1_131' title='bbox 1661 1154 1816 1201; x_wconf 80' lang='lat' dir='ltr'><em>chron.</em></span> <span class='ocrx_word' id='word_1_132' title='bbox 1847 1155 2023 1219; x_wconf 77' lang='lat' dir='ltr'><em>olymp.</em></span> 
     </span>
     <span class='ocr_line' id='line_1_13' title="bbox 187 1233 2028 1308; baseline -0.001 -29"><span class='ocrx_word' id='word_1_133' title='bbox 187 1235 291 1279; x_wconf 73' lang='lat'><strong>174.</strong></span> <span class='ocrx_word' id='word_1_134' title='bbox 326 1236 373 1279; x_wconf 98' lang='lat'><em>4.</em></span> <span class='ocrx_word' id='word_1_135' title='bbox 401 1235 489 1294; x_wconf 89' lang='lat'><em>[=</em></span> <span class='ocrx_word' id='word_1_136' title='bbox 518 1250 555 1280; x_wconf 89' lang='lat' dir='ltr'><em>a.</em></span> <span class='ocrx_word' id='word_1_137' title='bbox 574 1237 624 1281; x_wconf 90' lang='lat' dir='ltr'><em>U.</em></span> <span class='ocrx_word' id='word_1_138' title='bbox 643 1237 686 1279; x_wconf 89' lang='lat' dir='ltr'><em>C.</em></span> <span class='ocrx_word' id='word_1_139' title='bbox 703 1235 846 1308; x_wconf 43' lang='lat'><strong>673:</strong></span> <span class='ocrx_word' id='word_1_140' title='bbox 884 1233 1098 1278; x_wconf 83' lang='lat' dir='ltr'><em>Vicesimo</em></span> <span class='ocrx_word' id='word_1_141' title='bbox 1124 1242 1252 1279; x_wconf 73' lang='lat' dir='ltr'><em>sexto</em></span> <span class='ocrx_word' id='word_1_142' title='bbox 1278 1249 1393 1278; x_wconf 85' lang='lat' dir='ltr'><em>anno</em></span> <span class='ocrx_word' id='word_1_143' title='bbox 1418 1233 1585 1278; x_wconf 85' lang='lat' dir='ltr'><em>aetatis</em></span> <span class='ocrx_word' id='word_1_144' title='bbox 1615 1233 1761 1278; x_wconf 82' lang='lat' dir='ltr'><em>Cicero</em></span> <span class='ocrx_word' id='word_1_145' title='bbox 1792 1233 2028 1293; x_wconf 85' lang='lat' dir='ltr'><em>Quintium</em></span> 
     </span>
     <span class='ocr_line' id='line_1_14' title="bbox 186 1310 2027 1376; baseline 0 -18"><span class='ocrx_word' id='word_1_146' title='bbox 186 1310 402 1373; x_wconf 81' lang='lat' dir='ltr'><em>defendit.</em></span> <span class='ocrx_word' id='word_1_147' title='bbox 464 1313 548 1359; x_wconf 92' lang='lat' dir='ltr'><em>Cic.</em></span> <span class='ocrx_word' id='word_1_148' title='bbox 576 1329 653 1376; x_wconf 89' lang='lat' dir='ltr'><em>pro</em></span> <span class='ocrx_word' id='word_1_149' title='bbox 671 1314 833 1373; x_wconf 74' lang='lat' dir='ltr'><em>Quint.</em></span> <span class='ocrx_word' id='word_1_150' title='bbox 861 1329 897 1359; x_wconf 91' lang='lat' dir='ltr'><em>c.</em></span> <span class='ocrx_word' id='word_1_151' title='bbox 915 1316 958 1358; x_wconf 83' lang='lat'><em>2.</em></span> <span class='ocrx_word' id='word_1_152' title='bbox 990 1315 1030 1358; x_wconf 78' lang='lat'><em>7.</em></span> <span class='ocrx_word' id='word_1_153' title='bbox 1079 1313 1224 1358; x_wconf 77' lang='lat' dir='ltr'><em>Habet</em></span> <span class='ocrx_word' id='word_1_154' title='bbox 1244 1311 1550 1357; x_wconf 79' lang='lat' dir='ltr'><em>adversarium</em></span> <span class='ocrx_word' id='word_1_155' title='bbox 1575 1313 1630 1357; x_wconf 86' lang='lat' dir='ltr'><em>P.</em></span> <span class='ocrx_word' id='word_1_156' title='bbox 1654 1312 1873 1371; x_wconf 79' lang='lat' dir='ltr'><em>Quintius</em></span> <span class='ocrx_word' id='word_1_157' title='bbox 1898 1312 2027 1358; x_wconf 79' lang='lat' dir='ltr'><em>verbo</em></span> 
     </span>
     <span class='ocr_line' id='line_1_15' title="bbox 186 1388 2028 1449; baseline -0.001 -13"><span class='ocrx_word' id='word_1_158' title='bbox 186 1392 290 1437; x_wconf 68' lang='lat' dir='ltr'><em>Sex.</em></span> <span class='ocrx_word' id='word_1_159' title='bbox 322 1392 565 1449; x_wconf 79' lang='lat' dir='ltr'><em>Naevium,</em></span> <span class='ocrx_word' id='word_1_160' title='bbox 597 1408 644 1437; x_wconf 84' lang='lat' dir='ltr'><em>re</em></span> <span class='ocrx_word' id='word_1_161' title='bbox 669 1396 773 1438; x_wconf 79' lang='lat' dir='ltr'><em>vera</em></span> <span class='ocrx_word' id='word_1_162' title='bbox 805 1392 989 1438; x_wconf 74' lang='lat' dir='ltr'><em>huiusce</em></span> <span class='ocrx_word' id='word_1_163' title='bbox 1015 1392 1184 1436; x_wconf 84' lang='lat' dir='ltr'><em>aetatis</em></span> <span class='ocrx_word' id='word_1_164' title='bbox 1212 1391 1408 1435; x_wconf 73' lang='lat' dir='ltr'><em>homines</em></span> <span class='ocrx_word' id='word_1_165' title='bbox 1435 1388 1758 1435; x_wconf 75' lang='lat' dir='ltr'><em>disertissimos</em></span> <span class='ocrx_word' id='word_1_166' title='bbox 1775 1422 1790 1446; x_wconf 91' lang='lat'>‚</span> <span class='ocrx_word' id='word_1_167' title='bbox 1811 1389 2028 1449; x_wconf 84' lang='lat' dir='ltr'><em>fortissi-</em></span> 
     </span>
     <span class='ocr_line' id='line_1_16' title="bbox 185 1462 2026 1530; baseline -0.002 -15"><span class='ocrx_word' id='word_1_168' title='bbox 185 1486 305 1527; x_wconf 88' lang='lat' dir='ltr'><em>mos,</em></span> <span class='ocrx_word' id='word_1_169' title='bbox 337 1471 647 1516; x_wconf 83' lang='lat' dir='ltr'><em>ornatissimos</em></span> <span class='ocrx_word' id='word_1_170' title='bbox 672 1477 852 1515; x_wconf 83' lang='lat' dir='ltr'><em>nostrae</em></span> <span class='ocrx_word' id='word_1_171' title='bbox 877 1468 1079 1514; x_wconf 76' lang='lat' dir='ltr'><em>civitatis</em></span> <span class='ocrx_word' id='word_1_172' title='bbox 1094 1487 1109 1511; x_wconf 91' lang='lat'><em>.·</em></span> <span class='ocrx_word' id='word_1_173' title='bbox 1152 1468 1235 1530; x_wconf 86' lang='lat' dir='ltr'><em>qui</em></span> <span class='ocrx_word' id='word_1_174' title='bbox 1264 1467 1483 1512; x_wconf 87' lang='lat' dir='ltr'><em>communi</em></span> <span class='ocrx_word' id='word_1_175' title='bbox 1507 1462 1685 1524; x_wconf 88' lang='lat' dir='ltr'><em>studio,</em></span> <span class='ocrx_word' id='word_1_176' title='bbox 1718 1467 1905 1511; x_wconf 85' lang='lat' dir='ltr'><em>summis</em></span> <span class='ocrx_word' id='word_1_177' title='bbox 1931 1467 2026 1529; x_wconf 85' lang='lat' dir='ltr'><em>opi·</em></span> 
     </span>
     <span class='ocr_line' id='line_1_17' title="bbox 186 1541 2025 1608; baseline -0.002 -15"><span class='ocrx_word' id='word_1_178' title='bbox 186 1547 269 1594; x_wconf 81' lang='lat' dir='ltr'><em>bus</em></span> <span class='ocrx_word' id='word_1_179' title='bbox 295 1549 399 1594; x_wconf 75' lang='lat' dir='ltr'><em>Sea·-</em></span> <span class='ocrx_word' id='word_1_180' title='bbox 425 1546 638 1593; x_wconf 80' lang='lat' dir='ltr'><em>Naevium</em></span> <span class='ocrx_word' id='word_1_181' title='bbox 663 1546 909 1608; x_wconf 83' lang='lat' dir='ltr'><em>defendunt</em></span> <span class='ocrx_word' id='word_1_182' title='bbox 930 1573 990 1581; x_wconf 95' lang='lat'><strong>—</strong></span> <span class='ocrx_word' id='word_1_183' title='bbox 1007 1580 1019 1593; x_wconf 95' lang='lat'><strong>.</strong></span> <span class='ocrx_word' id='word_1_184' title='bbox 1088 1543 1211 1604; x_wconf 85' lang='lat' dir='ltr'><em>Quid</em></span> <span class='ocrx_word' id='word_1_185' title='bbox 1235 1544 1314 1590; x_wconf 71' lang='lat' dir='ltr'><em>hoc</em></span> <span class='ocrx_word' id='word_1_186' title='bbox 1349 1545 1553 1607; x_wconf 84' lang='lat' dir='ltr'><em>iniquius</em></span> <span class='ocrx_word' id='word_1_187' title='bbox 1578 1553 1660 1591; x_wconf 90' lang='lat' dir='ltr'><em>aut</em></span> <span class='ocrx_word' id='word_1_188' title='bbox 1687 1541 1944 1607; x_wconf 80' lang='lat' dir='ltr'><em>indignius,</em></span> <span class='ocrx_word' id='word_1_189' title='bbox 1981 1546 2025 1589; x_wconf 83' lang='lat'><em>0.</em></span> 
     </span>
     <span class='ocr_line' id='line_1_18' title="bbox 183 1621 2027 1688; baseline -0.002 -17"><span class='ocrx_word' id='word_1_190' title='bbox 183 1624 367 1688; x_wconf 76' lang='lat' dir='ltr'><em>Aquili,</em></span> <span class='ocrx_word' id='word_1_191' title='bbox 409 1623 501 1670; x_wconf 87' lang='lat' dir='ltr'><em>dici</em></span> <span class='ocrx_word' id='word_1_192' title='bbox 536 1632 619 1671; x_wconf 85' lang='lat' dir='ltr'><em>aut</em></span> <span class='ocrx_word' id='word_1_193' title='bbox 653 1625 982 1671; x_wconf 88' lang='lat' dir='ltr'><em>commemorari</em></span> <span class='ocrx_word' id='word_1_194' title='bbox 1003 1631 1185 1687; x_wconf 85' lang='lat' dir='ltr'><em>potest,</em></span> <span class='ocrx_word' id='word_1_195' title='bbox 1227 1641 1362 1686; x_wconf 87' lang='lat' dir='ltr'><em>quam</em></span> <span class='ocrx_word' id='word_1_196' title='bbox 1388 1640 1483 1680; x_wconf 88' lang='lat' dir='ltr'><em>me,</em></span> <span class='ocrx_word' id='word_1_197' title='bbox 1523 1624 1605 1686; x_wconf 88' lang='lat' dir='ltr'><em>qui</em></span> <span class='ocrx_word' id='word_1_198' title='bbox 1640 1630 1776 1685; x_wconf 82' lang='lat' dir='ltr'><em>caput</em></span> <span class='ocrx_word' id='word_1_199' title='bbox 1809 1621 2027 1678; x_wconf 86' lang='lat' dir='ltr'><em>alterius,</em></span> 
     </span>
     <span class='ocr_line' id='line_1_19' title="bbox 174 1700 2026 1765; baseline -0.002 -17"><span class='ocrx_word' id='word_1_200' title='bbox 174 1702 359 1764; x_wconf 77' lang='lat' dir='ltr'><em>famam</em></span> <span class='ocrx_word' id='word_1_201' title='bbox 374 1701 682 1765; x_wconf 75' lang='lat' dir='ltr'><em>fortunasque</em></span> <span class='ocrx_word' id='word_1_202' title='bbox 709 1702 970 1764; x_wconf 80' lang='lat' dir='ltr'><em>defendam,</em></span> <span class='ocrx_word' id='word_1_203' title='bbox 992 1702 1148 1765; x_wconf 82' lang='lat' dir='ltr'><em>priore</em></span> <span class='ocrx_word' id='word_1_204' title='bbox 1175 1701 1268 1747; x_wconf 85' lang='lat' dir='ltr'><em>loco</em></span> <span class='ocrx_word' id='word_1_205' title='bbox 1289 1716 1496 1746; x_wconf 85' lang='lat' dir='ltr'><em>caussam</em></span> <span class='ocrx_word' id='word_1_206' title='bbox 1522 1700 1705 1746; x_wconf 83' lang='lat' dir='ltr'><em>dicere?</em></span> <span class='ocrx_word' id='word_1_207' title='bbox 1736 1718 1874 1763; x_wconf 85' lang='lat' dir='ltr'><em>quum</em></span> <span class='ocrx_word' id='word_1_208' title='bbox 1892 1717 2026 1763; x_wconf 83' lang='lat' dir='ltr'><em>prae·</em></span> 
     </span>
     <span class='ocr_line' id='line_1_20' title="bbox 185 1778 2027 1844; baseline -0.003 -16"><span class='ocrx_word' id='word_1_209' title='bbox 185 1781 342 1828; x_wconf 89' lang='lat' dir='ltr'><em>sertim</em></span> <span class='ocrx_word' id='word_1_210' title='bbox 377 1781 428 1841; x_wconf 80' lang='lat' dir='ltr'><em>Q</em></span> <span class='ocrx_word' id='word_1_211' title='bbox 441 1781 735 1840; x_wconf 75' lang='lat' dir='ltr'><em>Hortensius,</em></span> <span class='ocrx_word' id='word_1_212' title='bbox 762 1782 842 1844; x_wconf 82' lang='lat' dir='ltr'><em>qui</em></span> <span class='ocrx_word' id='word_1_213' title='bbox 864 1780 948 1826; x_wconf 77' lang='lat' dir='ltr'><em>&#39;lwc</em></span> <span class='ocrx_word' id='word_1_214' title='bbox 974 1778 1141 1825; x_wconf 84' lang='lat' dir='ltr'><em>iudicio</em></span> <span class='ocrx_word' id='word_1_215' title='bbox 1164 1785 1325 1842; x_wconf 83' lang='lat' dir='ltr'><em>partes</em></span> <span class='ocrx_word' id='word_1_216' title='bbox 1351 1779 1627 1824; x_wconf 84' lang='lat' dir='ltr'><em>accusatoris</em></span> <span class='ocrx_word' id='word_1_217' title='bbox 1642 1778 1810 1824; x_wconf 85' lang='lat' dir='ltr'><em>obtinet</em></span> <span class='ocrx_word' id='word_1_218' title='bbox 1826 1809 1841 1834; x_wconf 92' lang='lat'>‚</span> <span class='ocrx_word' id='word_1_219' title='bbox 1872 1784 2027 1822; x_wconf 83' lang='lat' dir='ltr'><em>contra</em></span> 
     </span>
     <span class='ocr_line' id='line_1_21' title="bbox 184 1849 2026 1920; baseline -0.003 -15"><span class='ocrx_word' id='word_1_220' title='bbox 184 1849 253 1905; x_wconf 78' lang='lat' dir='ltr'><em>me</em></span> <span class='ocrx_word' id='word_1_221' title='bbox 273 1859 339 1905; x_wconf 78' lang='lat' dir='ltr'><em>sit</em></span> <span class='ocrx_word' id='word_1_222' title='bbox 362 1857 567 1905; x_wconf 82' lang='lat' dir='ltr'><em>dicturus</em></span> <span class='ocrx_word' id='word_1_223' title='bbox 577 1880 597 1916; x_wconf 85' lang='lat'><em>‚-</em></span> <span class='ocrx_word' id='word_1_224' title='bbox 626 1859 702 1905; x_wconf 91' lang='lat' dir='ltr'><em>cui</em></span> <span class='ocrx_word' id='word_1_225' title='bbox 726 1874 944 1905; x_wconf 87' lang='lat' dir='ltr'><em>summam</em></span> <span class='ocrx_word' id='word_1_226' title='bbox 968 1859 1142 1920; x_wconf 84' lang='lat' dir='ltr'><em>copiam</em></span> <span class='ocrx_word' id='word_1_227' title='bbox 1155 1856 1521 1920; x_wconf 83' lang='lat' dir='ltr'><em>facultatemque</em></span> <span class='ocrx_word' id='word_1_228' title='bbox 1548 1855 1723 1903; x_wconf 85' lang='lat' dir='ltr'><em>dicendi</em></span> <span class='ocrx_word' id='word_1_229' title='bbox 1743 1864 1907 1902; x_wconf 85' lang='lat' dir='ltr'><em>natura</em></span> <span class='ocrx_word' id='word_1_230' title='bbox 1937 1854 2026 1900; x_wconf 86' lang='lat' dir='ltr'><em>lar-</em></span> 
     </span>
     <span class='ocr_line' id='line_1_22' title="bbox 181 1934 1688 2001; baseline -0.001 -18"><span class='ocrx_word' id='word_1_231' title='bbox 181 1937 284 2001; x_wconf 66' lang='lat' dir='ltr'><em>gita</em></span> <span class='ocrx_word' id='word_1_232' title='bbox 315 1945 396 1985; x_wconf 88' lang='lat' dir='ltr'><em>est.</em></span> <span class='ocrx_word' id='word_1_233' title='bbox 459 1934 580 1984; x_wconf 79' lang='lat' dir='ltr'><em>conf.</em></span> <span class='ocrx_word' id='word_1_234' title='bbox 606 1939 760 2000; x_wconf 77' lang='lat' dir='ltr'><em>Meyer.</em></span> <span class='ocrx_word' id='word_1_235' title='bbox 793 1939 915 1982; x_wconf 91' lang='lat' dir='ltr'><em>Orat.</em></span> <span class='ocrx_word' id='word_1_236' title='bbox 948 1938 1072 1982; x_wconf 86' lang='lat' dir='ltr'><em>Rom.</em></span> <span class='ocrx_word' id='word_1_237' title='bbox 1099 1938 1274 1999; x_wconf 78' lang='lat' dir='ltr'><em>Fragm.</em></span> <span class='ocrx_word' id='word_1_238' title='bbox 1311 1947 1416 1982; x_wconf 65' lang='grc' dir='ltr'><strong>ην.</strong></span> <span class='ocrx_word' id='word_1_239' title='bbox 1450 1939 1494 1983; x_wconf 92' lang='lat'><em>4.</em></span> <span class='ocrx_word' id='word_1_240' title='bbox 1526 1952 1566 1998; x_wconf 83' lang='lat' dir='ltr'><em>p.</em></span> <span class='ocrx_word' id='word_1_241' title='bbox 1585 1939 1688 1982; x_wconf 88' lang='grc'><strong>366.</strong></span> 
     </span>
    </p>
   </div>
   <div class='ocr_carea' id='block_1_3' title="bbox 187 2022 2026 2281">
    <p class='ocr_par' dir='ltr' id='par_1_3' title="bbox 187 2022 2026 2281">
     <span class='ocr_line' id='line_1_23' title="bbox 263 2022 2026 2099; baseline 0 -20"><span class='ocrx_word' id='word_1_242' title='bbox 263 2022 327 2099; x_wconf 82' lang='lat'><em>(⁴)</em></span> <span class='ocrx_word' id='word_1_243' title='bbox 369 2023 552 2080; x_wconf 87' lang='lat' dir='ltr'><em>Cicero</em></span> <span class='ocrx_word' id='word_1_244' title='bbox 584 2022 779 2079; x_wconf 89' lang='lat' dir='ltr'><em>Moloni</em></span> <span class='ocrx_word' id='word_1_245' title='bbox 813 2022 1020 2079; x_wconf 86' lang='lat' dir='ltr'><em>Rhodio</em></span> <span class='ocrx_word' id='word_1_246' title='bbox 1046 2040 1263 2096; x_wconf 82' lang='lat' dir='ltr'><em>operam</em></span> <span class='ocrx_word' id='word_1_247' title='bbox 1298 2022 1415 2089; x_wconf 82' lang='lat' dir='ltr'><em>dat,</em></span> <span class='ocrx_word' id='word_1_248' title='bbox 1454 2022 1660 2079; x_wconf 82' lang='lat' dir='ltr'><em>rhetori</em></span> <span class='ocrx_word' id='word_1_249' title='bbox 1696 2022 2026 2089; x_wconf 79' lang='lat' dir='ltr'><em>clarissimO,</em></span> 
     </span>
     <span class='ocr_line' id='line_1_24' title="bbox 187 2122 2025 2197; baseline 0 -18"><span class='ocrx_word' id='word_1_250' title='bbox 187 2124 282 2197; x_wconf 88' lang='lat' dir='ltr'><em>qui</em></span> <span class='ocrx_word' id='word_1_251' title='bbox 308 2123 534 2180; x_wconf 85' lang='lat' dir='ltr'><em>Romam</em></span> <span class='ocrx_word' id='word_1_252' title='bbox 566 2130 786 2180; x_wconf 83' lang='lat' dir='ltr'><em>venerat</em></span> <span class='ocrx_word' id='word_1_253' title='bbox 820 2123 889 2180; x_wconf 84' lang='lat' dir='ltr'><em>ad</em></span> <span class='ocrx_word' id='word_1_254' title='bbox 922 2130 1170 2181; x_wconf 85' lang='lat' dir='ltr'><em>senatum</em></span> <span class='ocrx_word' id='word_1_255' title='bbox 1208 2123 1275 2179; x_wconf 89' lang='lat' dir='ltr'><em>de</em></span> <span class='ocrx_word' id='word_1_256' title='bbox 1313 2122 1645 2188; x_wconf 86' lang='lat' dir='ltr'><em>Rhodiorum</em></span> <span class='ocrx_word' id='word_1_257' title='bbox 1680 2124 1954 2197; x_wconf 78' lang='lat' dir='ltr'><em>praemiis,</em></span> <span class='ocrx_word' id='word_1_258' title='bbox 1988 2142 2025 2179; x_wconf 84' lang='lat'><em>1.</em></span> 
     </span>
     <span class='ocr_line' id='line_1_25' title="bbox 188 2228 519 2281; baseline -0.003 0"><span class='ocrx_word' id='word_1_259' title='bbox 188 2242 235 2281; x_wconf 83' lang='lat' dir='ltr'><em>c.</em></span> <span class='ocrx_word' id='word_1_260' title='bbox 260 2229 349 2281; x_wconf 74' lang='lat'><em>55.</em></span> <span class='ocrx_word' id='word_1_261' title='bbox 394 2228 519 2281; x_wconf 86' lang='lat'><strong>109.</strong></span> 
     </span>
    </p>
   </div>
   <div class='ocr_carea' id='block_1_4' title="bbox 183 2323 2030 3565">
    <p class='ocr_par' dir='ltr' id='par_1_4' title="bbox 183 2323 2030 3565">
     <span class='ocr_line' id='line_1_26' title="bbox 247 2323 2030 2388; baseline 0.001 -18"><span class='ocrx_word' id='word_1_262' title='bbox 247 2324 460 2371; x_wconf 79' lang='lat' dir='ltr'><em>Molonem</em></span> <span class='ocrx_word' id='word_1_263' title='bbox 493 2332 538 2371; x_wconf 87' lang='lat' dir='ltr'><em>et</em></span> <span class='ocrx_word' id='word_1_264' title='bbox 566 2323 648 2370; x_wconf 88' lang='lat' dir='ltr'><em>hoc</em></span> <span class='ocrx_word' id='word_1_265' title='bbox 673 2324 854 2388; x_wconf 88' lang='lat' dir='ltr'><em>quidem</em></span> <span class='ocrx_word' id='word_1_266' title='bbox 884 2332 1082 2387; x_wconf 87' lang='lat' dir='ltr'><em>tempore</em></span> <span class='ocrx_word' id='word_1_267' title='bbox 1106 2333 1152 2371; x_wconf 88' lang='lat' dir='ltr'><em>et</em></span> <span class='ocrx_word' id='word_1_268' title='bbox 1182 2324 1317 2371; x_wconf 85' lang='lat' dir='ltr'><em>semel</em></span> <span class='ocrx_word' id='word_1_269' title='bbox 1343 2332 1524 2371; x_wconf 88' lang='lat' dir='ltr'><em>tantum</em></span> <span class='ocrx_word' id='word_1_270' title='bbox 1552 2327 1736 2371; x_wconf 83' lang='lat' dir='ltr'><em>Romam</em></span> <span class='ocrx_word' id='word_1_271' title='bbox 1762 2326 1930 2372; x_wconf 77' lang='lat' dir='ltr'><em>venisse</em></span> <span class='ocrx_word' id='word_1_272' title='bbox 1958 2341 2030 2372; x_wconf 82' lang='lat' dir='ltr'><em>ve·</em></span> 
     </span>
     <span class='ocr_line' id='line_1_27' title="bbox 187 2402 2025 2469; baseline 0 -20"><span class='ocrx_word' id='word_1_273' title='bbox 187 2402 372 2450; x_wconf 83' lang='lat' dir='ltr'><em>risimile</em></span> <span class='ocrx_word' id='word_1_274' title='bbox 397 2409 475 2448; x_wconf 79' lang='lat' dir='ltr'><em>est.</em></span> <span class='ocrx_word' id='word_1_275' title='bbox 550 2406 824 2466; x_wconf 78' lang='lat' dir='ltr'><em>Quapropter</em></span> <span class='ocrx_word' id='word_1_276' title='bbox 856 2402 1039 2450; x_wconf 86' lang='lat' dir='ltr'><em>delenda</em></span> <span class='ocrx_word' id='word_1_277' title='bbox 1071 2414 1237 2463; x_wconf 83' lang='lat' dir='ltr'><em>erunt,</em></span> <span class='ocrx_word' id='word_1_278' title='bbox 1270 2420 1383 2469; x_wconf 86' lang='lat' dir='ltr'><em>quae</em></span> <span class='ocrx_word' id='word_1_279' title='bbox 1413 2403 1627 2465; x_wconf 83' lang='lat' dir='ltr'><em>leguntur</em></span> <span class='ocrx_word' id='word_1_280' title='bbox 1657 2404 1705 2449; x_wconf 90' lang='lat' dir='ltr'><em>iu</em></span> <span class='ocrx_word' id='word_1_281' title='bbox 1736 2409 1873 2450; x_wconf 83' lang='lat' dir='ltr'><em>Bruto</em></span> <span class='ocrx_word' id='word_1_282' title='bbox 1895 2420 1934 2452; x_wconf 91' lang='lat' dir='ltr'><em>c.</em></span> <span class='ocrx_word' id='word_1_283' title='bbox 1952 2406 2025 2450; x_wconf 76' lang='lat'><em>89.</em></span> 
     </span>
     <span class='ocr_line' id='line_1_28' title="bbox 187 2480 2027 2544; baseline -0.001 -16"><span class='ocrx_word' id='word_1_284' title='bbox 187 2485 292 2529; x_wconf 76' lang='lat'><strong>307.</strong></span> <span class='ocrx_word' id='word_1_285' title='bbox 323 2480 494 2527; x_wconf 85' lang='lat' dir='ltr'><em>Eodem</em></span> <span class='ocrx_word' id='word_1_286' title='bbox 523 2498 638 2527; x_wconf 81' lang='lat' dir='ltr'><em>anno</em></span> <span class='ocrx_word' id='word_1_287' title='bbox 670 2483 806 2528; x_wconf 86' lang='lat' dir='ltr'><em>etiam</em></span> <span class='ocrx_word' id='word_1_288' title='bbox 839 2483 1007 2530; x_wconf 85' lang='lat' dir='ltr'><em>Moloni</em></span> <span class='ocrx_word' id='word_1_289' title='bbox 1036 2482 1210 2529; x_wconf 74' lang='lat' dir='ltr'><em>Rhodio</em></span> <span class='ocrx_word' id='word_1_290' title='bbox 1235 2484 1398 2527; x_wconf 82' lang='lat' dir='ltr'><em>Romae</em></span> <span class='ocrx_word' id='word_1_291' title='bbox 1430 2480 1633 2526; x_wconf 84' lang='lat' dir='ltr'><em>dedimus</em></span> <span class='ocrx_word' id='word_1_292' title='bbox 1669 2498 1847 2544; x_wconf 78' lang='lat' dir='ltr'><em>operam</em></span> <span class='ocrx_word' id='word_1_293' title='bbox 1878 2490 1923 2528; x_wconf 92' lang='lat' dir='ltr'><em>et</em></span> <span class='ocrx_word' id='word_1_294' title='bbox 1955 2500 2027 2527; x_wconf 87' lang='lat' dir='ltr'><em>ac·</em></span> 
     </span>
     <span class='ocr_line' id='line_1_29' title="bbox 184 2548 2026 2625; baseline -0.001 -19"><span class='ocrx_word' id='word_1_295' title='bbox 184 2548 276 2606; x_wconf 78' lang='lat' dir='ltr'><em>tori</em></span> <span class='ocrx_word' id='word_1_296' title='bbox 304 2575 473 2606; x_wconf 82' lang='lat' dir='ltr'><em>summo</em></span> <span class='ocrx_word' id='word_1_297' title='bbox 508 2576 771 2606; x_wconf 78' lang='lat' dir='ltr'><em>caussarum</em></span> <span class='ocrx_word' id='word_1_298' title='bbox 801 2569 846 2607; x_wconf 90' lang='lat' dir='ltr'><em>et</em></span> <span class='ocrx_word' id='word_1_299' title='bbox 877 2564 1118 2625; x_wconf 82' lang='lat' dir='ltr'><em>magistro,</em></span> <span class='ocrx_word' id='word_1_300' title='bbox 1168 2569 1322 2624; x_wconf 80' lang='lat' dir='ltr'><em>utpote</em></span> <span class='ocrx_word' id='word_1_301' title='bbox 1368 2558 1662 2605; x_wconf 84' lang='lat' dir='ltr'><em>consarcinata</em></span> <span class='ocrx_word' id='word_1_302' title='bbox 1704 2576 1755 2606; x_wconf 83' lang='lat' dir='ltr'><em>ex</em></span> <span class='ocrx_word' id='word_1_303' title='bbox 1785 2559 1864 2618; x_wconf 81' lang='lat' dir='ltr'><em>iis,</em></span> <span class='ocrx_word' id='word_1_304' title='bbox 1913 2576 2026 2624; x_wconf 86' lang='lat' dir='ltr'><em>quae</em></span> 
     </span>
     <span class='ocr_line' id='line_1_30' title="bbox 183 2636 2025 2701; baseline 0.002 -19"><span class='ocrx_word' id='word_1_305' title='bbox 183 2636 397 2699; x_wconf 80' lang='lat' dir='ltr'><em>leguntur</em></span> <span class='ocrx_word' id='word_1_306' title='bbox 422 2652 458 2683; x_wconf 89' lang='lat' dir='ltr'><em>c.</em></span> <span class='ocrx_word' id='word_1_307' title='bbox 478 2640 551 2685; x_wconf 88' lang='grc'><strong>90.</strong></span> <span class='ocrx_word' id='word_1_308' title='bbox 581 2643 672 2685; x_wconf 84' lang='grc'><em>312</em></span> <span class='ocrx_word' id='word_1_309' title='bbox 704 2648 750 2685; x_wconf 85' lang='lat' dir='ltr'><em>et</em></span> <span class='ocrx_word' id='word_1_310' title='bbox 779 2656 814 2688; x_wconf 92' lang='lat' dir='ltr'><em>c.</em></span> <span class='ocrx_word' id='word_1_311' title='bbox 844 2643 918 2687; x_wconf 90' lang='grc'><strong>91.</strong></span> <span class='ocrx_word' id='word_1_312' title='bbox 952 2645 1057 2687; x_wconf 87' lang='grc'><strong>316.</strong></span> <span class='ocrx_word' id='word_1_313' title='bbox 1119 2644 1244 2701; x_wconf 79' lang='lat' dir='ltr'><em>Quae</em></span> <span class='ocrx_word' id='word_1_314' title='bbox 1275 2645 1512 2684; x_wconf 84' lang='lat' dir='ltr'><em>narrantur</em></span> <span class='ocrx_word' id='word_1_315' title='bbox 1543 2637 1662 2683; x_wconf 88' lang='lat' dir='ltr'><em>enim</em></span> <span class='ocrx_word' id='word_1_316' title='bbox 1694 2654 1731 2684; x_wconf 88' lang='lat' dir='ltr'><em>c.</em></span> <span class='ocrx_word' id='word_1_317' title='bbox 1752 2641 1811 2684; x_wconf 88' lang='grc'><em>89</em></span> <span class='ocrx_word' id='word_1_318' title='bbox 1835 2645 1943 2686; x_wconf 81' lang='lat' dir='ltr'><em>extr.</em></span> <span class='ocrx_word' id='word_1_319' title='bbox 1976 2655 2025 2685; x_wconf 83' lang='lat' dir='ltr'><em>ea</em></span> 
     </span>
     <span class='ocr_line' id='line_1_31' title="bbox 184 2714 2025 2783; baseline 0.001 -21"><span class='ocrx_word' id='word_1_320' title='bbox 184 2715 408 2763; x_wconf 77' lang='lat' dir='ltr'><em>referenda</em></span> <span class='ocrx_word' id='word_1_321' title='bbox 434 2722 541 2763; x_wconf 84' lang='lat' dir='ltr'><em>sunt</em></span> <span class='ocrx_word' id='word_1_322' title='bbox 577 2717 633 2764; x_wconf 87' lang='lat' dir='ltr'><em>ad</em></span> <span class='ocrx_word' id='word_1_323' title='bbox 662 2735 700 2765; x_wconf 91' lang='lat' dir='ltr'><em>a.</em></span> <span class='ocrx_word' id='word_1_324' title='bbox 717 2722 770 2766; x_wconf 92' lang='lat' dir='ltr'><em>U.</em></span> <span class='ocrx_word' id='word_1_325' title='bbox 786 2723 830 2765; x_wconf 87' lang='lat' dir='ltr'><em>C.</em></span> <span class='ocrx_word' id='word_1_326' title='bbox 850 2722 953 2765; x_wconf 82' lang='grc'><strong>667.</strong></span> <span class='ocrx_word' id='word_1_327' title='bbox 986 2736 1074 2783; x_wconf 89' lang='lat' dir='ltr'><em>quo</em></span> <span class='ocrx_word' id='word_1_328' title='bbox 1105 2734 1185 2764; x_wconf 88' lang='lat' dir='ltr'><em>nec</em></span> <span class='ocrx_word' id='word_1_329' title='bbox 1209 2716 1336 2763; x_wconf 89' lang='lat' dir='ltr'><em>Sulla</em></span> <span class='ocrx_word' id='word_1_330' title='bbox 1366 2714 1635 2761; x_wconf 81' lang='lat' dir='ltr'><em>dictaturam</em></span> <span class='ocrx_word' id='word_1_331' title='bbox 1666 2714 1846 2763; x_wconf 87' lang='lat' dir='ltr'><em>tenebat</em></span> <span class='ocrx_word' id='word_1_332' title='bbox 1863 2751 1879 2775; x_wconf 93' lang='lat'><em>,</em></span> <span class='ocrx_word' id='word_1_333' title='bbox 1922 2734 2025 2779; x_wconf 80' lang='lat' dir='ltr'><em>nec,</em></span> 
     </span>
     <span class='ocr_line' id='line_1_32' title="bbox 185 2790 2026 2858; baseline 0.002 -20"><span class='ocrx_word' id='word_1_334' title='bbox 185 2790 303 2839; x_wconf 88' lang='lat' dir='ltr'><em>bello</em></span> <span class='ocrx_word' id='word_1_335' title='bbox 324 2792 445 2840; x_wconf 83' lang='lat' dir='ltr'><em>civili</em></span> <span class='ocrx_word' id='word_1_336' title='bbox 470 2793 688 2857; x_wconf 79' lang='lat' dir='ltr'><em>flagrante</em></span> <span class='ocrx_word' id='word_1_337' title='bbox 710 2805 756 2841; x_wconf 88' lang='lat' dir='ltr'><em>et</em></span> <span class='ocrx_word' id='word_1_338' title='bbox 777 2796 1068 2843; x_wconf 80' lang='lat' dir='ltr'><em>Mithridatico</em></span> <span class='ocrx_word' id='word_1_339' title='bbox 1089 2802 1374 2857; x_wconf 85' lang='lat' dir='ltr'><em>erumpente,</em></span> <span class='ocrx_word' id='word_1_340' title='bbox 1408 2793 1565 2839; x_wconf 84' lang='lat' dir='ltr'><em>Rhodii</em></span> <span class='ocrx_word' id='word_1_341' title='bbox 1591 2795 1784 2856; x_wconf 87' lang='lat' dir='ltr'><em>praemia</em></span> <span class='ocrx_word' id='word_1_342' title='bbox 1806 2797 2026 2858; x_wconf 76' lang='lat' dir='ltr'><em>postulare</em></span> 
     </span>
     <span class='ocr_line' id='line_1_33' title="bbox 186 2870 2027 2939; baseline 0.002 -22"><span class='ocrx_word' id='word_1_343' title='bbox 186 2879 388 2935; x_wconf 87' lang='lat' dir='ltr'><em>poterant</em></span> <span class='ocrx_word' id='word_1_344' title='bbox 404 2905 418 2930; x_wconf 94' lang='lat'><em>,</em></span> <span class='ocrx_word' id='word_1_345' title='bbox 460 2889 573 2936; x_wconf 83' lang='lat' dir='ltr'><em>quae</em></span> <span class='ocrx_word' id='word_1_346' title='bbox 603 2881 897 2932; x_wconf 84' lang='lat' dir='ltr'><em>meruerunt,</em></span> <span class='ocrx_word' id='word_1_347' title='bbox 929 2892 1071 2939; x_wconf 86' lang='lat' dir='ltr'><em>quum</em></span> <span class='ocrx_word' id='word_1_348' title='bbox 1104 2874 1249 2920; x_wconf 84' lang='lat' dir='ltr'><em>Italici</em></span> <span class='ocrx_word' id='word_1_349' title='bbox 1279 2879 1457 2917; x_wconf 86' lang='lat' dir='ltr'><em>auctore</em></span> <span class='ocrx_word' id='word_1_350' title='bbox 1488 2870 1740 2917; x_wconf 76' lang='lat' dir='ltr'><em>Mithridate</em></span> <span class='ocrx_word' id='word_1_351' title='bbox 1771 2889 1846 2935; x_wconf 89' lang='lat' dir='ltr'><em>per</em></span> <span class='ocrx_word' id='word_1_352' title='bbox 1877 2874 2027 2920; x_wconf 78' lang='lat' dir='ltr'><em>Asiam</em></span> 
     </span>
     <span class='ocr_line' id='line_1_34' title="bbox 186 2949 2029 3012; baseline 0.001 -17"><span class='ocrx_word' id='word_1_353' title='bbox 186 2949 541 2996; x_wconf 82' lang='lat' dir='ltr'><em>trucidabantur.</em></span> <span class='ocrx_word' id='word_1_354' title='bbox 602 2951 688 2997; x_wconf 83' lang='lat' dir='ltr'><em>Cic.</em></span> <span class='ocrx_word' id='word_1_355' title='bbox 711 2953 759 2998; x_wconf 87' lang='lat' dir='ltr'><em>in</em></span> <span class='ocrx_word' id='word_1_356' title='bbox 787 2956 907 3000; x_wconf 89' lang='lat' dir='ltr'><em>Verr.</em></span> <span class='ocrx_word' id='word_1_357' title='bbox 932 2958 1027 3000; x_wconf 81' lang='lat' dir='ltr'><em>Act.</em></span> <span class='ocrx_word' id='word_1_358' title='bbox 1058 2967 1109 2999; x_wconf 84' lang='lat'><em>11.</em></span> <span class='ocrx_word' id='word_1_359' title='bbox 1138 2957 1183 2999; x_wconf 76' lang='lat'><em>1..</em></span> <span class='ocrx_word' id='word_1_360' title='bbox 1202 2966 1253 2999; x_wconf 86' lang='lat'><em>11.</em></span> <span class='ocrx_word' id='word_1_361' title='bbox 1286 2967 1322 2997; x_wconf 91' lang='lat' dir='ltr'><em>c.</em></span> <span class='ocrx_word' id='word_1_362' title='bbox 1340 2954 1412 2995; x_wconf 85' lang='lat'><em>65.</em></span> <span class='ocrx_word' id='word_1_363' title='bbox 1448 2953 1552 2995; x_wconf 84' lang='lat'><strong>159.</strong></span> <span class='ocrx_word' id='word_1_364' title='bbox 1598 2949 1760 2994; x_wconf 73' lang='lat' dir='ltr'><em>Rhodii</em></span> <span class='ocrx_word' id='word_1_365' title='bbox 1773 2966 1917 3012; x_wconf 86' lang='lat' dir='ltr'><em>prope</em></span> <span class='ocrx_word' id='word_1_366' title='bbox 1939 2951 2029 2996; x_wconf 84' lang='lat' dir='ltr'><em>soli</em></span> 
     </span>
     <span class='ocr_line' id='line_1_35' title="bbox 188 3026 2028 3094; baseline 0.001 -21"><span class='ocrx_word' id='word_1_367' title='bbox 188 3027 352 3073; x_wconf 82' lang='lat' dir='ltr'><em>bellum</em></span> <span class='ocrx_word' id='word_1_368' title='bbox 383 3026 504 3073; x_wconf 85' lang='lat' dir='ltr'><em>illud</em></span> <span class='ocrx_word' id='word_1_369' title='bbox 537 3030 746 3090; x_wconf 85' lang='lat' dir='ltr'><em>superius</em></span> <span class='ocrx_word' id='word_1_370' title='bbox 782 3047 883 3076; x_wconf 85' lang='lat' dir='ltr'><em>cum</em></span> <span class='ocrx_word' id='word_1_371' title='bbox 918 3032 1183 3078; x_wconf 71' lang='lat' dir='ltr'><em>Mithridate</em></span> <span class='ocrx_word' id='word_1_372' title='bbox 1212 3046 1313 3094; x_wconf 82' lang='lat' dir='ltr'><em>rege</em></span> <span class='ocrx_word' id='word_1_373' title='bbox 1352 3035 1613 3091; x_wconf 80' lang='lat' dir='ltr'><em>gesserunt,</em></span> <span class='ocrx_word' id='word_1_374' title='bbox 1660 3043 1894 3090; x_wconf 86' lang='lat' dir='ltr'><em>omnesque</em></span> <span class='ocrx_word' id='word_1_375' title='bbox 1929 3030 2028 3074; x_wconf 89' lang='lat' dir='ltr'><em>eius</em></span> 
     </span>
     <span class='ocr_line' id='line_1_36' title="bbox 185 3105 2028 3170; baseline 0.001 -19"><span class='ocrx_word' id='word_1_376' title='bbox 185 3107 339 3168; x_wconf 80' lang='lat' dir='ltr'><em>copias</em></span> <span class='ocrx_word' id='word_1_377' title='bbox 365 3106 715 3169; x_wconf 83' lang='lat' dir='ltr'><em>acerrimumque</em></span> <span class='ocrx_word' id='word_1_378' title='bbox 745 3109 982 3170; x_wconf 82' lang='lat' dir='ltr'><em>imperium</em></span> <span class='ocrx_word' id='word_1_379' title='bbox 1011 3109 1239 3156; x_wconf 79' lang='lat' dir='ltr'><em>moenibus</em></span> <span class='ocrx_word' id='word_1_380' title='bbox 1255 3142 1269 3166; x_wconf 96' lang='lat'><em>,</em></span> <span class='ocrx_word' id='word_1_381' title='bbox 1302 3106 1534 3152; x_wconf 78' lang='lat' dir='ltr'><em>littoribus</em></span> <span class='ocrx_word' id='word_1_382' title='bbox 1549 3139 1563 3163; x_wconf 91' lang='lat'><em>,</em></span> <span class='ocrx_word' id='word_1_383' title='bbox 1594 3105 1903 3169; x_wconf 80' lang='lat' dir='ltr'><em>classibusque</em></span> <span class='ocrx_word' id='word_1_384' title='bbox 1927 3109 2028 3153; x_wconf 86' lang='lat' dir='ltr'><em>suis</em></span> 
     </span>
     <span class='ocr_line' id='line_1_37' title="bbox 190 3182 2023 3251; baseline 0.003 -22"><span class='ocrx_word' id='word_1_385' title='bbox 190 3192 469 3247; x_wconf 72' lang='lat' dir='ltr'><em>exceperunt.</em></span> <span class='ocrx_word' id='word_1_386' title='bbox 533 3185 722 3247; x_wconf 74' lang='lat' dir='ltr'><em>Appian,</em></span> <span class='ocrx_word' id='word_1_387' title='bbox 753 3190 800 3232; x_wconf 90' lang='lat' dir='ltr'><em>B.</em></span> <span class='ocrx_word' id='word_1_388' title='bbox 834 3188 982 3234; x_wconf 80' lang='lat' dir='ltr'><em>Mithr.</em></span> <span class='ocrx_word' id='word_1_389' title='bbox 1013 3204 1050 3234; x_wconf 86' lang='lat' dir='ltr'><em>c.</em></span> <span class='ocrx_word' id='word_1_390' title='bbox 1073 3190 1158 3251; x_wconf 70' lang='lat'><em>24.</em></span> <span class='ocrx_word' id='word_1_391' title='bbox 1199 3191 1286 3233; x_wconf 76' lang='grc' dir='ltr'><em>Ἐν</em></span> <span class='ocrx_word' id='word_1_392' title='bbox 1331 3185 1389 3233; x_wconf 78' lang='grc' dir='ltr'><em>δὲ</em></span> <span class='ocrx_word' id='word_1_393' title='bbox 1427 3187 1588 3249; x_wconf 80' lang='grc' dir='ltr'><strong>τούτῳ</strong></span> <span class='ocrx_word' id='word_1_394' title='bbox 1623 3182 1822 3234; x_wconf 79' lang='grc' dir='ltr'><strong><em>Ῥόδιοι</em></strong></span> <span class='ocrx_word' id='word_1_395' title='bbox 1868 3187 1927 3233; x_wconf 84' lang='grc' dir='ltr'><em>τά</em></span> <span class='ocrx_word' id='word_1_396' title='bbox 1972 3204 2023 3234; x_wconf 80' lang='grc' dir='ltr'><em>τε</em></span> 
     </span>
     <span class='ocr_line' id='line_1_38' title="bbox 191 3252 2027 3332; baseline 0.002 -24"><span class='ocrx_word' id='word_1_397' title='bbox 191 3265 331 3322; x_wconf 73' lang='grc' dir='ltr'><strong><em>τείχη</em></strong></span> <span class='ocrx_word' id='word_1_398' title='bbox 370 3263 509 3322; x_wconf 79' lang='grc' dir='ltr'><strong><em>σφῶν</em></strong></span> <span class='ocrx_word' id='word_1_399' title='bbox 544 3267 626 3310; x_wconf 84' lang='grc' dir='ltr'><em>καὶ</em></span> <span class='ocrx_word' id='word_1_400' title='bbox 670 3266 1030 3326; x_wconf 77' lang='grc' dir='ltr'><em>τοὺς”λιμε’νας</em></span> <span class='ocrx_word' id='word_1_401' title='bbox 1068 3252 1415 3332; x_wconf 70' lang='grc' dir='ltr'><em>ἒκρὰτύναντο,</em></span> <span class='ocrx_word' id='word_1_402' title='bbox 1467 3266 1550 3312; x_wconf 72' lang='grc' dir='ltr'><em>καὶ</em></span> <span class='ocrx_word' id='word_1_403' title='bbox 1580 3268 1799 3328; x_wconf 74' lang='grc' dir='ltr'><strong><em>μηχανάς</em></strong></span> <span class='ocrx_word' id='word_1_404' title='bbox 1841 3269 2027 3314; x_wconf 70' lang='grc' dir='ltr'>ἅπασιν</span> 
     </span>
     <span class='ocr_line' id='line_1_39' title="bbox 191 3339 2026 3410; baseline 0.003 -23"><span class='ocrx_word' id='word_1_405' title='bbox 191 3339 468 3400; x_wconf 70' lang='grc' dir='ltr'><strong>ἐφίστανον.</strong></span> <span class='ocrx_word' id='word_1_406' title='bbox 499 3369 559 3380; x_wconf 74' lang='lat'><em>—-</em></span> <span class='ocrx_word' id='word_1_407' title='bbox 595 3346 741 3390; x_wconf 70' lang='lat' dir='ltr'><em>“Oooe.</em></span> <span class='ocrx_word' id='word_1_408' title='bbox 770 3363 822 3392; x_wconf 86' lang='grc' dir='ltr'><em>τε</em></span> <span class='ocrx_word' id='word_1_409' title='bbox 846 3344 898 3399; x_wconf 75' lang='grc' dir='ltr'><em>ἐξ</em></span> <span class='ocrx_word' id='word_1_410' title='bbox 928 3348 1105 3401; x_wconf 70' lang='grc' dir='ltr'><strong><em>Ἀσίας</em></strong></span> <span class='ocrx_word' id='word_1_411' title='bbox 1127 3349 1312 3395; x_wconf 80' lang='grc' dir='ltr'><em>Ἰταλοὶ</em></span> <span class='ocrx_word' id='word_1_412' title='bbox 1340 3341 1742 3410; x_wconf 74' lang='grc' dir='ltr'><strong><em>διεπεφεύγεσαν,</em></strong></span> <span class='ocrx_word' id='word_1_413' title='bbox 1778 3345 1829 3401; x_wconf 73' lang='grc' dir='ltr'><em>ἐς</em></span> <span class='ocrx_word' id='word_1_414' title='bbox 1850 3347 2026 3394; x_wconf 74' lang='grc' dir='ltr'><em>Ῥόδον</em></span> 
     </span>
     <span class='ocr_line' id='line_1_40' title="bbox 193 3421 2027 3490; baseline 0.004 -24"><span class='ocrx_word' id='word_1_415' title='bbox 193 3421 400 3476; x_wconf 74' lang='grc' dir='ltr'><strong><em>ἅπαντες</em></strong></span> <span class='ocrx_word' id='word_1_416' title='bbox 433 3421 659 3486; x_wconf 67' lang='grc' dir='ltr'><strong>ἐχώρουν.</strong></span> <span class='ocrx_word' id='word_1_417' title='bbox 724 3429 803 3470; x_wconf 90' lang='lat' dir='ltr'><em>Pro</em></span> <span class='ocrx_word' id='word_1_418' title='bbox 834 3425 996 3489; x_wconf 89' lang='lat' dir='ltr'><em>quibus</em></span> <span class='ocrx_word' id='word_1_419' title='bbox 1027 3427 1201 3472; x_wconf 84' lang='lat' dir='ltr'><em>auxiliis</em></span> <span class='ocrx_word' id='word_1_420' title='bbox 1232 3425 1390 3471; x_wconf 87' lang='lat' dir='ltr'><em>Rhodii</em></span> <span class='ocrx_word' id='word_1_421' title='bbox 1421 3443 1563 3489; x_wconf 85' lang='lat' dir='ltr'><em>quum</em></span> <span class='ocrx_word' id='word_1_422' title='bbox 1594 3427 1790 3490; x_wconf 84' lang='lat' dir='ltr'><em>praemia</em></span> <span class='ocrx_word' id='word_1_423' title='bbox 1833 3427 2027 3490; x_wconf 82' lang='lat' dir='ltr'><em>postula·</em></span> 
     </span>
     <span class='ocr_line' id='line_1_41' title="bbox 188 3501 2023 3565; baseline 0.002 -19"><span class='ocrx_word' id='word_1_424' title='bbox 188 3507 319 3559; x_wconf 85' lang='lat' dir='ltr'><em>rent,</em></span> <span class='ocrx_word' id='word_1_425' title='bbox 367 3501 577 3550; x_wconf 67' lang='lat' dir='ltr'><em>Molonem</em></span> <span class='ocrx_word' id='word_1_426' title='bbox 616 3504 832 3551; x_wconf 86' lang='lat' dir='ltr'><em>miserunt</em></span> <span class='ocrx_word' id='word_1_427' title='bbox 868 3505 923 3553; x_wconf 87' lang='lat' dir='ltr'><em>ad</em></span> <span class='ocrx_word' id='word_1_428' title='bbox 964 3513 1181 3553; x_wconf 83' lang='lat' dir='ltr'><em>senatum.</em></span> <span class='ocrx_word' id='word_1_429' title='bbox 1224 3503 1365 3551; x_wconf 79' lang='lat' dir='ltr'><em>valer.</em></span> <span class='ocrx_word' id='word_1_430' title='bbox 1400 3504 1569 3551; x_wconf 71' lang='lat' dir='ltr'><em>Maxim.</em></span> <span class='ocrx_word' id='word_1_431' title='bbox 1605 3518 1656 3552; x_wconf 90' lang='lat'><em>11.</em></span> <span class='ocrx_word' id='word_1_432' title='bbox 1685 3522 1721 3552; x_wconf 84' lang='lat' dir='ltr'><em>e.</em></span> <span class='ocrx_word' id='word_1_433' title='bbox 1754 3508 1797 3552; x_wconf 76' lang='lat'><em>2.</em></span> <span class='ocrx_word' id='word_1_434' title='bbox 1831 3510 1873 3553; x_wconf 88' lang='lat'><em>3.</em></span> <span class='ocrx_word' id='word_1_435' title='bbox 1910 3507 2023 3565; x_wconf 79' lang='lat' dir='ltr'><em>Quis</em></span> 
     </span>
    </p>
   </div>
  </div>
 </body>
</html>
