2158 4030
435 213 487 267 L.
515 213 550 267 1.
595 230 637 265 c.
665 212 800 266 XXI.
846 213 885 283 §
914 217 982 265 67
1024 243 1098 251 —-
1139 232 1184 265 c.
1212 214 1372 268 XXll.
1417 216 1454 287 §
1482 221 1565 268 71.
1849 219 1912 269 51

105 351 343 428 rerum,'
371 363 517 436 quae'
545 362 611 418 de
644 360 921 418 hominum
954 363 1223 429 moribus,
1262 380 1398 436 quae
1437 363 1503 418 de
1534 363 1923 435 rebuspublicis

105 464 440 526 dicerentur;
505 461 598 519 sed
642 462 931 527 annulum,
992 479 1153 535 quem
1198 462 1447 528 haberet,
1508 463 1755 535 pallium,
1820 482 1925 535 quo

107 564 366 628 amictuS‚
405 580 616 628 soccos,
657 564 851 636 quibus
893 563 1115 617 indutus
1147 570 1315 626 esset,
1368 581 1424 617 se
1465 580 1561 617 sua
1601 580 1765 617 manu
1803 580 1923 616 con·

105 663 314 719 fecisse.
407 663 624 719 Scilicet
663 665 825 719 nimis
858 664 945 719 hic
977 664 1193 736 quidem
1234 671 1315 719 est
1348 680 1692 736 progressuS,
1733 664 1823 718 sed
1864 682 1925 718 ex

103 779 164 819 eo
190 764 305 837 ipso
336 768 420 819 est
445 765 757 820 coniectura
784 763 984 830 facilis,
1023 770 1286 837 quantum
1316 763 1418 817 sibi
1452 763 1528 818 illi
1558 764 1659 836 ipsi
1692 771 1929 819 oratores

102 862 168 919 de
212 862 658 936 praeclarissimis
702 865 910 924 artibus
954 865 1312 938 appetierint,
1364 865 1457 937 qui
1498 880 1565 920 ne
1609 844 1931 921 sordidiores

108 963 325 1039 quidem
369 966 725 1039 repudiarint.
802 970 893 1025 69.
936 965 1075 1034 Quid
1121 965 1188 1021 de
1232 964 1455 1021 Prodico
1499 965 1637 1021 Ceo?
1690 966 1821 1039 quid
1865 967 1931 1021 de

108 1064 510 1140 Thrasymacho
548 1065 897 1122 Chalcedonio
917 1108 933 1132 ,
984 1065 1051 1121 de
1098 1067 1386 1138 Protagora
1420 1065 1674 1123 Abderita
1708 1067 1930 1140 loquar?

110 1169 342 1240 quorum
389 1182 532 1222 unus
570 1168 798 1240 quisque
837 1167 1131 1239 plurimum
1165 1167 1495 1239 temporibus
1527 1168 1634 1223 illis
1665 1169 1828 1223 etiam
1867 1167 1934 1223 de

108 1272 302 1322 natura
345 1281 529 1323 rerum
563 1273 618 1321 et
662 1266 920 1322 disseruit
956 1267 1011 1321 et
1044 1267 1278 1337 scripsit.
1359 1267 1476 1338 Ipse
1523 1267 1610 1322 ille
1643 1268 1933 1322 Leontinus

107 1364 370 1437 Gorgias,
412 1370 475 1420 ut
519 1370 599 1419 est
640 1366 696 1419 in
742 1363 831 1419 illo
879 1365 993 1437 ipso
1039 1364 1276 1419 Platonis
1322 1365 1486 1431 libro,
1537 1365 1605 1421 de
1649 1367 1793 1421 omni
1840 1382 1933 1431 re,

109 1476 482 1537 quaecumque
526 1464 582 1519 in
616 1463 1057 1537 disceptationem
1105 1466 1579 1539 quaestionemque
1622 1474 1934 1531 vocaretur,

35 1604 38 1607 Δ
106 1578 168 1621 se
192 1563 557 1638 copiosissime
589 1563 866 1620 dicturum
899 1579 1015 1620 esse
1049 1565 1359 1638 profitetur;
1400 1566 1551 1639 isque
1590 1568 1840 1639 princeps
1870 1583 1935 1622 ex

6 1659 7 1726 Ξ
110 1662 362 1734 omnibus
389 1680 555 1721 ausus
588 1671 673 1720 est
704 1665 759 1720 in
794 1671 1061 1721 conventu
1095 1681 1340 1738 poscere,
1379 1682 1487 1739 qua
1521 1666 1586 1722 de
1619 1682 1677 1721 re
1709 1667 1938 1738 quisque

110 1764 273 1836 vellet
299 1763 515 1829 endirez
552 1767 642 1822 cui
674 1771 862 1822 tantus
901 1765 1069 1821 honos
1108 1765 1325 1822 habitus
1357 1773 1440 1822 est
1472 1782 1504 1822 a
1541 1767 1765 1823 Graecia
1786 1809 1801 1832 ,
1841 1767 1938 1822 soli

7 1915 9 1923 ,
112 1871 274 1923 utex
305 1865 555 1923 omnihus
594 1866 812 1940 Delphis
846 1883 951 1923 non
980 1863 1230 1923 inaurata
1261 1875 1471 1934 statua,
1510 1867 1604 1924 sed
1638 1884 1801 1924 aurea
1834 1875 1939 1923 sta·

8 1993 9 1998 1
113 1971 379 2026 tueretura
429 2011 433 2018 .
471 1967 647 2040 Atque
680 1967 749 2034 ii,
808 1984 942 2041 quos
994 1970 1294 2034 nominavi,
1361 1969 1628 2043 multique
1666 1977 1940 2042 praeterea

10 2086 11 2091 ¹
113 2067 314 2125 summi
347 2066 560 2124 dicendi
600 2074 848 2125 auctores
880 2085 989 2126 uno
1020 2076 1260 2143 tempor-e
1299 2068 1537 2126 suerunt.

191 2266 355 2324 XXII.
436 2271 525 2324 70.
565 2267 661 2339 His
683 2275 699 2306 ¹
749 2268 996 2341 opposuit
1040 2284 1157 2324 sese
1190 2268 1465 2334 SocrateS,
1517 2269 1611 2340 qui
1646 2267 1944 2323 subtilitate

116 2367 347 2442 quadam
379 2366 704 2442 ¹disputandi
750 2367 991 2424 refellere
1029 2384 1218 2424 eorum
1265 2368 1517 2422 instituta
1567 2366 1791 2429 solebat:
1837 2370 1943 2439 pri·

115 2483 372 2541 mumque
409 2474 528 2524 tum
566 2466 928 2540 philosophia,
969 2485 1077 2523 non
1109 2468 1201 2524 illa
1233 2466 1300 2524 de
1326 2475 1552 2533 natura,
1591 2484 1730 2540 quae
1769 2465 1946 2523 fuerat

115 2548 415 2641 antiquior,
454 2566 548 2624 sed
574 2567 735 2634 haec,
775 2568 831 2623 in
860 2586 967 2642 qua
994 2568 1061 2624 de
1092 2568 1246 2623 bonis
1284 2568 1447 2623 rebus
1485 2574 1540 2624 et
1578 2568 1735 2623 malis
1773 2568 1946 2641 deque

117 2668 396 2728 hominum
434 2669 548 2725 vita
579 2675 634 2725 et
666 2669 909 2726 moribus
941 2670 1281 2743 disputatur,
1322 2670 1539 2725 inventa
1571 2686 1688 2724 esse
1725 2669 1945 2725 dicitur.

62 2764 74 2769 ”
119 2769 298 2827 Huius„
328 2786 394 2826 ex
431 2769 722 2826 uberrimis
761 2770 1098 2827 sermonibus
1131 2770 1459 2826 exstiterunt
1490 2768 1788 2825 doctissimi
1823 2771 1946 2824 viri.

17 2947 19 2951 Α
108 2869 335 2950 -Ιιοιιςαῒ
361 2886 488 2926 vero
500 2871 769 2937 omnium,
791 2860 1119 2944 quicumque
1139 2872 1475 2944 scripserunt
1500 2877 1596 2927 aut
1609 2870 1774 2925 locuti
1795 2878 1947 2934 sunt,

121 2971 326 3029 exstitit
351 2978 407 3027 et
431 2974 698 3029 suavitate
723 2980 779 3029 et
811 2974 1075 3046 gravitate
1100 2974 1350 3046 princeps
1376 2972 1542 3027 Plato.
1602 2971 1734 3039 Quis
1754 2978 1775 3010 ³
1802 2973 1946 3026 enim

122 3071 336 3129 uberior
373 3074 430 3129 in
469 3073 695 3129 dicendo
741 3075 1000 3130 Platone?
1094 3075 1270 3129 Iovem
1317 3075 1470 3128 aiunt
1517 3071 1851 3144 philosophi,
1902 3073 1948 3126 si
2022 3083 2024 3085 ’

123 3171 320 3231 Graece
363 3173 642 3247 loquatur,
695 3176 775 3230 sic
814 3175 988 3248 loqui:
1042 3182 1104 3230 ut
1123 3180 1146 3213 ⁴
1197 3173 1560 3246 Xenophontis
1599 3189 1726 3227 voce
1770 3171 1950 3226 Musas

125 3274 278 3344 quasi
299 3272 515 3330 'locutas
541 3274 739 3330 serunt.
804 3281 890 3332 71.
934 3276 1099 3344 Quis⁵
1130 3274 1414 3331 Aristotele
1441 3275 1742 3338 nervosior,
1783 3273 1947 3327 Theo·

187 3428 364 3486 ¹)scut.
391 3430 628 3490 assei.
659 3456 718 3465 -
754 3431 1110 3490 ²)0ratotc.19.
1136 3431 1247 3487 §om
1283 3432 1341 3463 ¹-
1372 3431 1412 3490 5)
1432 3433 1555 3480 erut.
1571 3447 1608 3477 c.
1627 3435 1699 3477 31.
1725 3431 1871 3486 §121.
1893 3455 1947 3462 -

129 3514 174 3572 ⁴)
205 3515 357 3562 omm-
387 3518 512 3563 c·19.
542 3517 661 3576 §62.
694 3543 753 3577 ,ἶ
784 3521 825 3578 5)
857 3522 978 3565 Brut.
1004 3521 1131 3564 c.31.
1165 3519 1312 3575 §¹21-
