2150 3990
410 228 463 289 t.
491 234 549 288 v.
594 253 637 289 ε.
664 232 896 290 xxvm.
939 232 978 306 g
1006 237 1075 287 το
1113 262 1187 272 -
1224 232 1480 287 c.xx1x.
1526 233 1564 305 g
1593 238 1675 286 75.
1843 236 1949 287 227

44 428 51 463 ÷
134 384 404 441 videretur
443 392 553 441 tam
598 384 851 460 populare
887 384 955 441 ad
993 378 1173 458 populi
1210 383 1436 439 Romani
1475 398 1634 439 aures
1676 382 1950 437 accidisse.

15 518 49 568 ,g
138 490 223 541 73.
266 484 564 541 Productus
606 492 687 542 est
708 510 711 512 ·
731 486 798 542 ab
829 502 898 542 co*
921 484 1014 540 Cn.
1038 474 1344 557 Pompeius,
1381 483 1478 555 qni
1510 496 1616 537 non
1647 481 1821 537 solum
1859 499 1951 538 au-

34 574 44 590 ”
134 591 250 641 ctor
283 600 432 643 meae
464 587 652 643 salutis
668 630 681 651 ,
722 587 814 643 sed
841 587 1004 642 etiam
1036 583 1257 658 supplex
1289 583 1483 656 populo
1515 583 1755 638 Romano
1791 585 1951 638 exsti·

38 735 42 751 ,
135 688 218 743 tit.
299 686 472 742 Huius
510 679 710 752 oratio',
769 695 822 743 et
859 687 1144 760 pergravis
1171 692 1234 741 et
1263 692 1418 757 grata
1462 685 1741 748 concioni,
1792 682 1896 738 luit
1917 690 1954 748 ¹,

32 779 44 830 ἶ
133 785 584 860 quemadmodum
632 789 848 859 accepi,
899 787 1188 860 tripartita.
1263 787 1507 843 Primum
1539 784 1724 841 docuit
1743 828 1759 850 ,
1811 785 1949 839 meis

34 873 39 950 ἶ
132 865 373 942 consiliis
420 885 808 960 rempublicam
859 902 975 943 esse
1021 892 1313 953 servatam,
1370 901 1727 958 caussamque
1776 900 1953 942 meam

33 984 39 1035 ἑ
132 1001 258 1042 cum
316 988 590 1043 communi
644 987 816 1043 salute
875 987 1190 1053 coniunxit,
1261 987 1616 1058 hortatusque
1689 991 1772 1040 est
1802 1026 1817 1049 ,
1894 990 1956 1040 ut

131 1101 316 1142 omnes
373 1087 751 1143 auctoritatem
809 1094 1028 1143 senatus
1049 1129 1063 1153 ,
1122 1094 1327 1143 statum
1384 1087 1651 1150 civitatiS,
1711 1083 1954 1141 fortunas

132 1186 305 1242 civis·
339 1184 475 1243 hene
530 1189 713 1242 meriti
768 1186 1147 1243 defenderent:
1226 1194 1349 1242 tum
1399 1188 1457 1240 in
1512 1183 1808 1257 perorando
1863 1199 1953 1256 po·

130 1286 268 1350 suit,
306 1286 563 1358 populum
590 1286 895 1341 :Romanum
934 1287 1114 1356 rogari
1153 1302 1185 1340 a
1223 1291 1443 1349 senatu,
1482 1286 1662 1355 rogari
1701 1283 1771 1338 ab
1806 1284 1954 1355 equi·

129 1383 274 1440 tibus
308 1384 609 1449 Romanis,
647 1386 827 1456 rogari
859 1383 948 1439 -ab
985 1383 1139 1440 ltalia
1175 1391 1406 1440 cuncta:
1460 1383 1693 1455 denique
1731 1384 1845 1455 ipse
1888 1383 1958 1438 ad

127 1489 560 1556 extremumpro
590 1499 710 1539 mea
741 1483 916 1539 salute
947 1497 1054 1539 non
1086 1486 1298 1558 rogavit
1329 1484 1529 1549 solum,
1569 1499 1758 1539 verum
1791 1484 1957 1540 etiam

127 1582 440 1640 obsecravit.
535 1588 622 1640 74.
664 1582 865 1656 Eodem
886 1590 908 1622 ²
957 1591 1198 1657 tempore
1255 1583 1464 1639 audivit
1520 1583 1611 1639 ille
1660 1591 1957 1640 conventus

125 1681 311 1741 eodem
347 1697 417 1741 ex
453 1683 568 1740 loco
599 1695 840 1742 summos
878 1685 1050 1751 viros,
1088 1685 1461 1741 ornatissimos
1499 1692 1663 1758 atque
1693 1684 1957 1758 amplissi-

80 1772 82 1774 ’
126 1774 241 1840 mes
272 1782 540 1851 homines,
578 1785 850 1859 principes
876 1785 1138 1851 civitam,
1177 1801 1365 1841 omnes
1396 1785 1731 1851 consumta,
1769 1802 1957 1842 omnes

127 1885 422 1958 praetorios
468 1883 658 1943 eadem
710 1885 888 1944 dicere
909 1928 924 1950 ,
976 1891 1039 1942 ut
1082 1886 1327 1940 omnium
1377 1885 1687 1941 testimonio
1730 1900 1827 1958 per
1868 1902 1958 1943 me

126 1999 299 2045 unum
328 1986 735 2060 rempublicam
787 1990 1158 2044 conservatam
1208 2002 1326 2043 esse
1382 1993 1671 2043 constaret.
1769 1988 1958 2060 ltaque

127 2097 296 2159 quum
336 2086 392 2142 P.
430 2086 713 2153 Servium,
766 2089 1120 2159 gravissimus
1158 2089 1243 2142 vir
1282 2095 1339 2142 et
1374 2089 1755 2143 ornatissimus
1785 2089 1922 2143 civis
1941 2129 1956 2152 ‚

125 2186 376 2252 dixisset,
414 2202 576 2260 opera
613 2201 735 2243 mea
771 2188 1159 2260 rempublicam
1193 2187 1518 2243 incolumem
1549 2188 1958 2260 magistratibus

125 2287 384 2361 deinceps
406 2283 696 2354 traditam,
735 2287 989 2364 dixeqmt
1027 2289 1084 2344 in
1124 2287 1367 2344 eamdem
1406 2290 1730 2344 sententiam
1769 2290 1954 2345 ceteri.

12 2394 19 2466 ᾔ
126 2380 347 2444 Audivit
388 2403 453 2444 eo
482 2404 698 2461 quoque
730 2394 970 2460 tempore
1009 2387 1299 2443 clarissimi
1348 2389 1454 2442 viri
1493 2405 1600 2443 non
1644 2388 1821 2444 solum
1863 2405 1956 2445 au-

14 2480 19 2502 “’
125 2487 459 2553 otei-itatem,
517 2486 610 2543 sed
655 2488 819 2543 etiam
870 2488 1272 2553 testimonium,
1320 2488 1377 2543 L.
1418 2488 1601 2544 Gellii:
1653 2491 1777 2560 qui,
1827 2491 1956 2561 quia

125 2602 290 2644 suam·
326 2582 553 2645 classem
603 2594 924 2645 attentatam
962 2605 1159 2662 magno
1196 2606 1323 2645 cum
1369 2606 1481 2646 suo-
1508 2590 1747 2662 periculo
1785 2606 1955 2663 paene

50 2691 52 2694 ’
124 2691 320 2756 sensit,
371 2690 511 2757 dixit
548 2691 604 2745 in
643 2692 931 2746 concione:
990 2692 1036 2744 si
1074 2707 1166 2762 eqo
1205 2691 1383 2745 consul
1403 2728 1417 2755 ,
1470 2709 1632 2763 quum
1681 2692 1765 2764 sui
1785 2733 1799 2755 ,
1851 2709 1954 2746 non

122 2790 368 2862 fuissem,
391 2791 771 2864 rempublicam
795 2775 1038 2866 funditas
1062 2792 1395 2847 interituram
1419 2793 1602 2865 fuisse.
1665 2795 1752 2847 75.
1795 2792 1909 2860 Quo
1930 2799 1952 2830 ³

123 2890 336 2950 silentio
386 2898 514 2947 sunt
553 2892 725 2949 auditi
764 2892 830 2948 de
868 2907 956 2948 me
993 2893 1159 2948 ceteri
1199 2893 1470 2965 principes
1510 2892 1780 2946 civitatis!
1819 2909 1955 2964 quos

27 3003 29 3017 ·
123 2991 328 3046 idcirco
363 3006 477 3048 non*
510 2992 715 3066 appello
752 2992 852 3049 hoc
883 2993 1026 3059 loco,
1079 3011 1147 3048 ne
1179 3009 1300 3048 mea
1337 2993 1537 3057 oratio,
1585 2992 1631 3045 si
1664 2991 1847 3046 minus
1884 2991 1953 3047 de

126 3091 304 3165 aliquo
348 3092 581 3159 dixero,
611 3094 845 3165 ingratam
897 3095 943 3149 si
982 3095 1114 3150 satis
1152 3094 1219 3149 de
1256 3094 1533 3158 omnihus,
1586 3091 1797 3147 infinita
1835 3109 1954 3148 esse

125 3193 385 3251 videatur.
459 3195 802 3269 Quamquam
824 3202 844 3234 ⁴
878 3195 1012 3253 mihi
1051 3198 1241 3252 maiori
1277 3211 1436 3250 curae
1458 3200 1566 3257 est,
1608 3193 1949 3265 quemadmo-

127 3347 336 3365 -ὰ

190 3456 226 3511 ·)
259 3453 312 3498 ad
335 3455 497 3513 Quirit.
525 3466 618 3517 post
646 3456 838 3502 reditum
864 3473 900 3502 c.
919 3459 960 3501 7.
989 3459 1105 3513 §16.
1140 3483 1197 3489 —
1230 3459 1270 3514 ⁹)
1290 3453 1395 3499 ibid.
1417 3456 1440 3511 §
1461 3456 1530 3497 17.
1566 3479 1622 3488 -—-
1657 3456 1696 3512 ⁵)
1715 3471 1790 3515 pro
1805 3456 1949 3499 Sextio

123 3534 246 3577 0050.
281 3533 426 3591 §108⁴
459 3560 518 3569 --
547 3537 588 3594 l2)
620 3535 672 3582 ad
695 3534 857 3595 Quirit.
894 3543 985 3595 post
1018 3534 1144 3581 redit.
1178 3550 1211 3580 c.
1230 3537 1272 3578 9.
1307 3535 1422 3592 §22-

1608 3609 1696 3658 15·
