2210 3970
442 231 659 289 L.V111.
702 249 749 287 ο.
773 232 964 289 xxm.
1008 230 1143 305 §257
1186 263 1258 271 --
1298 247 1351 285 ο..
1370 232 1554 288 xxiv.
1597 232 1748 306 §59-
1898 238 2010 289 573

178 387 268 438 58.
309 382 376 439 In
407 383 492 439 bis
525 402 623 456 ego
652 402 738 441 me
768 383 1252 441 consultationibus
1281 400 1536 441 exercens
1567 390 1622 439 et
1650 383 1919 438 disserens
1952 386 2007 438 in

176 490 463 557 utramque
489 491 723 558 partem,
762 491 881 542 tum
910 485 1137 548 Graece,
1176 489 1295 538 tum
1334 482 1552 548 Latine,
1590 490 1647 538 et
1675 482 2006 538 abduceham

172 591 487 658 parumper
515 585 759 640 animum
799 602 831 640 a
869 585 1157 650 molestiis,
1208 591 1263 639 et
1298 589 1400 639 τῶν
1438 583 1696 652 προῦργου.
1728 604 1780 638 τι
1814 582 2009 638 delibe—

175 685 378 741 rabam.
457 685 639 757 Neque
659 691 679 724 ¹
719 685 893 742 solum
926 703 991 742 ea
1028 684 1413 759 perspiciebam
1434 727 1450 749 ,
1489 701 1627 757 quae
1659 683 2010 756 gerebantur,

171 801 415 858 quaeque
467 785 574 840 iam
613 791 767 856 gesta
809 792 1002 852 erant,
1049 785 1143 841 sed
1175 786 1371 851 etiam,
1424 786 1518 858 qui
1559 801 1753 841 cursus
1790 799 1974 839 rerum
1996 826 2011 848 ‚

171 884 267 957 qui
317 884 497 948 exitus
534 883 755 940 futurus
793 892 956 941 esset.
1030 885 1174 958 Ergo
1206 892 1303 942 aut
1340 885 1566 959 probare
1604 883 1883 958 oportebat
1918 900 2011 948 ea,

168 998 308 1057 quae
341 983 563 1050 fiebant,
602 992 698 1041 aut
724 986 1010 1051 interesse,
1050 987 1263 1043 etiamsi
1294 1003 1399 1043 non
1429 986 1739 1060 probarem:
1778 1001 2010 1059 quorum

172 1084 343 1142 altera
379 1085 515 1141 mihi
547 1087 749 1159 turpiS,
789 1087 960 1143 altera
997 1089 1163 1144 etiam
1195 1087 1494 1161 periculosa
1532 1088 1681 1143 ratio·
1708 1086 2009 1143 videbatur.

176 1185 466 1252 Restabat,
492 1193 555 1243 ut
581 1187 967 1243 discedendum
995 1195 1262 1260 putarem.
1341 1189 1403 1244 In
1429 1206 1537 1261 quo
1564 1188 1774 1262 reliqua
1800 1188 2011 1245 videbo

178 1292 271 1344 tur
325 1303 442 1343 esse
491 1287 840 1352 deliberatio,
892 1288 1035 1359 quod
1086 1288 1373 1343 consilium
1432 1290 1489 1344 in
1546 1289 1820 1354 discessu,
1876 1304 2016 1361 quae

168 1385 293 1442 ¹loca
339 1401 706 1458 sequeremur.
786 1383 1025 1441 Omnino
1055 1402 1226 1458 quum
1284 1388 1535 1442 miserior
1578 1403 1667 1443 res
1717 1403 2014 1459 numquam

172 1483 408 1551 cecidit,
447 1492 567 1542 tum
606 1500 675 1541 ne
710 1484 1024 1542 deliberatio
1062 1484 1281 1558 quidem
1319 1485 1607 1542 difficilior.
1687 1486 1830 1542 Nibil
1866 1489 2013 1543 enim

174 1586 435 1643 constitui
466 1591 706 1659 poterat,
743 1585 887 1659 quod
919 1602 1025 1643 non
1058 1586 1364 1643 incurreret
1397 1586 1453 1642 in
1487 1603 1739 1660 magnam
1778 1587 2014 1661 aliquam

176 1685 565 1744 difficultatem.

255 1887 442 1946 XXIV.
521 1893 611 1946 59.
651 1888 916 1962 Equidem
935 1895 958 1928 ²
998 1888 1134 1946 illud
1158 1887 1442 1955 moliebar,
1481 1888 1625 1962 quod
1652 1889 1869 1946 Atticus
1904 1906 2015 1947 mo-

169 1987 342 2046 nebat
383 1989 738 2064 sperabatque
776 1988 893 2046 fieri
931 2007 1085 2064 posse
1106 2032 1122 2056 ,
1161 1997 1223 2047 ut
1261 1989 1398 2046 mibi
1441 1990 1639 2047 Caesar
1671 1990 2018 2056 concederet,

182 2094 247 2146 ut
273 2088 518 2154 abessem
537 2112 569 2156 ‚·
592 2105 762 2162 quum
788 2089 994 2162 aliquid
1026 2090 1084 2146 in
1115 2097 1308 2146 senatu
1341 2096 1528 2145 eontra
1562 2090 1804 2146 Gnaeum
1837 2107 2018 2163 agere-

183 2195 293 2246 tura
370 2189 476 2246 Sed
502 2188 792 2254 timebam,
831 2205 902 2244 ne
927 2206 1034 2245 non
1062 2190 1426 2263 impetrarem.
1507 2190 1668 2246 Venit
1698 2190 1764 2246 ab
1792 2208 1857 2247 eo
1886 2191 2019 2248 Fur-

183 2290 337 2353 nius;
395 2290 636 2355 nuntiat,
690 2288 844 2345 illum
894 2291 1125 2347 maiores
1162 2290 1298 2347 mihi
1348 2291 1552 2363 gratias
1608 2308 1808 2363 agere,
1853 2308 2016 2365 quam

183 2389 397 2447 uellem.v
471 2388 614 2458 Quid
648 2394 837 2444 autem
869 2405 957 2445 me
995 2391 1233 2462 rogarit,
1275 2391 1485 2464 (paucis
1524 2390 1614 2446 ille
1649 2391 1869 2464 quidem
1902 2409 2016 2449 ver·

180 2490 295 2557 bis,
333 2489 431 2549 sed
464 2490 518 2546 ἐν
554 2486 803 2562 δυνάμει)
833 2506 1095 2561 cognosce
1124 2507 1189 2547 ex
1229 2491 1402 2565 ipsius
1431 2491 1683 2565 epistola:

522 2638 770 2697 Causae
812 2639 952 2698 Im’.
998 2660 1049 2701 s,
1076 2658 1137 2699 D.
1181 2641 1503 2700 C1csao1⁷1
1533 2642 1673 2701 Ins.

191 2793 395 2858 Quum-‘v
421 2792 682 2848 Furnium
705 2803 942 2851 nostrum
966 2803 1171 2850 tamum
1195 2795 1442 2851 vidissem
1456 2837 1471 2860 ,
1496 2812 1661 2869 neque
1686 2796 1831 2870 loqui
1856 2815 2019 2870 neque

182 2894 366 2950 audire
399 2910 514 2950 meo
550 2897 813 2951 commodo
844 2897 1129 2968 potuissem
1143 2939 1158 2962 ,
1190 2914 1534 2969 properarem
1569 2905 1725 2969 acque
1761 2916 1927 2953 essem
1961 2899 2020 2952 in

174 2995 396 3061 itinere,
447 2997 757 3066 praemissis
814 2998 924 3052 iam
975 2998 1263 3071 leqionibus
1292 3017 1309 3060 ‚·
1363 2999 1652 3070 praeterire
1696 3006 1870 3054 tamen
1919 3018 2022 3055 nou

176 3095 354 3167 potui,
394 3095 521 3167 quin
551 3104 600 3151 et
632 3097 914 3152 scriberem
947 3098 1016 3153 ad
1052 3106 1127 3164 te,
1165 3107 1216 3154 et
1246 3098 1403 3153 illum
1433 3098 1699 3153 mitterem
1723 3099 2024 3172 qratiasque

185 3212 395 3268 uqerem
414 3217 433 3252 .-
486 3198 582 3252 etsi
634 3197 728 3253 hoc
775 3207 823 3253 et
869 3200 974 3271 feci
1019 3217 1200 3272 saepe,
1251 3209 1300 3255 et
1347 3199 1557 3271 saepius
1597 3199 1733 3254 milu'
1782 3203 2022 3273 facturus

192 3293 399 3359 videam
449 3298 525 3352 ita
563 3298 626 3354 de
670 3316 754 3354 me
791 3300 1023 3355 ‘mereris
1103 3300 1170 3355 In
1207 3300 1401 3371 primis
1439 3318 1470 3353 a
1510 3308 1559 3354 te
1589 3308 1738 3372 pelo,
1777 3303 2023 3373 quoniam

261 3465 301 3521 ι)
331 3468 464 3528 Epist.
497 3467 550 3513 ad
582 3471 671 3512 Ser.
710 3467 955 3528 Sulpicium
991 3470 1065 3527 (ad
1099 3473 1217 3517 Fam.
1252 3473 1325 3516 1v.
1357 3472 1400 3513 2.
1433 3470 1541 3527 §3.)
1574 3494 1631 3503 —
1665 3471 1706 3528 9)
1737 3468 1791 3514 ad
1824 3473 1915 3516 Att.
1949 3474 2022 3516 ΙΧ.

186 3545 227 3586 e.
269 3546 318 3591 Α.
352 3546 436 3603 §a
470 3573 528 3582 ..-
561 3548 601 3606 5)
632 3545 747 3592 lbid.
780 3551 850 3593 ix.
881 3553 975 3595 ea.
