2150 3990
440 221 494 275 ι.
522 221 605 276 v1.
648 237 692 273 c.
720 217 926 275 xxvn.
970 217 1105 291 §69
1144 249 1218 256 -
1259 236 1302 270 0.
1330 217 1513 271 xxix.
1559 218 1597 290 ,ς
1627 222 1711 271 72.
1876 224 1974 274 271

158 380 268 430 tres
290 378 305 409 ¹
331 388 454 428 eum
490 370 746 428 sactiones
764 369 1128 443 postularant:
1166 367 1224 445 L.
1249 367 1506 424 Lentulus
1523 410 1538 433 ,
1569 367 1805 424 flaminis
1826 367 1985 433 tilius,

159 473 251 543 qui
283 489 418 528 eum·
446 470 511 527 de
549 473 830 526 maiestate
856 468 1179 544 postulavit:
1223 467 1305 524 Ti.
1345 467 1483 522 Nero
1521 483 1646 523 cum
1679 467 1832 523 honis
1865 468 1985 522 sul>-

158 571 532 645 scriptoribus:
561 572 616 629 G.
639 573 953 638 Memmius,
986 569 1237 626 tribunus
1256 568 1450 641 plebis,
1481 585 1608 624 cum
1633 568 1692 623 L.
1713 570 1986 641 Capitone.

160 672 667 740 Scd²‚.maiestatis
694 673 994 738 absolutuS,
1033 670 1315 727 videbatur
1354 669 1580 743 reliquis
1619 670 1836 726 iudiciis
1874 687 1990 742 per-

164 774 370 838 iturus,
411 779 466 828 et
491 774 728 829 maxime
767 773 832 827 de
866 772 1109 845 pecuniis
1140 769 1470 843 repetundis,
1545 770 1992 828 vociferabatur³

50 908 67 928 .
159 872 303 931 enim
354 871 668 937 MemmiuS‚
721 872 907 928 decem
940 871 1110 928 millia
1147 871 1412 927 talentum
1452 871 1675 928 Gabinio
1715 888 1834 927 esse
1872 886 1992 944 pro-

161 973 352 1038 missa,
405 978 507 1031 ut*
543 972 917 1029 <Ptolemaeum
970 989 1152 1046 regem
1201 972 1517 1035 reduceret:
1575 979 1852 1046 eumque‘
1896 974 1992 1029 Po-

165 1074 332 1131 stumi
371 1073 611 1147 impulsu
659 1072 962 1146 profectum
1007 1091 1124 1130 esse
1174 1073 1571 1130 Alexandriam.
1673 1078 1762 1130 71.
1818 1073 1995 1130 Mihi·

164 1175 341 1246 igitur.
371 1190 564 1233 caussa
603 1172 922 1229 detendendi
961 1174 1172 1230 Gabinii
1213 1174 1319 1229 fuit
1360 1174 1725 1231 reconciliatio
1769 1175 1994 1245 gratiae.

161 1274 299 1332 Nan
328 1275 423 1346 qui
443 1290 531 1330 me
562 1274 796 1328 invitum
816 1280 999 1345 putet,
1033 1290 1100 1327 ne
1122 1274 1214 1328 Cn.
1231 1273 1469 1344 Pompeii
1495 1274 1741 1328 animum
1766 1272 1997 1328 offende-

161 1390 276 1432 rem
291 1415 309 1439 ‚
340 1371 639 1429 defendisse
660 1388 906 1428 caussam
922 1412 937 1436 ,
965 1378 1020 1426 et
1041 1371 1193 1427 illum
1214 1378 1269 1427 et
1289 1388 1376 1427 me
1396 1371 1744 1427 vehementer
1763 1373 1994 1442 ignorat.

162 1473 349 1546 Neque·
398 1471 544 1551 enim
601 1471 887 1544 Pompeius
938 1487 1026 1526 me
1075 1487 1175 1526 sua
1231 1487 1425 1527 caussa
1474 1471 1771 1543 quidquam
1823 1470 2001 1527 facere

160 1571 419 1631 voluisset
448 1572 680 1629 invitum
701 1613 716 1639 ‚
753 1588 926 1643 neque
963 1588 1061 1643 ego
1083 1613 1098 1635 ‚
1137 1572 1227 1627 cui
1259 1572 1507 1628 omnium
1543 1572 1748 1627 civium
1779 1570 2001 1627 libertas

160 1674 451 1733 carissima.
461 1672 675 1738 fuisset,
696 1688 874 1729 meam
893 1673 1256 1746 proiecissem.
1291 1673 1406 1745 Ego
1427 1678 1450 1711 ⁷
1476 1690 1602 1729 vero
1622 1690 1791 1746 quum
1813 1689 2001 1729 omnes

162 1771 435 1835 amicitias
445 1773 678 1834 :tuendas
699 1790 912 1846 semper
931 1775 1117 1846 putavi
1137 1790 1351 1830 summa
1371 1774 1631 1846 religione
1650 1782 1704 1830 et
1724 1775 1853 1840 fide,
1878 1782 2003 1831 tum

162 1890 253 1933 eas
277 1874 540 1942 mxime,
573 1890 710 1947 quae
738 1881 919 1931 essent
939 1891 1004 1930 ex
1034 1875 1339 1931 inimicitiis
1362 1882 1642 1931 revocatae
1663 1877 1719 1931 in
1739 1876 1999 1947 gratiam:

161 1981 468 2050 propterea,
520 1974 661 2048 quod
707 1975 937 2047 integris
975 1976 1234 2031 amicitiis
1271 1976 1511 2033 officium
1556 1978 2001 2050 praetermissum

164 2076 565 2150 imprudentiae.
603 2075 716 2141 vel,
762 2081 824 2131 ut
863 2077 1083 2148 gravius
1133 2078 1558 2150 interpretemur
1576 2121 1594 2143 ,
1644 2078 2005 2153 negligentiae

169 2167 540 2235 excusatione.
559 2174 904 2232 defenditur:
946 2182 1066 2249 post
1098 2176 1336 2233 reditum
1377 2179 1436 2233 in
1466 2179 1700 2250 gratiam
1720 2219 1736 2243 ,
1786 2179 1835 2233 si
1872 2176 2004 2249 quid

164 2284 260 2336 est..
303 2278 686 2343 commissum,
744 2277 805 2332 id.
844 2294 951 2332 non
995 2278 1302 2350 neglectum
1323 2321 1337 2343 ‚
1397 2279 1491 2334 sed
1529 2279 1789 2335 violatum
1850 2284 2000 2351 puta·

169 2386 260 2437 tur
279 2422 294 2446 ,
353 2394 451 2437 nec
492 2377 919 2451 imprudentiae,
959 2378 1051 2434 sed
1085 2379 1349 2452 perfidiae·
1371 2381 1640 2452 assignari
1677 2380 1827 2436 solet.

224 2579 429 2658 xxm.
480 2582 598 2636 72.
640 2578 1016 2651 Quamquam⁸
1049 2578 1149 2634 hoc
1188 2579 1409 2652 quidem
1446 2581 1612 2636 etiam
1634 2582 1807 2652 magis
1826 2596 2005 2646 eram,

167 2679 475 2739 non-dicam
503 2680 675 2736 miser
693 2712 769 2721 —
798 2696 925 2736 nam
945 2679 1046 2736 hoc
1079 2679 1300 2752 quidem
1320 2680 1573 2736 abhorret
1604 2697 1637 2736 a
1669 2682 1872 2736 virtute
1891 2698 2007 2738 ver-

168 2781 305 2840 bum
330 2808 424 2842 .--
453 2781 567 2841 sed
592 2787 752 2837 ,certe
804 2782 1107 2838 exercitus:
1150 2799 1256 2838 non
1294 2784 1425 2854 quia
1474 2782 1663 2838 multis
1710 2783 1969 2839 debebam
1994 2824 2008 2846 ,

173 2880 498 2952 (lomenia
532 2887 616 2940 est
652 2898 818 2946 onus,
863 2881 1111 2939 beneficii
1149 2884 1350 2958 gratia)
1394 2884 1486 2939 sed
1518 2885 1647 2956 quia
1680 2901 1839 2956 saepe
1883 2900 2007 2938 con-

173 2980 465 3042 currebant
516 2980 819 3054 aliquorum
868 2981 1013 3038 hene
1047 2983 1113 3039 de
1159 3001 1246 3041 me
1297 2986 1619 3040 meritorum
1671 2986 1814 3040 inter
1863 2986 2009 3056 ipsos

171 3084 540 3139 contentiones
559 3124 574 3147 ,
615 3088 678 3137 ut
720 3081 906 3138 eodem
957 3089 1198 3157 tempore
1250 3087 1305 3140 in
1339 3102 1524 3141 omnes
1562 3102 1779 3141 vererer
1818 3101 1897 3139 ne·
1915 3085 2006 3137 vix

240 3271 276 3327 ¹)
308 3268 361 3314 ad
393 3273 444 3329 Q.
463 3267 642 3314 fratrem
669 3270 749 3313 111.
784 3272 824 3312 1.
859 3283 893 3312 c.
914 3273 954 3312 5.
990 3270 1104 3326 §15
1139 3296 1195 3303 —
1233 3275 1267 3330 ³)
1287 3270 1336 3315 ad
1356 3275 1406 3330 Q.
1443 3270 1620 3316 fratrem
1640 3275 1720 3316 111.
1758 3275 1797 3316 4.
1834 3273 1912 3330 §1.
1947 3297 2006 3305 —-

177 3346 214 3401 3)
246 3355 321 3406 pro
352 3345 528 3392 Rabirio
561 3350 667 3391 Post.
701 3363 736 3391 c·
769 3350 808 3391 8.
843 3348 972 3406 §21.
1006 3374 1064 3382 —-
1094 3349 1134 3407 4)
1168 3349 1278 3393 lbid.
1314 3351 1432 3407 §1st
1469 3377 1526 3383 -
1563 3352 1603 3409 3)
1637 3349 1745 3394 lbid.
1782 3352 1806 3408 §
1840 3353 1913 3394 20.
1948 3375 2006 3383 -

176 3423 214 3479 ⁰)
247 3421 363 3482 lbid.]
388 3428 521 3470 c.12.
556 3428 670 3484 §32
707 3452 763 3458 —-
798 3428 836 3483 7)
871 3429 1040 3488 Fragm.
1078 3430 1197 3471 Orat.
1233 3442 1308 3486 pro
1340 3430 1390 3470 Α.
1408 3426 1591 3472 Gabinio
1622 3429 1688 3488 (iu
1717 3428 1819 3474 edit.
1854 3426 2007 3474 Nobbii

181 3512 220 3557 p.
241 3487 388 3554 1294,
421 3515 462 3543 n.
489 3504 612 3559 155.)
647 3529 701 3537 -
739 3504 781 3560 8)
816 3519 891 3563 pro
924 3504 1094 3550 Plancio
1125 3521 1160 3549 c.
1179 3508 1251 3547 32.
1287 3507 1404 3560 §va
