2158 4030
241 210 313 262 80
603 239 605 242 v
821 222 1030 261 clcsno
1078 223 1149 260 nn
1180 221 1338 261 *vru-
1381 222 1482 261 SUA

238 353 412 409 textili
448 353 640 419 fuisse,
679 356 810 426 quin
853 357 955 411 iste
987 357 1373 429 conquisierit,
1414 354 1735 427 inspexerit:
1773 354 1914 425 quod
1952 356 2058 427 pla-

235 456 407 509 citum
453 455 559 519 sit,
611 455 909 510 abstulerit.
991 460 1079 511 56.
1119 456 1220 511 In¹
1262 457 1490 528 quinto
1542 453 2062 519 demonstravimuS‚

233 561 295 608 ut
328 555 428 611 hoc
461 563 704 627 praetore
737 558 866 611 socii
903 557 1199 611 fidelissimi
1245 558 1302 609 in
1339 556 1575 609 hostium
1610 571 1833 609 numero
1878 556 2060 610 existi-

232 657 399 710 mati:
440 657 584 711 cives
616 656 841 710 Romani
874 656 1122 710 servilem
1162 657 1218 709 in
1257 654 1477 709 modum
1509 654 1739 707 cruciati
1771 660 1825 707 et
1856 656 2060 709 necati:

231 755 474 811 homines
525 757 893 811 nocentissimi
943 762 1162 828 propter
1212 755 1498 828 pecuniam
1556 754 1757 812 iudicio
1812 753 2059 809 liberati:

228 854 594 911 honestissimi
637 863 800 929 atque
843 856 1212 927 integerrimi,
1251 855 1500 911 absentes
1536 855 1616 910 rei
1655 853 1815 920 facti,
1854 853 2058 910 indicta

226 972 418 1011 caussa
452 956 692 1011 damnati
725 962 780 1010 et
818 956 999 1010 eiecti:
1038 962 1228 1030 portus
1259 954 1643 1020 munitissimi,
1682 956 1949 1011 maximae
1973 962 2058 1012 tu·

223 1057 572 1128 tissimaeque
615 1054 778 1110 urbes
819 1049 1012 1127 piratis
1050 1055 1518 1128 praedonibusque
1549 1053 1875 1128 patefactae:
1927 1071 2058 1110 nau·

223 1163 312 1211 tae
348 1147 654 1229 militesque
693 1155 996 1211 Siculorum
1017 1198 1033 1221 ,
1070 1158 1203 1212 socii
1250 1157 1420 1212 nostri
1460 1163 1625 1229 atque
1666 1156 1864 1221 amici,
1915 1154 2057 1211 same

222 1259 428 1314 necati:
467 1257 665 1315 classes
706 1258 938 1330 optimae
978 1263 1140 1330 atque
1178 1258 1663 1331 opportunissimae
1700 1274 1831 1312 cum.
1859 1273 2052 1329 magna

221 1359 517 1430 ignominia
554 1356 736 1430 populi
776 1357 1002 1411 Romani
1041 1358 1269 1413 amissae
1302 1364 1357 1413 et
1393 1357 1652 1430 perditae.
1899 1346 1902 1347 ⁷

294 1457 441 1513 Sed²
480 1456 610 1530 quid
655 1474 752 1529 ego
796 1456 862 1512 de
906 1457 1004 1511 hoc
1051 1456 1207 1529 plura
1252 1455 1564 1530 disputem?
1643 1456 1884 1526 Longum
1906 1463 1928 1494 ³
1966 1464 2048 1511 est

217 1558 363 1613 enim
413 1574 557 1612 nunc
602 1573 690 1612 me
727 1557 994 1629 explicare
1014 1599 1029 1621 ,
1069 1562 1249 1628 quae*
1287 1556 1526 1629 disperse
1564 1572 1596 1610 a
1634 1572 1723 1610 me
1766 1554 1954 1611 multis
1994 1558 2049 1612 in

216 1659 349 1714 locis
375 1658 519 1713 dicta
551 1665 695 1713 sunt.
773 1658 959 1729 Ergo⁵
999 1658 1107 1713 iam
1134 1656 1201 1712 ad
1234 1658 1547 1712 institutum
1579 1663 1822 1711 revertar
1847 1674 2047 1713 meum.

217 1758 320 1814 Sed
338 1765 364 1797 ⁶
390 1750 473 1813 in·
517 1759 697 1813 animo
747 1766 829 1814 est
877 1758 1075 1813 leviter
1115 1759 1351 1814 transire
1401 1774 1468 1813 ac
1508 1757 1881 1813 tantummodo
1932 1775 2051 1832 per-⁴

215 1856 482 1930 stringere
515 1875 679 1914 unam
714 1876 994 1932 quamquev
1022 1875 1156 1914 rem.

289 2058 454 2114 XXII.
535 2065 622 2115 57.
663 2061 776 2132 Ego
796 2067 847 2126 ⁷,
888 2077 1021 2133 quos
1060 2060 1238 2115 adhuc
1263 2059 1398 2115 mihi
1431 2061 1785 2132 magistratus
1815 2060 2044 2133 populus

211 2158 484 2214 Romanus
524 2159 900 2226 mandaverat,
953 2161 1032 2215 sic
1064 2176 1155 2216 eos
1192 2174 1503 2233 acceperam
1524 2201 1540 2225 ,
1579 2167 1642 2215 ut
1680 2176 1769 2215 me
1797 2161 2040 2215 omnium

208 2257 507 2314 officiorum
540 2260 804 2332 obstringi
842 2261 1102 2332 religione
1136 2260 1454 2319 arbitrarer.
1532 2259 1615 2315 Ita
1647 2267 1898 2333 quaestor
1929 2259 2039 2314 fue·

207 2375 325 2414 ram
359 2358 563 2425 factm,
606 2368 666 2416 ut
697 2361 831 2416 mihi
861 2361 1116 2416 honorem
1142 2361 1296 2415 illum
1323 2367 1442 2415 tum
1475 2377 1581 2415 non
1615 2360 1788 2415 solum
1823 2360 2040 2424 datum,

207 2459 301 2515 'sed
333 2461 497 2515 etiam
529 2461 798 2516 creditum
837 2478 902 2516 ac
939 2462 1287 2516 commissum
1326 2466 1593 2533 putarem.
1671 2461 1994 2532 Designatus
2015 2466 2036 2498 ⁸

206 2559 394 2614 aedilis
425 2559 589 2615 habui
628 2556 921 2626 rationem,
961 2561 1092 2633 quid
1112 2577 1157 2615 a
1187 2560 1382 2633 populo
1411 2560 1650 2615 Romano
1680 2560 2034 2631 accepissem:

205 2661 340 2715 mihi
385 2661 541 2716 ludos
583 2663 951 2717 sanctissimos
996 2662 1232 2716 maxima
1275 2677 1402 2715 cum
1447 2660 1773 2715 caerimonia
1823 2659 2038 2725 Cereri,

206 2761 396 2816 Libero
439 2760 766 2835 Liberaeque
801 2761 1107 2827 faciundOS,
1146 2761 1280 2816 mihi
1326 2761 1540 2815 Floram
1579 2767 1809 2815 matrem
1843 2760 2037 2833 populo

204 2861 452 2934 plebique
484 2864 753 2918 Romanae
785 2863 1036 2918 ludorum
1063 2863 1372 2917 celebritate
1405 2862 1719 2935 placandam
1741 2904 1756 2927 ,
1796 2862 1931 2916 mihi
1958 2861 2038 2916 lu-

206 2962 299 3017 dos
332 2964 766 3035 antiquissimOS,
806 2965 897 3036 qui
926 2964 1089 3036 primi
1117 2964 1343 3019 Romani
1377 2970 1504 3018 sunt
1536 2964 1827 3028 nominati,
1867 2964 2034 3017 maxi-

204 3080 293 3119 ma
344 3082 469 3120 cum
522 3066 786 3137 dignitate
825 3084 886 3120 ac
927 3066 1183 3136 religione
1230 3066 1339 3119 lovi
1360 3108 1375 3131 ,
1428 3066 1618 3120 Iunoni
1665 3066 2036 3139 Minervaeque

270 3285 308 3342 ¹)
342 3283 388 3327 in
422 3287 596 3329 Verrem
630 3289 725 3330 Act.
751 3290 784 3330 1.
816 3300 852 3330 c.
873 3290 915 3329 5.
940 3287 964 3345 §
985 3290 1055 3330 13.
1090 3312 1147 3319 --
1181 3288 1220 3343 2)
1253 3301 1328 3346 pro
1355 3284 1479 3330 Sulla
1506 3299 1542 3327 c.
1560 3286 1634 3328 23.
1661 3286 1776 3342 564.
1810 3310 1868 3318 -
1901 3285 1941 3341 ⁵)
1974 3282 2027 3327 de

202 3362 321 3406 Orat.
357 3366 415 3407 11.
442 3379 477 3406 c,
503 3366 576 3409 27.
611 3367 759 3420 §1152
792 3391 852 3399 —
884 3365 925 3423 4)
954 3365 1000 3408 in
1031 3367 1206 3408 Verrem
1236 3367 1331 3408 Act.
1356 3367 1414 3408 11.
1440 3367 1485 3408 L.
1514 3367 1586 3408 lv.
1616 3378 1652 3408 c,
1670 3365 1745 3407 52.
1779 3364 1930 3421 §116.
1965 3386 2026 3395 —

199 3442 241 3500 ⁵)
272 3442 326 3485 de
357 3444 476 3487 Orat.
510 3446 566 3487 11.
590 3446 718 3488 c.27.
749 3446 895 3503 §113.
929 3469 988 3476 —
1018 3444 1060 3502 ⁶)
1091 3458 1166 3505 pro
1188 3445 1309 3487 Rosc.
1341 3444 1489 3488 Amet.
1510 3443 1638 3490 c.32.
1666 3441 1781 3499 §91.
1814 3443 1868 3474 -'
1905 3442 1948 3500 7)
1978 3439 2024 3484 in

199 3521 375 3565 Verrem
403 3523 493 3566 Act.
526 3524 582 3568 11.
617 3524 659 3567 L.
680 3525 727 3567 V.
754 3526 880 3569 ο.14.
913 3525 1031 3582 §35.
1063 3548 1124 3559 -
1154 3523 1193 3580 ⁸)
1229 3520 1336 3566 lbid.
1368 3523 1482 3579 536.
