2210 3970
709 238 938 277 Annus
998 238 1042 275 υ.
1098 239 1142 276 c,
1203 226 1328 276 710.
1822 227 1922 278 781

105 366 294 430 reliquis
335 366 488 414 diebus
524 368 572 412 in
615 367 835 430 Capitolio
859 368 1097 429 praeclara
1122 366 1510 414 senatusconsulta
1530 368 1697 427 fecisti
1711 400 1725 424 ,
1756 385 1811 413 ne
1841 387 1931 431 qua

34 467 35 470 ¹
96 453 209 509 post
244 445 356 491 Idus
389 446 579 491 Martias
612 447 913 491 immunitatis
941 446 1096 491 tabula
1114 480 1127 503 ,
1157 463 1260 491 neve
1291 447 1555 507 cuiusquam
1587 446 1792 507 beneficii
1808 448 1930 509 fige-

36 526 41 537 ¹
102 532 241 570 retur.
275 551 336 560 —
372 525 597 586 Optimum
624 541 746 580 vero,
781 524 900 586 quod
940 524 1189 570 dictaturae
1225 540 1378 569 nomen
1412 525 1460 568 in
1487 531 1752 585 perpetuum
1784 523 1838 569 de
1863 542 1930 571 re-

14 605 34 631 =·'
96 601 282 664 publica
323 602 569 648 sustulisti.
634 602 777 646 Livius
812 603 945 664 Epist.
970 607 1073 649 116.
1121 605 1384 648 Dictaturae
1418 602 1551 647 honos
1584 603 1632 646 in
1663 609 1931 663 perpetuum

18 732 31 748 ,ὁ
99 679 308 725 sublatae
339 687 418 724 est.
487 681 531 724 G.
559 680 765 724 Amatius
809 679 940 739 [conf.
989 681 1170 743 Appian.
1199 684 1244 725 B.
1274 683 1317 724 C.
1347 693 1417 726 ιιι.
1465 697 1501 725 c.
1531 683 1560 724 2
1586 695 1677 741 sqq.
1710 687 1756 723 et
1788 680 1927 730 Valet.

101 759 208 804 Max.
228 769 291 803 lx.
323 772 359 802 c.
391 761 463 802 15.
507 756 583 802 ubi
628 765 807 802 vocatur
838 757 1154 820 llerophilus]‚
1189 756 1464 801 humillimae
1495 757 1632 801 sortis
1663 756 1819 813 homo,
1850 758 1932 818 qui

101 850 149 880 se
195 835 240 880 0.
263 835 401 879 Marii
443 834 594 891 filium
627 834 839 894 serebat,
887 852 1023 898 quum
1054 834 1178 897 apud
1214 834 1438 879 credulam
1471 833 1646 895 plebem
1691 832 1931 878 seditiones

101 918 320 971 moveret,
359 918 541 958 necatus
572 919 652 956 est.
702 913 882 974 Appian.
915 916 961 958 B.
990 916 1032 958 C.
1060 923 1131 958 ιιι.
1162 928 1198 959 ο.
1216 914 1290 957 25.
1358 914 1413 959 ‘O
1443 911 1496 958 δὲ
1534 909 1800 964 Ἀντώνιος
1844 913 1931 959 τὸν

26 1025 27 1028 ¹
100 988 260 1052 φόβον
306 990 470 1037 αὐτῶν
513 994 595 1037 καὶ
630 992 712 1050 τήν
757 991 989 1038 ὑπόνοιαν
1030 989 1241 1047 talcar,
1279 990 1582 1053 ἐψηφίσατο,
1620 990 1706 1048 Μή
1746 988 1926 1042 ἐξεῖναι

103 1070 169 1133 τῷ
202 1072 324 1118 κατὰ
355 1071 594 1134 μηδεμίαν
629 1075 791 1118 αἰτίαν
838 1075 947 1135 περὶ
991 1072 1302 1134 Διικτάτωρος
1346 1071 1498 1135 ἀρχῆς
1537 1070 1659 1133 μήτε
1693 1068 1930 1131 ἐπιψηφί-

16 1170 33 1218 ᾒ
100 1149 234 1210 ζειν,
265 1149 387 1213 μήτε
434 1151 601 1213 λαβεῖν
639 1151 931 1213 διδομένην
968 1151 998 1211 ἢ
1032 1150 1115 1198 τὸν
1162 1149 1216 1196 ἐκ
1259 1150 1406 1197 τῶνδέ
1455 1166 1589 1202 τινος
1637 1148 1931 1212 ὑπεριδόντα

29 1275 37 1280 .
98 1233 316 1290 νηποινεὶ
364 1230 483 1294 πρὸς
528 1232 623 1279 τῶν
654 1230 954 1289 ἐντυχόντων
987 1229 1321 1295 ἀναιρεῖσθαι.
1384 1230 1502 1277 Conf.
1539 1231 1614 1276 oio
1640 1243 1762 1277 mv.
1796 1236 1926 1278 c.51.

98 1310 248 1358 Zonar.
277 1322 320 1357 x.
353 1325 390 1357 c.
415 1314 486 1356 12.

175 1410 238 1487 (⁸)
281 1412 469 1468 Postea
509 1430 634 1468 vero
681 1413 945 1468 Antonius
985 1413 1164 1467 omnia
1201 1412 1372 1484 coepit
1413 1413 1466 1466 in
1516 1411 1790 1484 republica
1829 1414 1928 1468 mi·

30 1543 31 1546 ¹
96 1528 280 1578 scere,
321 1511 452 1568 falsa
492 1511 764 1586 proferens
798 1512 1038 1567 Caesaris
1073 1511 1444 1584 chirographa.
1467 1530 1536 1567 1x.
1579 1529 1625 1567 c.
1662 1517 1754 1570 55.
1803 1518 1928 1570 101.

154 1611 348 1659 Velleius
376 1625 427 1657 11.
470 1629 506 1658 c.
537 1616 609 1659 60.
637 1616 677 1658 4.
741 1614 901 1674 Aperte
934 1612 1088 1658 deinde
1118 1613 1303 1658 Antonii
1328 1630 1380 1657 ae
1407 1612 1667 1659 Dolabellae
1698 1613 1928 1659 consulum

94 1688 158 1735 ad
179 1688 421 1752 nefandam
463 1690 803 1736 dominationem
840 1691 988 1751 erupit
1025 1690 1170 1747 furor.
1235 1692 1502 1736 Sestertium
1532 1691 1699 1753 septies
1730 1692 1895 1737 millies
1913 1726 1928 1751 ‚

95 1766 346 1830 depositum
377 1784 406 1813 a
442 1769 485 1814 G.
517 1768 701 1812 Caesare
728 1767 789 1812 ad
823 1765 974 1811 aedem
1010 1767 1145 1828 Opis,
1177 1776 1437 1829 occupatum
1470 1768 1525 1812 ab
1556 1770 1775 1814 Antonio:
1808 1779 1927 1816 aeto-

94 1862 194 1892 rum
238 1844 460 1903 eiusdem,
503 1846 686 1891 insertis
725 1844 876 1905 salsis
914 1845 1178 1907 vitiatisque
1226 1847 1426 1907 corrupti
1472 1849 1775 1894 commentarii
1791 1873 1808 1906 ,·
1855 1858 1924 1895 at-

9 1934 12 1938 “
93 1941 180 1988 que
219 1924 368 1971 omnia
400 1918 552 1986 Pretio
600 1930 874 1985 temperata,
914 1922 1123 1969 vendente
1175 1923 1489 1984 rempublicam
1537 1926 1728 1972 consule.
1804 1927 1927 1973 Idem

20 1998 21 2001 ¹
84 2002 362 2066 provinciam
410 2003 467 2046 D.
495 2003 662 2058 Bruto,
710 2001 939 2063 designato
978 2000 1181 2058 consuli,
1222 1999 1440 2046 decretam
1477 2003 1671 2048 Galliam
1713 2022 1925 2067 occupare

19 2090 23 2097 “
91 2082 272 2127 statuit.
335 2078 569 2126 Dolabella
602 2079 925 2124 transmarinas
952 2077 1141 2124 decrevit
1173 2080 1272 2124 sibi.
1322 2081 1407 2126 Cic.
1435 2080 1490 2126 ad
1525 2085 1618 2127 Att.
1646 2095 1742 2127 xlv.
1779 2087 1851 2129 13.
1880 2088 1924 2132 6.

22 2172 25 2186 ⁵
96 2159 220 2218 Quae
256 2160 418 2203 Caesar
462 2173 702 2219 numquam
733 2173 872 2217 neque
896 2156 1091 2215 fecisset
1108 2190 1122 2214 ,
1165 2175 1303 2219 neque
1337 2174 1508 2219 passus
1539 2166 1655 2203 esset
1671 2192 1684 2216 ,
1727 2177 1780 2205 ea
1811 2178 1925 2207 nunc

20 2256 25 2259 ·
92 2253 150 2284 eu·
166 2235 317 2297 falsis
349 2236 446 2281 eius
478 2236 805 2281 commentariis
822 2235 1137 2296 proferuntur.
1201 2236 1264 2282 Id.
1300 2236 1407 2281 Phil.
1438 2249 1489 2284 11.
1521 2254 1558 2284 c.
1585 2242 1658 2285 36.
1689 2242 1762 2286 92.
1815 2242 1924 2286 Con-

16 2331 18 2333 ’
90 2316 258 2362 stituta
288 2314 542 2376 respublica
582 2312 814 2359 videbatur
849 2312 990 2370 aliis,
1034 2313 1146 2357 milti
1187 2330 1286 2359 vero
1318 2315 1443 2360 nullo
1475 2317 1632 2375 modo,
1664 2321 1745 2381 qui
1775 2322 1923 2366 omnia

7 2387 25 2449 ’ζ
89 2402 134 2440 te
167 2395 438 2457 gubernante
483 2394 731 2455 naufragia
773 2391 1029 2437 metuebam.
1062 2417 1124 2427 -
1159 2394 1264 2437 Toto
1315 2395 1535 2455 Capitolio
1582 2396 1762 2442 tabulae
1800 2399 1921 2460 fige-

88 2474 281 2520 bantur:
311 2489 450 2535 neque
481 2471 625 2517 solum
657 2471 852 2532 singulis
882 2470 1089 2515 venibant
1120 2471 1454 2529 immunitates,
1498 2473 1578 2518 sed
1607 2476 1742 2520 etiam
1776 2493 1921 2538 popu·

19 2564 38 2615 tf
88 2553 148 2598 lis
178 2553 414 2599 universis.
481 2551 648 2596 Civitas
679 2566 766 2594 non
797 2552 887 2595 iam
927 2547 1229 2611 singillatim,
1261 2549 1342 2594 sed
1362 2551 1611 2612 provinciis
1641 2554 1751 2598 totis
1786 2554 1921 2599 daha.

17 2613 30 2668 ἶ
85 2639 172 2678 tur.
205 2657 267 2667 —
297 2647 335 2677 c.
361 2633 433 2676 37.
463 2632 536 2675 93.
605 2628 687 2674 Ubi
722 2635 791 2672 est
822 2627 987 2688 septies
1024 2626 1192 2672 millies
1236 2629 1522 2686 sestertium,
1554 2631 1674 2692 quod
1711 2633 1759 2677 in
1791 2633 1917 2678 tabu·

4 2693 6 2700 Ι
87 2711 176 2769 lis,
209 2726 322 2773 quae
358 2717 466 2754 sunt
497 2707 558 2752 ad
590 2708 728 2768 Opis,
766 2707 997 2767 patebat?
1029 2731 1088 2740 —-
1122 2722 1158 2751 c.
1184 2710 1255 2751 38.
1290 2710 1363 2751 97.
1433 2707 1555 2765 Quid
1594 2726 1672 2771 ego
1709 2710 1763 2755 de
1804 2727 1917 2756 com-

2 2779 30 2844 ἶ
83 2789 318 2834 mentariis
344 2787 573 2848 infinitis,
606 2785 718 2847 quid
747 2784 799 2829 de
829 2784 1227 2830 innumerabilibus
1257 2785 1567 2845 chirographis
1599 2786 1799 2848 loquar?
1830 2798 1915 2835 cet.

4 2858 31 2900 ἶς’
83 2867 195 2914 lbid.
218 2881 263 2912 v.
306 2881 343 2910 c.
374 2868 414 2910 4.
450 2868 521 2910 11.
589 2864 752 2922 Quid?
795 2861 871 2907 illi
911 2863 1124 2906 immanes
1154 2869 1369 2923 quaestus
1396 2862 1665 2921 ferendine,
1712 2882 1823 2926 quos
1854 2870 1913 2914 M.

83 2946 268 2992 Antonii
307 2951 404 2988 tota
444 2942 654 2987 exhausit
682 2942 848 2986 domus.
914 2942 1102 2984 Decreta
1118 2938 1255 2998 falsa
1287 2939 1526 2985 vendebat.-
1560 2959 1725 3003 regna,
1757 2945 1916 2988 civita·

83 3031 181 3082 tes,
212 3023 518 3069 immunitates
558 3022 607 3065 in
644 3036 720 3064 aes
751 3027 930 3079 accepta
960 3019 1154 3079 pecunia
1198 3017 1376 3062 iubebat
1417 3019 1568 3063 incidi.
1633 3023 1751 3065 Haec
1783 3037 1831 3066 se
1858 3040 1914 3068 ea:

31 3099 35 3135 3
82 3101 409 3148 commentariis
455 3099 687 3154 Caesaris,
737 3114 922 3159 quorum
964 3098 1061 3158 ipse
1092 3104 1247 3141 auctor
1275 3104 1396 3153 erat,
1440 3115 1569 3159 agere
1611 3098 1794 3146 dicebat.
1827 3111 1912 3148 cet.

28 3231 35 3246 ‚
83 3183 163 3228 Dio
189 3193 313 3227 XMV.
357 3194 393 3224 c.
421 3182 494 3223 53.
529 3180 571 3221 2.
639 3179 727 3228 ς,Ως
754 3175 922 3236 μέντοι
955 3200 1015 3208 —
1050 3174 1079 3221 ὁ
1111 3173 1378 3227 ’Λντώνιος
1418 3179 1475 3221 τό
1508 3193 1558 3221 τε
1591 3175 1815 3227 ἐξετάσαι
1852 3184 1911 3228 τὰ

13 3288 34 3318 3·
82 3259 412 3319 διοικηθέντα
439 3256 534 3304 ὑπὸ
553 3260 638 3303 τοῦ
660 3258 901 3318 Καίσαρος
929 3260 1008 3302 καὶ
1029 3254 1084 3301 τὸ
1116 3256 1272 3300 πάντα
1300 3256 1357 3300 τὰ
1379 3254 1590 3306 δόξαντα
1611 3257 1745 3320 αὐτῷ
1773 3263 1912 3318 ποιῆ-

19 3347 23 3350 “
85 3357 170 3387 σαι
203 3341 472 3403 ἐπετράπη,
511 3336 672 3384 οὐκέτ’
706 3336 1041 3399 ἐσωφρόνησεν
1076 3333 1204 3390 ἀλλ’,
1238 3333 1408 3393 ἐπειδή
1439 3338 1650 3394 τάχιστα
1681 3336 1911 3400 ἐγκρατής

15 3426 34 3482 ἴξ
84 3420 180 3466 τῶν
212 3421 498 3484 γραμμάτων
531 3417 686 3464 αὐτοῦ
706 3416 923 3479 ἐγένετο,
960 3417 1114 3462 πολλὰ
1146 3414 1233 3475 μὲν
1252 3414 1490 3476 ‹imile-me
1521 3418 1677 3463 πολλὰ
1712 3417 1767 3465 δὲ
1803 3419 1910 3466 ἀντ·

84 3497 364 3563 ενὲγραψεν,
419 3498 540 3544 ἄλλα
586 3516 633 3544 τε
684 3502 763 3543 καὶ
818 3499 1003 3558 νόμους.
1050 3501 1130 3543 καὶ
1178 3497 1378 3558 προσέτι
1434 3502 1514 3545 καὶ
1563 3497 1783 3559 χρήματα
1828 3504 1908 3547 καὶ
