2150 3990
262 214 363 264 116
865 222 1071 261 emeno
1121 223 1187 260 ou
1229 223 1364 260 νιΤΑ
1404 224 1506 261 sua

261 363 438 431 legum
472 373 664 431 poenas
685 358 1112 429 pertimesceret,
1141 363 1201 411 ut
1222 357 1548 429 temporibus
1570 354 1892 427 reipublicae
1924 355 2071 410 cede·

261 467 378 524 ret,
431 476 533 512 non
573 465 687 512 erat
726 455 1116 528 postulandum.
1195 457 1373 528 Neque
1412 458 1555 511 enim
1595 456 1642 508 is
1676 453 1778 508 fuit
1822 455 2076 518 Catilina,

260 577 418 631 quem
441 565 533 613 aut
548 558 717 630 pudor
739 573 992 626 umquam
1020 573 1051 610 a
1071 556 1406 627 turpitudine
1422 598 1435 621 ,
1457 562 1551 610 aut
1571 561 1748 609 metus
1762 571 1792 609 a
1811 555 2047 626 periculo
2061 597 2076 618 ,

259 667 352 714 aut
385 660 520 713 ratio
548 675 577 712 a
612 657 789 710 surore
821 663 1108 710 revocaret.
1168 656 1382 711 Etenim
1407 661 1423 693 ¹
1452 654 1762 710 videbamus
1793 654 2075 709 Catilinam

260 762 461 814 interea
502 759 730 817 alacrem
770 762 929 827 atque
974 756 1204 820 laetum,
1255 756 1514 827 stipatum
1546 755 1708 810 choro
1754 755 2078 819 iuventutiS‚

258 861 512 915 vallatum
547 858 813 912 indicibus
846 863 1007 927 atque
1046 857 1284 920 sicariiS,
1325 855 1572 910 inflatum
1611 874 1779 928 quum
1817 874 1909 929 spe
1940 854 2078 909 mili-

260 969 405 1024 tum,
457 966 574 1012 tum
608 957 837 1027 collegae
876 956 1012 1020 mei,
1052 955 1500 1027 quemadmodum
1532 956 1743 1011 dicebat
1781 958 1923 1028 ipse,
1962 972 2079 1027 pro·

256 1060 462 1122 missiS,
502 1056 968 1111 circumfluentem
1001 1055 1308 1109 colonorum
1336 1054 1709 1109 Arretinorum
1742 1061 1796 1109 et
1829 1054 2074 1109 Faesula-

254 1176 444 1215 norum
502 1161 780 1213 exercitu:
840 1173 1001 1228 quam
1059 1155 1274 1209 turbam
1331 1153 1691 1209 dissimillimo
1754 1173 1819 1210 ex
1884 1172 2078 1227 genere

253 1237 654 1328 distinguebant
689 1257 931 1311 homines
964 1255 1195 1328 perculsi
1231 1254 1435 1309 Sullani
1468 1256 1725 1328 temporis
1753 1255 2077 1310 calamitate.

254 1357 446 1411 Vultus
489 1364 607 1412 erat
668 1358 839 1429 ipsius
891 1356 1080 1428 plenus
1133 1336 1363 1419 suroris,
1415 1353 1555 1409 oculi
1607 1355 1852 1420 sceleriS,
1905 1372 2081 1410 sermo

251 1459 616 1528 arrogantiae,
658 1458 736 1511 sic
766 1464 826 1511 ut
859 1458 906 1510 ei
942 1457 1048 1510 iam
1082 1455 1387 1527 exploratus
1414 1461 1468 1509 et
1501 1454 1644 1508 domi
1684 1455 1932 1509 conditus
1959 1472 2078 1509 con-

251 1557 457 1611 sulatus
490 1558 779 1611 videretur.
858 1557 1135 1610 Murenam
1163 1553 1561 1608 contemnebat:
1593 1553 1892 1625 Sulpicium
1925 1572 2079 1609 accu-

251 1665 480 1726 satorem
526 1674 684 1711 suum
732 1655 1077 1720 numerabat,
1130 1671 1233 1708 non
1274 1655 1704 1726 competitorem:
1745 1655 1795 1709 ei
1836 1655 1944 1709 vim
1992 1654 2079 1709 de-

252 1757 561 1812 nuntiabat:
603 1756 929 1829 reipuhlicae
963 1754 1287 1811 minabatur.
1369 1755 1575 1823 Quibus
1607 1755 1768 1810 rebus
1801 1757 1893 1827 qui
1920 1757 2083 1810 timor

253 1859 404 1914 bonis
424 1858 671 1914 omnibus
692 1859 922 1913 iniectus
943 1858 1042 1922 sit,
1070 1863 1376 1938 quantaque
1403 1856 1702 1929 desperatio
1729 1856 2080 1928 reipublicae,

255 1960 299 2012 si
336 1959 422 2014 ille
465 1958 639 2013 factus
671 1964 835 2022 esset,
883 1939 1263 2011 omnes²⁸uno
1300 1974 1389 2010 ore
1422 1957 1782 2011 consentiunt.
1842 1957 2080 2012 Caussa³

256 2067 334 2113 est
382 2061 524 2113 enim
568 2066 685 2130 post
720 2059 912 2129 Urbem
959 2057 1230 2111 conditam
1270 2056 1399 2110 haec
1447 2058 1663 2111 inventa
1701 2056 1840 2121 sola,
1881 2059 1935 2111 in
1975 2074 2080 2129 qua

255 2176 437 2213 omnes
462 2159 732 2216 ,sentirent
766 2174 935 2211 unum
964 2163 1124 2227 atque
1157 2156 1329 2220 idem,
1369 2163 1581 2228 praeter
1601 2173 1718 2221 eoS,
1758 2158 1880 2228 qui,
1914 2174 2080 2229 quum

254 2260 354 2313 sibi
395 2259 636 2312 viderent
669 2274 784 2311 esse
825 2250 1188 2328 pereundum,
1227 2273 1352 2311 cum
1386 2256 1635 2311 omnibus
1674 2258 1878 2329 potius,
1919 2275 2079 2329 quam

198 2364 200 2368 ’
254 2359 349 2412 soli
396 2358 570 2429 perire
602 2357 902 2410 voluerunt.
984 2360 1071 2410 58.
1115 2356 1394 2411 Tandem4
1428 2357 1535 2411 iam
1575 2363 1757 2428 aperte
1790 2358 2075 2430 rempubli-

253 2477 372 2513 cam
412 2459 719 2512 universam
762 2458 943 2528 petiit:
986 2457 1184 2529 templa
1222 2457 1442 2512 deorum
1477 2458 1901 2523 immortalium,
1942 2465 2082 2513 tecta

255 2559 446 2624 Urbis,
498 2559 664 2612 vitam
706 2558 904 2610 civium
941 2559 1213 2622 omnium,
1267 2557 1476 2612 Italiam
1528 2558 1757 2630 denique
1802 2565 1968 2613 totam
2015 2559 2099 2612 ad.

257 2660 480 2714 exitium
527 2664 580 2712 et
625 2657 931 2711 vastitatem
978 2659 1202 2712 vocavit.
1284 2658 1471 2725 Quae⁵
1514 2659 1729 2730 quidem
1770 2677 1866 2730 ego
1912 2652 2083 2731 neque

259 2777 375 2814 mea
426 2757 740 2830 prudentia,
795 2773 967 2826 neque
1012 2756 1262 2811 humanis
1307 2756 1546 2811 consiliis
1592 2757 1761 2812 fretus
1807 2758 2082 2830 prohibui;

261 2860 351 2915 sed
385 2858 570 2912 multis
597 2863 650 2910 et
678 2873 781 2909 non
810 2855 987 2910 dubiis
1015 2857 1233 2911 deorum
1264 2858 1648 2912 immortalium
1682 2858 2081 2929 significationi·
2139 2881 2150 2893 Ν

260 2962 359 3015 bus
391 2959 610 3013 omnia⁶
654 2957 733 3010 sic
778 2957 899 3026 egi,
941 2964 1001 3010 ut
1034 2974 1120 3011 res
1161 2959 1425 3012 maximae
1465 2958 1688 3011 minimo
1727 2964 1905 3022 motu,
1945 2960 2083 3030 peri-

262 3061 381 3115 cula
415 3074 626 3113 summa
666 3055 811 3109 nullo
843 3056 1111 3121 tumultu,
1148 3058 1343 3112 bellum
1379 3059 1696 3112 intestinum
1736 3076 1797 3112 ae
1834 3058 2081 3113 domesti-

264 3152 413 3224 cum,
442 3164 559 3231 post
580 3158 857 3211 hominum
886 3159 1197 3213 memoriam
1226 3159 1657 3214 crudelissimum
1680 3168 1740 3213 ac
1762 3162 2083 3226 maximum,

266 3286 475 3304 'u-

323 3361 361 3417 ¹)
394 3374 468 3419 pro
496 3359 669 3400 Murena
694 3372 729 3399 c.
746 3357 819 3399 24.
853 3357 965 3413 §421
1000 3381 1057 3388 —
1091 3357 1129 3414 ²)
1157 3354 1210 3399 de
1239 3355 1372 3400 Amic..
1407 3372 1443 3401 c.
1461 3359 1533 3401 23.
1565 3358 1680 3414 §86.
1714 3383 1770 3390 -—-
1804 3358 1844 3417 5)
1876 3356 1923 3401 in
1953 3356 2078 3402 catilz.

260 3439 331 3482 1v.
364 3450 399 3479 c.
425 3437 469 3479 7.
501 3434 616 3491 §14
647 3458 706 3466 --
748 3433 791 3491 4)
835 3433 879 3477 in
911 3431 1037 3477 Catil.
1073 3436 1104 3476 1.
1135 3448 1170 3477 c.
1201 3437 1244 3477 5.
1276 3434 1391 3489 §12
1425 3461 1484 3470 -
1524 3436 1568 3492 ⁵)
1597 3434 1642 3478 in
1679 3434 1804 3480 Catil.
1852 3437 1908 3480 11.
1938 3450 1972 3480 e.
2006 3437 2076 3480 13.

258 3517 373 3574 §2²2
408 3538 466 3547 -
498 3514 539 3571 ⁶)
569 3510 674 3555 [bid.
701 3512 814 3567 gna.
