2158 4030
1010 190 1311 226 -xn—

234 325 396 391 operis
450 321 632 373 musivi
681 321 749 370 ita
787 318 1049 384 disponere
1088 326 1146 367 ut
1196 319 1340 382 plana
1375 317 1536 367 exiret
1570 332 1740 368 rerum
1784 318 2032 367 enarratio
2052 355 2064 378 ,

232 431 359 479 quae
397 423 448 464 et
489 412 630 462 facile
666 411 763 476 legi
794 416 959 475 posset
995 415 1066 458 et,
1088 407 1418 457 delectatione
1455 408 1621 473 aliqua
1655 407 1878 458 alliceret
1913 407 2064 456 lecto·

228 520 334 554 rem
366 512 417 553 ct
464 499 803 550 fidelissimam
840 497 1090 548 Ciceronis
1126 497 1335 548 referret
1365 498 1664 564 imaginem:
1705 498 1781 546 laic
1813 496 1953 547 labor
1977 495 2064 545 ille

229 594 357 653 fuit,
403 592 484 641 hic
531 589 797 654 aliquando
833 587 982 638 etiam
1026 602 1200 651 parum
1249 587 1410 638 abfuit
1446 588 1568 653 quin
1595 583 1760 637 *fieret
1794 587 1918 636 mihi
1958 587 2062 636 fere

226 680 568 732 ineoetricabilis
602 676 747 728 error‘.

294 861 394 911 Nec
438 860 654 910 deerunt
700 873 845 923 porro
866 896 877 914 ‚
927 857 968 905 si
999 855 1121 920 quid
1157 855 1335 912 vide0‚
1383 856 1470 920 qui
1504 856 1811 907 contendant
1839 872 1947 906 rem
1980 870 2063 921 po-

226 950 385 999 tuisse
418 948 581 997 multo
617 946 813 995 facilius
848 961 876 994 a
909 961 990 994 me
1023 945 1255 1002 tractari,
1301 945 1565 1009 multoque
1612 945 1816 1005 utilius,
1852 945 1894 994 si
1927 945 2062 994 locos

227 1035 576 1088 tantummodo
628 1034 877 1100 longiores
941 1033 1191 1082 dedissem
1211 1072 1224 1091 ,
1276 1049 1387 1083 mea
1438 1034 1777 1099 qualicunque
1838 1033 2063 1083 oratione

227 1141 510 1185 connexoS,
546 1125 596 1173 in
633 1140 731 1189 qua
766 1123 947 1181 simul,
983 1139 1082 1187 quo
1116 1123 1300 1172 melius
1339 1122 1506 1172 omnia
1538 1122 1976 1188 intelligerentur,
2010 1129 2064 1172 et

224 1216 386 1266 multa
421 1215 635 1263 aliorum
675 1213 917 1263 Veterum
951 1213 1237 1262 testimonia
1277 1212 1560 1278 potuissent
1594 1212 1861 1272 interseri,
1893 1220 1947 1261 et
1979 1211 2064 1261 ad·

227 1306 422 1370 scriptis
484 1304 672 1367 ubique
721 1303 986 1351 consulum
1036 1301 1376 1352 Romanorum
1427 1301 1745 1359 nominibus,
1790 1301 1861 1351 ad
1913 1316 2063 1351 suum

226 1410 455 1460 quaeque
499 1409 686 1443 annum
737 1392 943 1450 referri,
993 1393 1115 1457 quin
1157 1394 1310 1442 etiam
1343 1406 1424 1441 res
1458 1392 1531 1441 ita
1567 1390 1631 1440 ad
1669 1391 1822 1440 finem
1856 1390 2062 1456 perduci

227 1494 286 1535 ut
321 1485 401 1535 vel
442 1484 545 1548 ipsa
592 1498 727 1532 mors
773 1482 1022 1532 Ciceronis
1063 1482 1311 1547 potuisset
1351 1481 1588 1530 enarrari.
1658 1479 1770 1530 Scio
1816 1481 1938 1546 quid
1978 1481 2064 1532 isti

225 1575 413 1631 velint,
461 1574 547 1637 qui
581 1573 651 1622 ita
685 1573 982 1636 loquantur:
1021 1579 1103 1633 et,
1139 1587 1443 1636 quamquam
1492 1586 1592 1620 non
1639 1571 1868 1637 intelligo
1908 1587 2064 1637 quare

226 1665 338 1730 quis
384 1663 573 1712 alienae
616 1662 824 1712 modum
861 1670 1051 1711 statuat
1097 1661 1406 1720 industriae,
1459 1660 1523 1710 de
1570 1660 1810 1711 facilitate
1860 1675 2064 1727 possum

224 1753 528 1811 concedere,
565 1752 628 1801 de
675 1753 896 1801 utilitate
930 1767 1031 1801 non
1064 1768 1280 1817 possum.
1353 1751 1544 1810 Quodsi
1590 1751 1726 1802 enim
1758 1750 1943 1801 horum
1977 1751 2063 1802 ob-

226 1846 367 1909 sequi
418 1844 687 1893 voluissem
734 1843 1015 1899 voluntati,
1064 1843 1115 1891 in
1167 1842 1344 1893 multis
1396 1841 1607 1890 sortasse
1642 1856 1847 1891 necesse
1882 1841 2063 1893 suisset

226 1936 378 1992 alioS,
432 1934 518 1998 qui
551 1933 647 1982 hoc
694 1940 1049 1998 argumentum
1102 1940 1218 1982 ante
1269 1948 1350 1982 me
1402 1933 1778 1995 tractaverunt,
1831 1933 2062 1998 persequi

224 2029 447 2092 ipsorum
502 2021 772 2090 ‚vestigiiffi
842 2022 931 2071 sed
999 2030 1135 2072 certe
1199 2020 1548 2071 desistendum
1609 2021 1790 2072 fuisset
1854 2022 1916 2072 ab
1973 2037 2062 2080 e0‚

223 2114 356 2180 quod
408 2112 533 2163 mihi
595 2125 951 2176 proposueram
992 2115 1046 2161 et
1098 2110 1236 2176 quod
1297 2119 1415 2161 ante
1474 2111 1640 2160 omnia
1690 2126 1772 2160 me
1822 2111 2062 2162 maluisse

221 2221 337 2271 prae
388 2219 470 2253 mc
518 2202 623 2250 fero
644 2239 655 2261 ,
708 2210 767 2250 ut
825 2200 951 2251 nihil
993 2201 1047 2250 in
1090 2200 1171 2250 his
1222 2199 1611 2251 Commentariis>
1656 2200 1914 2266 legeretur
1962 2201 2060 2252 nisi

223 2293 359 2360 quod
405 2292 466 2342 ab
513 2291 618 2356 ipso
654 2289 890 2340 Cicerone
925 2297 1059 2340 esset
1093 2290 1370 2356 scriptum(
1421 2291 1584 2349 Quam
1623 2289 1859 2348 laudem,
1905 2306 2060 2357 quan-

222 2395 474 2448 tacunque
529 2382 593 2431 sit
653 2380 879 2454 iudicent
942 2381 1058 2439 alii,
1112 2380 1201 2430 sed
1227 2423 1231 2425 a
1258 2387 1548 2430 assecutum
1604 2395 1687 2430 me
1744 2395 1852 2430 esse
1909 2381 2059 2446 profi-

223 2486 346 2526 teor.
416 2474 474 2523 In
525 2470 758 2521 omnihus
808 2470 941 2520 enim
962 2509 976 2529 ,
1027 2486 1155 2535 quae
1190 2470 1272 2520 hic
1306 2469 1526 2536 legenda
1565 2469 1713 2528 dedi,
1759 2470 1889 2520 hanc
1933 2470 2069 2521 mihi

224 2581 416 2630 semper
452 2561 644 2613 servavi
677 2561 842 2626 legem
889 2568 948 2610 ut
987 2561 1190 2610 omnino
1231 2560 1535 2611 abstinerem
1577 2559 1851 2625 quidquam
1881 2559 1944 2610 de
1978 2575 2059 2610 me

223 2655 438 2710 addere;
492 2660 542 2702 e‘t
585 2651 681 2701 hoc
715 2659 917 2700 tantum
951 2666 1051 2700 non
1085 2651 1227 2700 nefas
1273 2665 1382 2701 esse
1428 2649 1577 2707 duxi,
1621 2649 1662 2698 si
1713 2649 2058 2715 permitterem

219 2745 344 2799 mihi
391 2742 645 2792 licentiam
703 2741 783 2790 vel
828 2740 967 2790 verbi
1021 2741 1233 2791 alicuius
1289 2741 1500 2791 formam
1555 2739 1835 2790 nominisve
1884 2755 2057 2789 casum

219 2834 451 2886 mutandi
481 2832 560 2882 vel
590 2830 818 2895 copulam
852 2831 1218 2896 interponendi.
1271 2830 1453 2881 Moriar
1477 2838 1650 2880 autem
1669 2868 1681 2887 ‚
1719 2828 1760 2878 si
1795 2829 1876 2879 vel
1905 2844 2057 2879 unam

220 2926 376 2976 trium
412 2922 679 2974 verborum
714 2921 1018 2970 sententiam
1046 2921 1110 2972 de
1153 2935 1235 2970 me
1273 2920 1525 2971 addidisse
1560 2919 1840 2969 convincar.
1910 2917 2056 2969 Tanti

220 3015 408 3064 seilicet
457 3012 582 3061 mihi
628 3011 726 3060 fuit
772 3011 1021 3078 integram
1074 3026 1294 3061 servasse
1343 3010 1500 3076 ipsam
1553 3008 1902 3058 Ciceronianae
1950 3022 2055 3056 ora-

218 3103 372 3154 tionis
405 3100 735 3151 sanctitatem.
805 3100 914 3159 Qua
942 3101 1005 3151 de
1039 3117 1093 3150 re
1130 3100 1171 3150 si
1206 3099 1288 3150 cui
1322 3101 1514 3166 placeat
1548 3113 1629 3148 me
1663 3097 1822 3146 risum
1867 3097 2053 3146 iocum·

217 3209 315 3258 que
350 3193 512 3241 facere
532 3229 542 3247 ,
578 3189 740 3239 rideat
758 3206 846 3255 per
873 3207 954 3241 me
988 3198 1235 3256 quantum
1269 3189 1507 3246 libuerit,
1541 3203 1634 3237 nec
1664 3187 1798 3236 enim
1827 3195 2052 3237 metuam

219 3283 451 3345 sibilum,
487 3295 584 3345 quo
623 3295 825 3330 accuser
853 3281 1083 3347 religioni
1118 3281 1286 3345 potius
1321 3278 1506 3329 servire
1542 3292 1694 3342 quam
1729 3277 1829 3326 vim
1864 3276 2050 3326 inferre

218 3372 467 3432 maluisse.
537 3369 634 3420 Sed
682 3370 816 3434 quod
862 3370 944 3421 isti
990 3370 1255 3434 requirunt
1308 3368 1544 3435 temporis
1596 3366 1951 3417 indicationem
1998 3374 2049 3416 et
