2150 3990
457 191 509 245 L.
537 190 624 246 111.
669 209 712 243 c.
739 187 825 243 xl.
869 187 907 261 5
934 193 1000 242 34
1043 220 1115 227 —-
1155 207 1198 239 «e.
1229 189 1363 242 xlll.
1408 189 1446 260 ,ξ
1473 194 1556 242 57.
1816 195 1913 240 1123

101 343 264 399 simili
292 342 497 397 ratione
534 341 832 415 perspicere
863 340 1107 412 possim,
1147 337 1302 394 nemo
1333 346 1450 394 erat
1477 340 1531 394 in
1565 338 1689 392 ludo
1721 339 1917 409 gladia-

103 443 239 498 torio
276 442 453 516 paullo
484 442 551 498 ad
585 442 791 497 facinus
817 440 1099 505 audacior,
1139 441 1231 512 qui
1265 456 1322 495 se
1353 456 1458 495 non
1492 440 1745 494 intimum
1778 439 1914 494 Cati·

102 544 242 599 linae
274 559 389 598 esse
435 542 720 604 fateretur3
760 556 914 596 nemo
947 540 1002 594 in
1043 556 1201 595 scena
1236 539 1401 595 levior
1438 546 1493 594 et
1533 539 1783 611 nequior,
1822 538 1915 609 qui

101 662 158 698 se
186 661 288 701 non
322 644 559 700 eiusdem
581 661 742 717 prope
762 642 993 698 sodalem
1028 641 1190 696 fuisse
1210 647 1665 695 commemoraret.
1747 641 1918 710 Atque

101 744 241 800 idem
280 750 491 808 tamen,
544 750 853 815 stuprorum
891 747 946 796 et
978 741 1239 797 scelerum
1276 742 1658 796 exercitatione
1689 738 1920 795 assuefa-

99 851 249 910 ctus,
291 843 487 917 frigore
519 850 572 898 et
607 842 744 899 fame
776 850 831 899 et
868 842 958 897 siti
984 859 1048 899 ac
1079 842 1279 915 vigiliis
1310 841 1639 915 perferendis
1672 839 1823 895 sortis
1854 838 1922 894 ab

101 945 218 1005 istis
257 942 696 1019 praedicabatur,
736 960 904 1016 quum
935 943 1233 999 industriae
1270 943 1509 999 subsidia
1534 949 1696 1016 atque
1722 942 1920 997 instru-

100 1051 280 1101 menta
303 1045 525 1102 virtutis
555 1046 626 1100 in*
643 1044 864 1100 libidine
891 1044 1223 1117 audaciaque
1247 1050 1602 1099 consumeret.
1658 1045 1746 1098 36.
1777 1040 1880 1097 Sed
1902 1048 1919 1079 ¹

102 1145 236 1202 nihil
274 1145 493 1219 agebat,
546 1144 681 1201 nihil
720 1144 1068 1210 moliebatur,
1127 1145 1262 1199 nihil
1300 1144 1596 1216 cogitabat,
1647 1142 1787 1215 quod
1825 1159 1923 1214 ego

102 1230 206 1301 non
258 1244 413 1301 modo
458 1261 563 1300 non
614 1245 858 1316 audirem
879 1285 894 1309 ,
948 1244 1040 1299 sed
1085 1221 1252 1299 etiam
1302 1261 1407 1298 non
1459 1243 1695 1298 viderem
1747 1242 1924 1315 plane-

100 1360 204 1418 que
238 1345 511 1401 sentirem.
589 1343 806 1400 Memini
826 1349 849 1383 2
893 1359 980 1399 me
1035 1349 1161 1398 ante
1206 1342 1347 1399 diem
1392 1360 1483 1398 xu.
1526 1341 1789 1397 Kalendas
1826 1341 1925 1395 No-

101 1446 352 1503 vembre's-
387 1444 567 1501 dicere
612 1445 668 1499 in
719 1451 935 1510 senatu,
994 1450 1143 1499 certo
1187 1443 1273 1499 die
1326 1442 1436 1499 sore
1482 1443 1536 1498 in
1584 1443 1774 1506 armis,
1833 1443 1924 1514 qui

11 1616 13 1621 ,
101 1546 214 1603 dies
254 1545 488 1602 -l'uturus
544 1552 686 1601 esset
742 1551 867 1600 ante
917 1544 1059 1600 diem
1113 1562 1185 1601 vi.
1249 1543 1512 1600 Kalendas
1569 1542 1891 1598 Novembres
1913 1585 1927 1607 ‚

100 1648 154 1703 C.
187 1647 444 1704 Manlium
466 1687 484 1713 ,-
519 1622 775 1703 audaciae
813 1646 1099 1702 satellitem
1138 1653 1300 1719 atque
1337 1645 1716 1701 administrum
1750 1643 1927 1700 Catili·

12 1748 13 1751 ’
100 1744 215 1804 nae.
294 1746 408 1810 Non
441 1765 527 1805 me
555 1747 764 1814 refellit,
804 1764 910 1803 non
938 1748 1094 1803 modo
1119 1765 1206 1803 res
1236 1755 1414 1813 tanta,
1454 1755 1565 1803 tam
1599 1754 1776 1811 atrox,
1817 1754 1927 1802 tam

101 1839 457 1914 incredibilis,
498 1864 715 1913 verum,
749 1847 802 1903 id
836 1848 976 1921 quod
1007 1848 1176 1904 multo
1203 1849 1376 1920 magis
1407 1854 1490 1903 est
1521 1847 1927 1911 admirandum,

14 1976 15 1985 κ
101 1947 229 2004 dies·
308 1948 430 2005 nixi
469 1965 567 2022 ego
601 1949 741 2005 idem
778 1950 832 2004 in
871 1957 1098 2015 senatu,
1138 1950 1420 2005 Catilinam
1461 1949 1676 2005 caedem
1706 1950 1927 2023 optima·

102 2049 240 2109 tium
274 2048 565 2105 contulisse
611 2050 666 2104 in
706 2057 831 2104 ante
863 2049 1004 2104 diem
1038 2067 1086 2104 v.
1124 2049 1388 2104 Kalendas
1420 2049 1770 2115 NovembreS,
1812 2057 1927 2104 tum

104 2163 272 2220 quum
304 2149 462 2205 multi
495 2151 767 2223 principes
798 2150 1035 2205 civitatis
1075 2151 1266 2215 Roma,
1308 2166 1412 2203 non
1455 2157 1564 2205 tam
1599 2152 1682 2205 sui
1716 2168 1928 2206 conser-

104 2247 292 2313 vandi,
321 2263 482 2320 quam
497 2248 662 2304 jllius
694 2238 1039 2304 consiliorum
1063 2250 1526 2322 reprimendorum
1560 2268 1774 2315 caussa,
1809 2269 1925 2323 pro-

105 2347 374 2421 fugerunt..
453 2348 592 2404 Num
627 2349 849 2404 infitiari
888 2349 1091 2422 potuit,
1132 2367 1188 2404 se
1222 2350 1311 2405 illo
1345 2352 1458 2423 ipso
1490 2350 1577 2407 die
1611 2353 1745 2406 meis
1778 2370 1926 2424 prae·

102 2448 282 2520 sidiis,
322 2464 441 2504 mea
465 2447 744 2521 diligentia
783 2450 1204 2505 circumclusum
1226 2493 1240 2516 ,
1279 2464 1614 2508 commovere
1654 2470 1710 2507 se
1742 2460 1928 2508 contra

101 2548 486 2623 rempublicam
514 2566 619 2606 non
646 2551 912 2623 potuisse,
953 2568 1120 2624 quum
1149 2553 1289 2625 ipse,
1329 2553 1569 2608 discessu
1596 2561 1896 2609 ceterorum
1914 2598 1927 2619 ,

103 2655 284 2706 nostra
317 2657 527 2716 tamen,
548 2651 660 2724 'qui
687 2653 1159 2718 remansissemus,
1187 2653 1347 2708 caede
1378 2659 1691 2710 contentum
1725 2672 1781 2711 se
1812 2673 1930 2710 esse

102 2750 352 2807 dicebat?
429 2750 611 2821 Quid?
652 2769 820 2825 quum
844 2770 911 2821 ‚se
943 2754 1227 2809 Praeneste
1261 2754 1512 2810 Kalendis
1545 2755 1676 2828 ipsis
1708 2756 1925 2811 Novem-

58 2854 61 2858 ’
102 2850 287 2906 bribus
325 2848 714 2925 occupaturum
758 2860 1021 2909 nocturno
1059 2855 1263 2927 impetu
1295 2871 1412 2911 esse
1449 2855 1768 2922 confideret,
1808 2854 1923 2911 sen·

102 2952 243 3007 sitne
293 2951 439 3008 illam
485 2953 746 3010 coloniam
779 2972 897 3011 meo
941 2957 1094 3012 iussu
1136 2956 1446 3029 praesidiis,
1491 2957 1753 3013 custodiis
1788 2959 1924 3028 vigi-

102 3050 296 3125 liisque
333 3068 451 3109 esse
482 3047 785 3111 munitam?

179 3252 317 3309 XIII.
400 3258 486 3309 57.
532 3255 674 3312 Sed³
728 3257 815 3313 ille
874 3264 932 3311 ut
991 3258 1137 3312 vitiis
1182 3259 1295 3312 suis
1353 3267 1803 3321 commoveretur,
1864 3267 1922 3312 nt

169 3485 205 3539 ¹)
237 3482 282 3527 in
313 3483 436 3529 Catil.
468 3488 499 3530 1.
527 3501 561 3531 c.
583 3489 623 3530 3.
657 3487 736 3542 §a
775 3512 830 3521 -
865 3487 904 3545 ε)
938 3486 1050 3565 und..
1084 3490 1166 3545 §a
1203 3514 1259 3522 -
1294 3489 1332 3548 5)
1367 3488 1472 3536 lbid.
1507 3493 1739 3549 c.9..§2⁶.›..

1576 3567 1641 3612 8³*
