2210 3970
257 231 363 283 692
727 242 1052 279 ANNALES
1112 245 1620 282 οιοΕῐιοΝιΑΝι.

268 391 400 420 manu
416 406 428 428 ‚
451 388 599 416 verum
617 372 750 415 etiam
773 373 1042 432 campaneis
1059 373 1227 417 amicis.
1247 400 1306 407 —
1323 390 1359 418 c.
1378 379 1418 418 5.
1438 377 1510 418 10.
1541 377 1696 419 Utrum
1712 390 1871 419 caussa
1888 376 2089 436 capiendi

271 453 375 503 novi
407 449 583 494 consilii
613 466 698 492 non
723 449 872 507 suit?
905 476 964 482 —-
1001 450 1121 507 Quae
1153 466 1248 504 νεε,
1292 467 1404 510 quae
1436 467 1595 494 caussa
1626 452 1766 496 maior
1804 468 1896 496 esse
1915 484 1927 508 ,
1959 470 2090 513 quam

263 530 446 588 samm,
473 527 693 587 ‚potuiff
736 543 868 587 quam
902 526 1105 571 seditio?
1152 554 1209 560 —-—
1258 527 1404 583 Quum
1439 528 1758 587 ingravesceret
1794 546 1991 583 annona,
2038 537 2091 573 ut

274 607 365 649 iam
395 605 533 666 plane
563 605 715 664 inopia
747 621 798 648 ac
830 605 1010 663 fame-5⁸,
1054 621 1140 648 uon
1172 606 1338 648 caritas
1375 605 1629 660 timeretur„
1663 623 1899 650 concursus
1932 614 1999 649 est
2034 607 2094 650 ad

272 683 484 744 templum
526 682 786 726 Concordiae
832 682 1024 741 factus,
1073 690 1274 726 senatum
1317 681 1427 725 illuc
1468 690 1648 727 vocante
1689 684 1865 727 Metello
1905 683 2094 730 consule.

276 761 442 805 Plinius
490 765 639 820 Paneg.
685 776 719 804 c.
748 762 819 804 29.
866 762 1013 804 Huius
1056 762 1292 818 (annonae)
1335 759 1575 820 aliquando
1615 777 1721 804 cura
1760 762 1968 822 Pompeio
2010 778 2096 806 uon

275 840 424 882 minus
461 837 635 882 addidit
665 837 866 897 gloriae,
909 855 1042 898 qaam
1071 838 1238 899 pulsus
1271 837 1464 882 ambitus
1500 839 1683 898 Campo,
1728 833 1911 883 exactus
1955 839 2096 883 hostis

277 918 420 973 mari,
453 918 599 960 oriens
622 916 862 975 triumphis
894 915 1176 975 occidensque
1203 915 1476 959 illustratus.
1541 915 1806 959 Cassiodorus
1834 916 1998 960 Vari-ar.
2030 929 2097 961 VI.

278 998 351 1039 18.
383 997 478 1039 Non
508 994 724 1037 immerito
757 994 990 1053 Pompeius
1016 993 1200 1052 fertur,
1248 993 1400 1052 copiae
1429 993 1680 1052 quantitate
1702 993 1911 1052 provisa,
1958 1008 2098 1052 usque

275 1071 338 1116 ad
365 1089 511 1116 rerum
533 1070 788 1130 pervenisse
811 1069 1036 1130 fastigia:
1069 1072 1177 1130 qaia
1208 1069 1364 1112 merito
1397 1068 1642 1129 singularis
1675 1077 1743 1112 est
1773 1086 1895 1113 amor
1911 1070 2099 1131 popul-i,

276 1166 412 1211 quum
460 1157 614 1209 potuit
661 1165 689 1191 a
723 1150 919 1209 penuria
963 1148 1158 1192 libcrari.
1238 1148 1351 1191 Hinc
1390 1146 1470 1190 ille
1525 1147 1903 1207 gratificationem
1942 1147 2104 1191 meruit

269 1226 574 1287 plausumque
603 1225 884 1285 populorum.
960 1228 1072 1270 Hinc
1100 1227 1227 1270 unice
1259 1241 1428 1286 semper
1458 1234 1636 1270 amatus
1669 1234 1764 1280 est,
1798 1233 1840 1269 ct
1872 1227 1920 1269 in
1947 1226 2101 1286 gratia

278 1305 466 1359 civium,
500 1304 692 1347 omnium
724 1303 832 1346 vicit
854 1304 991 1362 facta
1023 1305 1265 1347 maiorum:
1299 1305 1378 1364 qui
1404 1320 1457 1348 ue
1490 1303 1731 1365 aliquando
1759 1304 1968 1348 inhonore
1989 1302 2102 1347 dice-

278 1389 428 1435 retur,
462 1397 559 1424 cum
586 1381 777 1424 nominis
807 1383 1037 1425 taxatione
1063 1381 1301 1426 vocabatur
1328 1389 1372 1425 et
1394 1384 1596 1442 Magnus.
1662 1381 1738 1425 Dio
1763 1393 1919 1425 xxxix.
1947 1397 1983 1424 c.
2001 1384 2041 1425 9.
2060 1384 2102 1426 2.

281 1463 447 1519 Λιμοῦ
483 1459 532 1503 ἐν
567 1463 622 1518 τῇ
654 1460 798 1506 πόλει
833 1464 1035 1523 ἰσχυροῦ
1078 1459 1356 1522 γενομένου,
1400 1463 1483 1504 καὶ
1519 1464 1606 1505 τοῦ
1641 1459 1812 1521 ὁμίλου
1850 1460 2027 1512 παντὸς
2054 1460 2104 1514 ἔς

283 1556 335 1584 τε
363 1540 419 1585 ’τὸ
454 1538 666 1600 θέατρον
694 1540 844 1603 (μόνῳ
874 1539 926 1586 δὲ
960 1540 1020 1598 δή
1046 1544 1126 1585 καὶ
1162 1542 1275 1585 τότε
1300 1540 1373 1586 ἔτι
1401 1543 1595 1604 θεάτρῳ
1626 1540 1676 1593 ἐς
1710 1542 1794 1591 τὰς
1821 1543 2106 1603 πανηγύρεις

284 1618 517 1679 ἐχρῶντο)
551 1621 630 1662 καὶ
663 1620 783 1678 μετὰ
820 1625 965 1665 τοῦτο
998 1623 1077 1664 καὶ
1098 1618 1145 1670 ἐς
1176 1619 1564 1682 τὸΙΚαπιτώλιον
1594 1620 1674 1666 ἐπὶ
1696 1622 1812 1671 τούς
1847 1619 2106 1679 βουλευτάς

283 1698 654 1758 συνεδρεύοντας
681 1698 1037 1757 ἐσπηδήσαντος
1054 1734 1065 1754 ,
1099 1703 1180 1744 καὶ
1200 1697 1309 1745 τοτὲ
1324 1698 1411 1760 μὲν
1428 1699 1480 1745 ἐν
1499 1704 1666 1763 χερσὶν
1685 1702 1869 1764 αὐτούς
1887 1702 2106 1760 ἀποσφά-

281 1779 381 1833 ξειν
402 1776 509 1824 τοτὲ
538 1776 590 1823 δὲ
622 1782 701 1822 καὶ
728 1782 1052 1840 καταπρήσειν
1080 1782 1174 1823 σύν
1205 1779 1375 1832 αὐτοῖς
1398 1789 1498 1833 τοῖς
1515 1790 1649 1832 ναοῖς
1668 1781 2017 1836 ἀπειλοῦντος,
2052 1781 2104 1839 (ὁ

283 1857 523 1919 Κικέρων)
556 1851 719 1902 ἔπεισέ
746 1874 871 1914 σφας
899 1857 1188 1918 ἐπιμελητήν
1221 1862 1309 1903 τοῦ
1331 1862 1470 1904 σίτου
1489 1858 1571 1904 τὸν
1588 1860 1848 1920 Πομπήιον
1865 1865 2110 1923 προχειρί-

285 1939 474 1983 σασθαι
490 1972 499 1990 ,
535 1939 615 1981 καὶ
644 1937 726 1981 διὰ
748 1941 895 1982 τοῦτο
913 1941 995 1982 καὶ
1025 1936 1174 1998 ἀρχήν
1195 1938 1327 2000 αὐτῷ
1355 1938 1642 1984 ἀνθυπάτου
1660 1943 1740 1983 καὶ
1760 1942 1811 1982 ἐν
1829 1943 1886 1998 τῇ
1917 1941 2109 1998 Ἰταλία

288 2019 369 2061 καὶ
390 2015 473 2066 ἔξω
493 2013 574 2060 ἐπὶ
593 2015 734 2060 πέντε
752 2015 834 2074 ἔτη
851 2017 1039 2061 δοῦναι.
1069 2018 1250 2077 Appian.
1269 2021 1315 2061 Β.
1335 2021 1380 2061 C.
1399 2031 1447 2062 Π.
1467 2034 1504 2061 c.
1524 2021 1594 2062 18.
1615 2023 1846 2078 Ῥωμαῖοι
1865 2018 1918 2065 δὲ
1934 2053 1948 2075 ,
1985 2019 2108 2080 λιμῷ

289 2096 590 2156 πιεζόμενοι,
630 2095 891 2154 Πομπήιον
917 2096 1111 2166 εἷᾋΟντο
1147 2099 1229 2153 τῆς
1265 2093 1440 2158 ἀγορὰς
1472 2095 1807 2160 αὐτοκράτορα
1838 2095 1991 2144 εἶναι’
2028 2103 2110 2146 καί

293 2176 344 2222 οἱ
364 2201 419 2209 ——
438 2167 624 2220 εἴκοσιν
644 2173 739 2218 ἀπὸ
767 2179 849 2232 τῆς
870 2175 1044 2236 βουλῆς
1076 2175 1314 2237 ὑπηρέτας
1335 2176 1532 2221 ἔδωκαν.
1596 2179 1645 2224 Ὀ
1662 2174 1715 2222 δὲ
1735 2177 1918 2229 αὐτούς
1939 2177 2113 2238 ὁμοίως

289 2253 339 2309 ἐς
380 2254 437 2300 τά
473 2253 595 2312 ἔθνη
638 2253 836 2306 διαθεὶς
875 2254 1129 2317 ἐπέτρεχε,
1177 2259 1257 2301 καὶ
1294 2257 1377 2315 τήν
1406 2254 1594 2315 Ῥώμην
1622 2256 1817 2302 ἀὐτίκα
1854 2256 2110 2316 ἐνέπλησεν

290 2333 465 2396 ἀγορᾶς
498 2334 758 2392 δαψιλοῦς.
822 2334 1041 2380 Plutarch.
1078 2340 1218 2396 Pomp.
1256 2338 1384 2380 (249.
1421 2339 1460 2380 4.
1504 2339 1605 2381 Καὶ
1638 2340 1770 2398 νόμῳ
1807 2336 2057 2384 κατελθὼν
2090 2338 2115 2384 ὁ

287 2413 509 2475 Κικέρων
534 2413 618 2470 τήν
651 2431 702 2458 τε
723 2412 900 2473 βουλήν
931 2414 1095 2466 εὐθυς
1124 2414 1188 2475 τῷ
1218 2417 1457 2477 Πομπηίῳ
1491 2415 1749 2474 διήλλαττε
1779 2421 1859 2463 καὶ
1893 2418 1958 2479 τῷ
1983 2435 2116 2463 σιτι-

293 2494 359 2555 κᾷ)
398 2497 529 2553 νόμῳ
571 2493 839 2553 συνηγορῶν
888 2490 1046 2556 τρόπῳ
1089 2497 1188 2538 τινὶ
1238 2494 1385 2537 πάλιν
1426 2496 1508 2556 γῆς
1543 2499 1630 2540 καὶ
1670 2499 1948 2556 θαλάττης,
1997 2498 2114 2555 ὅσην

292 2571 547 2630 ἐκέκτηντο
582 2573 818 2631 Ῥωμαῖοι
842 2606 853 2627 ,
899 2575 1069 2630 κύριον
1105 2571 1264 2616 ἐποίει
1297 2573 1580 2631 Πομπήιον·
1620 2574 1695 2620 ἐπ’
1731 2577 1863 2638 αὐτῷ
1903 2578 1989 2639 γάρ
2022 2576 2115 2640 ε’γί-

295 2667 464 2722 γνοντο
488 2650 702 2711 λιμένες,
735 2649 974 2713 ἐμπόρια,
1003 2653 1196 2713 καρπῶν
1213 2651 1490 2708 διαθέσεις,
1524 2653 1598 2699 ἑνὶ
1630 2657 1776 2719 λόγῳ,
1813 2660 1869 2703 τά
1899 2659 1994 2703 τῶν
2016 2660 2123 2703 πλε-

293 2732 446 2785 Ιόντων
476 2732 753 2793 πράγματα,
796 2734 852 2776 τά
884 2732 979 2776 τῶν
1007 2734 1357 2794 γεωργούντων.
1423 2735 1605 2780 Zonaras
1633 2747 1679 2778 x.
1709 2750 1743 2778 c.
1767 2739 1806 2778 5.

373 2869 459 2945 (¹4)
503 2870 696 2925 Secuta
719 2875 798 2924 est
820 2886 1031 2924 summa
1052 2871 1323 2924 contentio
1347 2871 1412 2925 de
1437 2870 1592 2925 domo
1622 2871 1890 2928 Ciceronis
1908 2917 1923 2939 ,
1956 2891 2117 2946 quam

294 2970 507 3025 Clodius
546 2970 615 3042 [v.
649 2969 716 3023 ad
756 2986 803 3025 a.
830 2973 955 3024 696.
994 2971 1103 3043 17.]
1146 2970 1404 3025 Libertati
1439 2981 1862 3037 consecraverat.
1891 2991 1962 3028 v1.
1995 2993 2040 3030 c.
2063 2977 2116 3029 6.

298 3077 387 3131 12.
477 3071 552 3124 De
598 3071 752 3123 cuius
794 3069 1050 3140 religione
1095 3088 1260 3142 quum
1314 3078 1531 3126 senatus
1580 3072 1901 3129 decrevisset
1945 3082 2006 3129 ut
2052 3075 2117 3130 ad

294 3171 608 3244 pontificum
632 3170 915 3241 collegium
935 3169 1251 3235 referretur,
1285 3171 1467 3226 Cicero
1487 3172 1658 3244 pridie
1687 3173 1907 3229 Kalend.
1933 3174 2112 3230 Octob.

301 3274 388 3346 [z
424 3277 493 3327 29
516 3271 665 3342 Sept..
699 3275 805 3325 697
847 3288 915 3320 ..τ
956 3275 986 3324 5
1019 3269 1199 3325 Octob.
1242 3276 1310 3326 57
1345 3289 1392 3326 a.
1415 3272 1495 3346 st]
1537 3291 1634 3343 pro
1667 3274 1815 3328 domo
1855 3293 1949 3328 sua
1982 3275 2117 3332 dixit

295 3373 437 3444 apud
491 3371 785 3443 pontifices.
875 3370 1127 3424 Kalendis
1170 3370 1353 3427 Octob.
1401 3380 1454 3427 et
1486 3375 1742 3445 postridie
1793 3376 1886 3448 [Ξ
1923 3381 1947 3429 1
1989 3383 2041 3431 et
2081 3380 2111 3429 2

292 3472 409 3539 Oct,
439 3478 544 3537 697
587 3492 651 3523 z:
693 3477 724 3526 4
765 3478 818 3527 et
854 3476 883 3526 5
927 3471 1111 3537 octob,
1155 3477 1223 3527 57
1256 3491 1300 3528 a.
1335 3474 1412 3547 st]
1468 3474 1704 3530 decrevit
1746 3484 1963 3532 senatus
2010 3472 2113 3533 fer-
