2210 3970
209 222 315 272 518
669 232 998 271 ANNALES
1055 234 1564 271 οιοΕΒοΝιΑΝῙ.

201 371 245 408 et
277 378 448 408 semmua
473 364 675 423 pericula
705 379 851 408 rerum
878 364 1069 424 Excipit
1100 371 1181 407 cet.
1246 362 1364 408 Conf.
1388 362 1535 408 sidon.
1565 362 1754 424 Apollin.
1782 378 1818 408 c.
1839 367 1910 410 11.
1925 367 2030 412 231.

199 440 419 486 Plutarch.
451 446 550 487 Mar.
574 457 610 486 c.
629 445 670 486 3.
703 446 745 487 1.
792 443 918 502 ’0ψέ
958 459 1077 487 ποτε
1116 443 1266 487 πόλιν
1299 437 1400 487 εἶδε
1433 445 1515 488 καὶ
1551 442 1645 487 τῶν
1668 478 1670 480 -
1690 439 1740 486 ἓν
1789 444 1844 499 τῇ
1884 444 2030 489 πόλει

198 519 469 581 διατριβῶν
512 512 777 583 ἐγεύσατο,
819 522 906 568 τὸν
943 519 998 568 δὲ
1032 521 1179 568 ἄλλον
1219 522 1398 583 χρόνον
1434 519 1485 566 ἐν
1521 519 1656 584 κώμῃ
1691 521 2030 583 Κιρραιάτωνι

202 600 285 655 τῆς
311 602 547 661 ’Λρπὶνης
570 599 768 645 δίαιταν
793 595 899 658 εἶχε
919 629 976 636 -
996 633 1011 649 .

274 704 337 778 (⁶)
380 703 559 760 Pridie
593 705 707 760 Kal.
751 703 931 760 Octob.
972 705 1064 778 [z
1094 709 1163 760 c>9
1206 705 1373 778 Sept]
1415 711 1575 761 natus
1618 705 1712 763 Cn.
1748 705 2032 777 Pompeius

196 805 458 876 Magnus,
503 822 662 877 quem
703 807 884 860 Cicero
913 789 1023 877 'per
1078 812 1246 860 totam
1293 806 1463 860 vitam
1509 791 1731 878 plurimi
1777 805 1919 860 feeit.
1972 823 2028 862 11.

195 920 241 958 e.
265 908 354 959 24.
388 907 458 957 64
482 920 596 974 sqq.
629 922 703 957 111.
737 921 782 957 e.
822 908 911 959 29.
935 908 1022 958 89.
1060 922 1103 957 v.
1137 921 1182 957 c.
1225 909 1308 960 14.
1345 909 1433 959 56.
1465 923 1514 960 c.
1545 909 1635 960 21.
1666 911 1755 961 55.
1792 924 1863 963 v1.
1900 924 1948 960 e.
1976 911 2026 961 5.

195 1008 245 1057 9.
264 1007 534 1059 v11.c.·41.
562 1008 684 1058 108.
716 1022 804 1058 vn.
833 1022 877 1058 e.
905 1009 991 1058 47.
1022 1008 1143 1058 1⁶21.
1175 1022 1281 1059 vm.
1318 1023 1362 1058 c.
1385 1009 1434 1058 5.
1473 1010 1522 1059 5.
1555 1022 1600 1059 e.
1625 1008 1714 1058 ΞΟ.
1741 1010 1830 1060 49.
1866 1024 1911 1060 e.
1939 1012 2025 1061 55.

196 1107 285 1158 95.
327 1121 398 1158 lx.
435 1122 479 1158 c.
506 1109 555 1158 5.
589 1110 639 1158 8.

256 1203 446 1249 Velleius
478 1218 530 1250 11.
555 1221 592 1250 c.
610 1210 683 1250 53.
713 1210 753 1249 3.
801 1208 843 1251 C.
872 1206 1013 1250 Atilio
1044 1214 1087 1250 et
1125 1207 1176 1264 Q.
1194 1206 1385 1251 Servilio
1413 1206 1684 1255 consulibus.
1717 1206 1885 1252 Plinius
1911 1211 1962 1254 Η,
1981 1211 2028 1254 Ν.

195 1294 376 1326 xxxvu.
415 1285 458 1327 2.
497 1286 538 1328 6.
586 1283 742 1328 Pridie
782 1283 967 1328 Kalend.
1023 1285 1172 1329 Octob.
1217 1283 1288 1328 die
1331 1283 1504 1328 natalis
1545 1284 1635 1329 sui.
1688 1285 1938 1348 Hieronym.
1979 1286 2024 1330 in

193 1358 349 1405 Euseb.
373 1359 528 1407 chron.
559 1361 733 1423 Oly-mp.
753 1366 867 1420 168,
894 1367 923 1408 3
951 1365 1037 1422 [z
1063 1380 1100 1409 a.
1118 1363 1307 1436 0102}
1354 1363 1428 1408 Cn.
1445 1362 1698 1423 *Pompeius
1723 1366 1916 1425 Magnus
1937 1364 2026 1408 ori-

192 1445 282 1483 tur.
346 1441 476 1483 Error
505 1447 570 1484 est
602 1440 648 1483 in
680 1441 762 1497 iis,
803 1457 914 1503 quae
945 1440 1159 1502 leguntur
1183 1439 1300 1501 apud
1328 1439 1484 1486 Euseb.
1517 1444 1639 1496 Arm.
1672 1439 1741 1486 ed.
1773 1441 1868 1489 Mai.
1901 1444 2027 1489 Rom.

192 1520 329 1563 1833.
357 1517 530 1579 Olymp.
548 1521 661 1575 169,
692 1522 734 1564 1.
764 1521 887 1585 Anuo
905 1521 1025 1563 1912
1050 1521 1135 1577 [::
1148 1535 1187 1564 a.
1209 1521 1253 1577 C.
1280 1519 1515 1592 103=1L
1531 1520 1575 1565 C.
1593 1521 1707 1589 653]
1739 1521 1813 1566 Cn.
1840 1521 2026 1582 Pompe·

191 1593 267 1639 ius
295 1596 354 1639 M.
379 1595 538 1641 oritur.
603 1597 686 1642 Cic.
718 1600 842 1642 Brut.
868 1612 907 1642 c.
932 1599 1005 1642 68.
1032 1598 1136 1640 239.
1200 1597 1327 1640 Meus
1364 1603 1517 1641 autem
1553 1595 1760 1656 aequalis
1796 1598 1870 1642 On.
1896 1597 2027 1640 Pom-

187 1672 341 1732 peius,
375 1673 446 1718 vir
470 1672 532 1717 ad
552 1675 700 1718 omnia
724 1691 898 1719 summa
921 1680 1083 1730 natus,
1114 1672 1324 1718 maiorem
1350 1661 1527 1718 dicendi
1549 1673 1745 1736 gloriam
1772 1674 2027 1731 habuisset,

190 1751 285 1796 nisi
307 1768 406 1796 eum
431 1753 617 1797 maioris
636 1752 809 1814 gloriae
825 1751 1053 1813 cupiditas
1078 1750 1140 1795 ad
1158 1749 1341 1795 bellicas
1370 1750 1528 1797 laudes
1552 1751 1874 1800 abstrusi-isset„
1907 1749 2027 1797 Conf.

191 1823 245 1873 ad
272 1845 311 1875 a.
328 1832 434 1875 706.
466 1833 510 1875 4.

190 1992 192 1994 ,
268 1932 332 2007 (⁷)
371 1932 606 1999 Iudicia,
657 1950 794 2006 quae
827 1950 892 1988 ex
924 1933 1039 2004 lege
1079 1934 1394 2007 Sempronia
1435 1932 1505 2008 (a.
1529 1936 1658 1989 651.
1697 1931 1826 2006 lata)
1861 1947 2055 2012 penes

188 2036 494 2107 equestrem
535 2031 777 2102 ordinem
817 2023 997 2100 erant,
1051 2034 1112 2104 Q.
1156 2032 1417 2090 Servilius
1455 2033 1647 2107 Caepio
1687 2031 2025 2088 senatoribus

187 2135 428 2190 restituit
454 2134 571 2207 lege
599 2134 745 2201 lata„
771 2137 933 2207 quam
955 2135 1014 2190 L.
1033 2134 1284 2191 Licinius
1308 2134 1534 2191 Crassus
1559 2132 1761 2198 suasit,
1795 2131 2027 2188 summis

188 2243 306 2291 tum
344 2234 596 2290 laudibus
624 2242 822 2290 ornans
857 2242 1123 2294 senatum.
1164 2253 1203 2293 1.
1242 2253 1292 2293 e.
1315 2239 1369 2291 9.
1403 2237 1510 2290 25..
1563 2261 1568 2269 ·

248 2335 544 2381 Cassiodorus=
580 2334 633 2394 Q.
665 2336 887 2381 Servilius
918 2345 963 2382 et
993 2338 1036 2383 C.
1065 2336 1237 2384 Atilius
1267 2338 1503 2382 Serranus.
1564 2334 1655 2379 llis.
1673 2348 1786 2379 coss.
1810 2343 1896 2394 'per
1920 2333 2022 2377 Ser·

186 2413 347 2458 vilium
387 2414 644 2474 Caepionem
677 2414 900 2459 consulem
929 2405 1103 2461 iudicia
1134 2414 1365 2475 equitibus
1395 2420 1440 2458 et
1469 2411 1752 2457 senatoribus
1782 2410 2022 2457 communi-

187 2498 303 2536 cata.
367 2489 617 2552 obsequens
640 2505 677 2534 c.
697 2493 800 2535 101.
837 2492 888 2549 Q.
914 2493 1106 2538 Servilio
1138 2493 1379 2554 Caepione,
1410 2490 1552 2535 Atilio
1576 2491 1767 2534 Serrano
1787 2482 1900 2534 coss.
1931 2490 2022 2533 Per

190 2568 448 2630 Caepionem
471 2566 696 2611 consulem
717 2576 970 2614 senatorum
995 2578 1038 2615 et
1062 2571 1264 2630 equitum
1285 2568 1459 2614 iudicia
1479 2568 1815 2612 communicata.
1843 2566 2020 2612 Tacitus

187 2652 303 2693 Ann.
334 2659 418 2692 ΧΠ.
449 2662 486 2691 c.
511 2648 584 2690 60.
621 2643 836 2689 Claudius
867 2648 1250 2707 (procuratoribus
1280 2647 1401 2707 suis)
1432 2663 1556 2692 omne
1586 2646 1662 2691 ius
1690 2643 1913 2701 tradidit,
1955 2670 2018 2678 —

185 2741 325 2783 quum
357 2722 631 2790 Semproniis
662 2723 968 2784 rogationibus
999 2733 1202 2785 equester
1237 2725 1356 2787 ordo,
1372 2725 1421 2770 in
1434 2717 1720 2787 possessione
1747 2722 2018 2768 iudiciorum

186 2803 437 2859 locaretur,
469 2807 551 2845 aut
576 2814 756 2844 rursum
782 2801 1000 2847 Serviliae
1034 2802 1151 2866 leges
1183 2804 1363 2849 senatui
1393 2802 1567 2848 iudicia
1596 2800 1848 2857 redderent,
1881 2798 2019 2844 Mari-

184 2896 325 2942 usque
341 2888 385 2925 et
397 2879 528 2924 Sulla
544 2878 651 2923 olim
666 2877 718 2922 de
735 2893 783 2922 eo
795 2877 867 2923 vel
870 2881 1116 2942 praecipue
1133 2881 1360 2926 bellarent.
1387 2883 1449 2941 [v.-
1461 2881 1516 2927 ad
1531 2898 1568 2927 a.
1583 2883 1687 2926 673.
1704 2883 1747 2925 2.
1765 2887 1810 2924 et
1826 2881 1930 2923 684.
1950 2880 2016 2936 1.]

183 2959 274 3004 Cic.
300 2974 377 3020 pro
404 2958 575 3004 Cluent.
599 2973 636 3002 e.
651 2962 724 3004 51.
758 2962 863 3004 140.
895 2960 968 3017 (L.
989 2961 1200 3021 Crassus)
1231 2961 1281 3015 in
1311 2960 1595 3006 dissuasione
1620 2957 1870 3019 rogationis
1890 2956 2015 3012 eius,

185 3055 301 3100 quae
322 3046 478 3084 contra
499 3037 715 3083 coloniam
740 3037 1060 3082 Narbonensem
1084 3041 1144 3097 [a.
1164 3041 1293 3097 636.]
1310 3022 1571 3097 ferebatur,
1603 3044 1822 3097 quantum
1834 3041 2011 3096 potest,

182 3117 235 3163 de
251 3118 520 3163 auctoritate
535 3123 719 3160 senatus
741 3114 962 3173 detrahit,
987 3117 1036 3161 in
1058 3118 1265 3162 suasione
1296 3117 1410 3179 legis
1430 3116 1650 3162 Serviliae
1673 3114 1860 3159 summis
1880 3119 2012 3156 ornat

182 3204 386 3242 senatum
419 3194 642 3240 laudibus
704 3192 821 3239 Conf.
855 3197 1009 3254 Meyer.
1028 3197 1148 3240 Orat.
1169 3199 1291 3241 Rom.
1318 3200 1491 3258 Fragm.
1517 3206 1684 3241 nvm.
1709 3197 1751 3238 4.
1784 3209 1827 3254 p.
1843 3193 1948 3236 299.

260 3294 323 3382 (a)
365 3309 475 3361 Hoe
502 3325 641 3362 anno
660 3350 675 3373 ,
707 3314 769 3362 ut
788 3306 1029 3373 videtur,
1065 3309 1122 3362 P.
1144 3309 1385 3364 Licinius
1405 3308 1657 3371 CrassuS‚
1686 3321 1855 3377 quum
1890 3321 2008 3375 cog-

181 3407 617 3471 nomine-diveS‚
669 3415 786 3462 tum
826 3409 1028 3482 eopiIS,
1084 3407 1302 3466 functus
1348 3414 1430 3465 est
1481 3405 1726 3464 aedilicio
1771 3405 2006 3462 maximo

179 3526 419 3567 munere.
458 3527 513 3565 11.
550 3527 594 3565 c.
617 3512 705 3564 22.
742 3512 829 3564 60.
2053 3489 2060 3500 ⁸
