2150 3990
195 223 301 274 216
805 237 1013 275 emano
1060 239 1129 275 ne
1179 235 1315 275 νιΤΑ
1354 237 1459 276 suA

196 370 448 441 optimas,
490 369 926 442 perdidissemus.
1005 372 1140 426 Istos
1162 378 1179 409 ¹
1234 373 1377 426 enim
1418 377 1537 443 post
1589 369 1866 424 hominum
1906 387 2011 426 me-

196 469 425 524 moriam
464 471 822 527 ‘taeterrimos
874 478 1034 544 atque
1079 473 1421 544 turpissimos
1470 469 1718 526 consules
1761 486 1906 534 esse,
1963 478 2017 526 et

195 569 288 624 illa
344 571 610 644 principia
665 578 720 627 et
778 571 835 626 hi
883 579 1129 628 recentes
1194 589 1377 628 rerum
1429 572 1606 627 exitus
1657 569 2017 625 declararunt.

195 670 410 727 Etenim
431 677 453 710 2
485 672 695 728 nullum
734 673 929 727 vitium
967 673 1195 727 taetrius
1225 679 1342 738 est,
1381 689 1543 745 quam
1576 672 1833 737 avaritia,
1872 687 2020 743 prae-

196 772 385 828 sertim
438 772 494 828 in
531 771 866 844 principibus
897 771 1284 844 rempublicam
1323 773 1784 843 gubernantibus:
1826 771 2021 826 habere

197 871 342 926 enim
382 872 632 943 quaestui
663 870 1051 942 rempublicam
1090 888 1196 925 non
1235 871 1392 926 modo
1430 879 1595 946 turpe·
1626 880 1732 938 est,
1757 871 1864 927 ‘sed
1911 887 2021 926 sce-

196 969 431 1028 leratum
470 971 634 1025 etiam
691 977 746 1026 et
796 970 1082 1026 nefarium.
1161 971 1411 1028 Vidimus
1430 979 1453 1012 ³
1511 980 1692 1029 autem
1713 1013 1729 1038 ‚
1785 973 1892 1028 duo
1930 972 2021 1028 illa

199 1069 526 1141 reipublicae
570 1087 738 1143 paene
795 1069 929 1136 fata,
987 1071 1275 1127 Gabinium
1331 1078 1387 1127 et
1443 1073 1690 1129 Pisonem
1710 1113 1726 1137 ,
1792 1071 2024 1127 alterum

199 1168 419 1225 haurire
488 1171 728 1244 quotidie
805 1187 872 1227 ex
940 1173 1305 1246 pacatissimis
1372 1179 1536 1247 atque
1602 1173 2027 1247 opulentissimis

203 1269 394 1344 Syriae
450 1273 599 1344 gazis
658 1273 1051 1330 innumerabile
1088 1274 1300 1347 pondus
1355 1276 1511 1339 auri;
1567 1274 1768 1331 bellum
1819 1273 2028 1330 inferre⁴

202 1371 605 1444 quiescentibus
623 1414 639 1437 ,
704 1380 767 1429 ut
810 1391 999 1430 eorum
1055 1381 1264 1431 veteres
1308 1375 1648 1450 illibatasque
1697 1375 1916 1430 divitias
1973 1375 2029 1429 in

197 1470 685 1544 profundissimum
716 1473 1005 1530 libidinum
1047 1491 1272 1531 suarum
1322 1476 1595 1547 gurgitem
1646 1473 2029 1547 profunderet:

205 1571 437 1628 alterum
456 1578 480 1612 ⁴
538 1574 838 1630 Thracibus
894 1591 958 1630 ac
1003 1575 1268 1631 Dardanis
1318 1576 1559 1648 primum
1616 1590 1803 1648 pacem
1859 1575 2028 1632 maxi·

205 1688 296 1727 ma
353 1673 583 1745 pecunia
633 1673 966 1737 vendidisse;
1035 1674 1230 1731 deinde
1247 1717 1264 1741 ,
1323 1682 1387 1732 ut
1443 1675 1522 1730 illi
1574 1677 1859 1749 pecuniam
1910 1692 2032 1732 con-

205 1771 366 1828 ficere
421 1778 675 1845 possent,
733 1773 1032 1831 vexandam
1082 1774 1170 1831 his
1209 1774 1573 1833 Macedoniam
1612 1782 1667 1833 et
1703 1776 2035 1850 spoliandam

207 1872 511 1930 tradidisse.
591 1877 681 1929 48.
721 1873 919 1930 Ineunt
935 1881 959 1913 ⁵
1008 1876 1390 1948 magistratum
1427 1876 1634 1932 tribuni
1678 1877 1848 1950 plebis
1866 1919 1884 1943 ,
1930 1877 1991 1933 T.
2013 1882 2036 1914 θ

207 1974 418 2033 Annius
455 1973 580 2031 Milo
598 2015 614 2040 ‚
654 1975 712 2030 P.
749 1974 994 2042 SextiuS,
1032 1977 1088 2032 G.
1129 1977 1379 2034 Gestilius
1397 2021 1414 2045 ‚
1451 1979 1520 2034 M.
1561 1978 1803 2052 CispiuS,
1836 1979 1896 2033 T.
1938 1978 2034 2034 Fa·

208 2074 331 2134 dius
350 2115 367 2139 ,
387 2074 476 2130 Μ’.
497 2074 716 2131 Curtius
735 2117 751 2140 ,
790 2075 846 2132 C.
868 2076 1129 2142 MessiuS,
1170 2077 1231 2146 Q.
1253 2078 1569 2135 Fabricius:
1608 2080 1704 2151 qui
1723 2084 1747 2115 ⁷
1773 2095 1960 2135 omnes
1978 2096 2037 2135 se

207 2174 275 2231 de
312 2191 401 2231 me
450 2175 886 2249 promulgaturos
938 2176 1339 2235 confirmarant.
1419 2180 1502 2236 Ex
1539 2179 1626 2235 his
1657 2186 1839 2236 autem
1892 2181 2037 2253 prin·

209 2293 336 2349 ceps
380 2277 582 2332 emitur
619 2277 686 2332 ab
724 2277 963 2334 inimicis
1000 2279 1137 2334 meis
1173 2279 1250 2346 is,
1301 2296 1464 2353 quem
1501 2279 1748 2337 homines
1790 2280 1848 2336 in
1886 2281 2038 2337 luctu

211 2375 499 2431 irridentes
550 2376 854 2433 Gracchum
896 2379 1184 2435 vocabant:
1235 2379 1492 2453 quoniam
1548 2380 1604 2437 id
1660 2382 1826 2437 etiam
1867 2381 2036 2438 fatum

211 2476 448 2530 civitatis
481 2475 613 2540 fuit,
671 2483 733 2531 ut
771 2477 862 2532 illa
900 2495 966 2533 ex
999 2479 1299 2551 vepreculis
1336 2487 1579 2537 extracta
1623 2481 1863 2538 nitedula
1900 2499 2038 2539 rem-

213 2575 483 2650 publicam
528 2582 816 2654 conaretur
853 2577 1119 2634 arrodere.
1198 2578 1347 2635 Alter
1377 2597 1532 2646 vero,
1584 2598 1690 2636 non
1730 2582 1819 2637 ille
1859 2583 2039 2639 Serra-

215 2692 320 2732 nus
357 2675 424 2732 ab
463 2683 644 2732 aratro
662 2717 678 2742 ,
731 2676 823 2733 sed
855 2694 922 2734 ex
965 2678 1176 2735 deserto
1227 2679 1380 2736 Gavii
1419 2679 1559 2737 Ofilii
1610 2681 1795 2747 horto,
1853 2683 2042 2739 calatis

216 2777 397 2834 Gaviis
417 2816 433 2842 ,
511 2777 568 2831 in
625 2776 892 2833 Calatinos
963 2779 1178 2835 Attilios
1247 2780 1445 2836 insitus
1465 2824 1480 2846 ,
1551 2780 1730 2837 subito
1813 2784 2040 2840 nomini-

220 2878 321 2936 bus
383 2877 442 2933 in
486 2877 696 2934 tabulas
746 2879 932 2935 relatis
951 2922 967 2945 ,
1037 2897 1232 2936 nomen
1290 2897 1450 2937 suum
1509 2881 1575 2937 de
1626 2882 1807 2939 tabula
1864 2892 2040 2942 sustu-

220 2978 300 3034 lit.
400 2978 539 3037 Sed⁸
590 2979 749 3035 mitto
799 2981 907 3035 iam
950 2980 1266 3037 Numerium
1311 2989 1366 3038 et
1418 2982 1710 3040 Serranum
1731 3027 1747 3050 ,
1804 2986 2042 3061 quisqui-

288 3290 325 3344 1)
359 3300 432 3346 pro
464 3286 634 3331 Plancio
667 3302 702 3333 c.
736 3291 808 3333 35.
853 3290 878 3346 §
912 3291 985 3335 86.
1018 3315 1075 3322 --
1110 3292 1150 3349 2)
1181 3290 1233 3335 de
1265 3290 1350 3337 Off.
1381 3294 1439 3338 11.
1471 3307 1507 3336 e.
1541 3294 1613 3336 22.
1649 3294 1674 3350 ᾗ
1710 3295 1780 3338 77.
1815 3318 1872 3326 -—-
1905 3294 1945 3351 5)
1970 3310 2044 3355 pro

226 3363 367 3407 sextio
406 3378 443 3409 e.
494 3367 566 3408 43.
599 3366 623 3422 ς
656 3368 730 3410 93.
780 3392 839 3402 --
889 3368 930 3426 4)
962 3366 1072 3412 lbid.
1105 3369 1129 3426 5
1164 3370 1236 3414 94.
1286 3394 1343 3403 —
1390 3371 1432 3429 ⁵)
1464 3368 1573 3415 lhid.
1608 3386 1644 3416 c.
1693 3374 1765 3415 33.
1815 3373 1936 3429 §⁷2-
1985 3398 2042 3406 --

226 3443 266 3500 6)
282 3446 375 3503 posi:
391 3441 519 3489 redit.
548 3443 594 3488 in
626 3446 788 3489 Senatu
810 3461 844 3490 c.
876 3448 917 3490 8.
943 3446 968 3504 ᾗ
995 3448 1190 3494 19-22.
1223 3473 1281 3482 ——
1315 3449 1355 3506 7)
1387 3463 1460 3510 pro
1492 3447 1631 3494 Sextio
1662 3464 1697 3493 c.
1735 3452 1805 3494 33.
1836 3450 1951 3508 §72
1986 3476 2043 3484 —-

226 3523 267 3582 8)
299 3521 484 3571 1bid.-c.
528 3526 600 3568 43.
642 3526 666 3580 §
699 3525 774 3568 94.
