2210 3970
824 209 1031 247 Annus
1081 211 1129 247 υ.
1187 210 1233 246 c.
1293 194 1421 246 696.
1857 198 1966 252 679

137 340 383 391 constabat.
447 355 524 401 pro
550 338 707 384 Milone
737 353 773 383 c.
795 342 865 384 14.
894 342 968 384 3⁷.
999 341 1161 400 Itaque
1191 338 1367 400 quando
1393 337 1524 383 illius
1544 345 1704 399 postea
1729 338 1826 383 sica
1855 338 1967 398 illa,

132 436 266 483 quam
290 437 319 464 a
346 417 544 464 Catilina
570 427 822 479 acceperat,
854 417 1142 480 conquievit?
1174 442 1235 451 —-
1268 418 1386 460 Ilaec
1407 415 1628 460 insidiata
1655 416 1862 477 Pompeio
1885 424 1969 462 est.

130 497 188 545 ad
219 514 260 560 q.
279 496 312 543 l.
340 483 489 542 Ancon.
523 514 563 559 p.
583 500 655 542 47.
688 497 853 541 Pisone
886 505 929 542 et
960 494 1146 540 Gabinio
1178 509 1305 549 coss.‚
1330 492 1467 553 pulso
1503 493 1705 538 Cicerone
1730 494 1779 538 in
1805 493 1962 539 exsili-

131 591 232 632 um,
264 590 400 636 quum
430 586 500 620 111.
524 572 636 618 Idus
657 575 856 619 Sextiles
882 573 1120 636 Pompeius
1146 573 1196 616 in
1232 579 1436 616 senatum
1461 572 1606 629 venit,
1639 572 1808 617 dicitur
1839 587 1965 618 servo

132 654 187 699 P.
224 651 369 697 Clodii
410 651 507 696 sica
536 650 757 696 excidisse
776 684 791 708 ‚
833 669 970 714 eaque
1001 650 1062 696 ad
1095 649 1331 694 Gabinium
1362 649 1583 694 consulem
1616 649 1767 695 delata
1798 649 1968 695 dictum

133 737 202 776 eet
218 759 234 785 ‚
265 743 388 774 servo
415 729 682 790 imperatum
714 747 743 773 a
780 731 833 776 P.
863 729 1013 774 Clodio
1031 763 1045 787 ‚
1086 737 1141 775 ut
1170 729 1411 789 Pompeius
1436 725 1719 772 occideretur.
1782 728 1970 788 Pompe-

131 807 207 852 ius
239 806 398 851 statim
428 805 603 851 domum
634 807 771 852 rediit
803 816 846 853 et
877 823 926 852 se
957 807 1077 853 domi
1106 806 1265 852 tenuit.
1330 803 1550 851 Plutarch.
1583 808 1725 866 Pomp.
1759 819 1797 849 c.
1814 806 1888 849 ⁴9.
1919 808 1965 850 2.

134 886 276 932 Ἐπεὶ
323 882 378 946 δέ
411 887 494 931 καὶ
533 887 715 949 πληγὰς
744 885 797 932 ἐν
829 885 980 950 ἀγορᾷ
1013 885 1160 948 μέχρι
1199 884 1480 947 τραυμάτων
1520 881 1698 944 συνέβη
1734 881 1966 947 γενέσθαι

136 967 219 1012 καὶ
251 963 479 1012 Κλωδίου
513 982 588 1017 τις
621 964 811 1023 οἰκέτης
839 965 1198 1028 παραδυόμενος
1226 961 1277 1010 ἐν
1307 963 1440 1023 ὄχλῳ
1471 963 1556 1010 διὰ
1586 963 1680 1010 τῶν
1702 961 1971 1025 περιεστώ-

135 1062 229 1092 των
274 1043 396 1108 πρὸς
431 1042 515 1090 τὸν
550 1042 807 1105 Πομπήιον
848 1041 1065 1108 ἠλέγχθη
1106 1043 1248 1102 ξίφος
1281 1042 1438 1101 ἔχειν,
1487 1047 1640 1089 ταῦτα
1676 1045 1966 1103 ποιοίμενος

135 1124 441 1188 πρόφασιν,
465 1121 619 1176 ἄλλως
651 1121 705 1170 δέ
739 1126 828 1169 τοῦ
860 1123 1089 1170 Κλωδίου
1122 1123 1209 1181 τήν
1235 1122 1491 1186 ἀσέλγειαν
1518 1127 1601 1170 καὶ
1634 1125 1720 1176 τὰς
1752 1123 1966 1183 βλασφη-

130 1206 246 1265 μίας
276 1199 480 1258 δεδιὼς,
515 1202 686 1249 οὐκέτι
719 1204 966 1264 προῆλθεν
995 1206 1067 1256 εἰς
1098 1202 1303 1267 ἀγορὰν,
1342 1203 1461 1250 ὅσον
1494 1201 1677 1256 ἐκεῖνος
1701 1197 1818 1265 ηρχε
1847 1204 1964 1265 χρό·

130 1301 239 1348 νον,
283 1283 394 1332 ἀλλ’
439 1282 671 1345 οἰκουρῶν
710 1281 922 1328 διετέλει
967 1285 1049 1328 καὶ
1091 1282 1419 1342 σκεπτόμενος
1466 1283 1588 1342 μετὰ
1638 1283 1734 1327 τῶν
1770 1284 1961 1341 φίλων,

130 1364 261 1417 ὅπως
291 1362 352 1411 ἄν
393 1361 679 1414 ἐξακέσαιτο
714 1363 797 1419 τῆς
830 1360 1006 1421 βουλῆς
1039 1364 1121 1407 καὶ
1157 1361 1251 1407 τῶν
1283 1359 1494 1423 ἀρίστων
1529 1360 1615 1419 τήν
1653 1360 1774 1423 πρὸς
1814 1358 1967 1407 αὐτόν

131 1441 286 1507 ὀργήν.

206 1546 293 1622 (²⁰)
335 1563 404 1601 ιν.
445 1545 561 1601 Kal.
603 1543 730 1600 Nov.
774 1544 873 1618 [ε
902 1546 973 1599 29
996 1541 1180 1600 Octob.
1208 1547 1318 1599 696
1358 1566 1432 1599 =
1476 1548 1542 1598 12
1563 1543 1691 1599 Nov.
1716 1548 1787 1599 58
1809 1559 1857 1599 a.
1879 1543 1961 1616 ἃ]

127 1645 200 1703 de
225 1647 495 1703 Ciceronis
530 1645 710 1701 reditu
746 1644 1158 1719 promulgarunt
1190 1645 1413 1700 tribuni.
1498 1645 1700 1701 Deinde
1740 1646 1797 1701 P.
1833 1645 1964 1701 Len-

126 1747 276 1806 tulus
307 1764 412 1804 cos.
450 1746 560 1804 deS.
593 1746 866 1803 Ciceronis
911 1762 1159 1801 caussam
1198 1746 1442 1819 suscipit.
1483 1763 1532 1800 v.
1567 1764 1612 1802 c.
1644 1749 1710 1801 16
1732 1762 1810 1818 sq.

189 1845 272 1893 Cic.
305 1845 358 1895 ad
396 1850 491 1893 Ait.
527 1859 599 1892 ιη.
633 1849 706 1892 23.
743 1850 785 1892 1.
832 1848 889 1891 In
924 1845 1071 1891 altera
1118 1846 1343 1908 epistola,
1384 1853 1567 1908 praeter
1606 1845 1967 1892 consuetudinem

126 1929 278 1980 tuam,
321 1922 438 1968 diem
468 1939 555 1969 non
589 1924 805 1970 ascribis.-
839 1922 920 1968 sed
946 1924 1063 1969 satis
1094 1924 1334 1986 significas
1366 1932 1554 1986 tempus.
1619 1927 1734 1987 Lege
1765 1925 1880 1969 enim
1912 1924 1968 1968 ab

128 2007 226 2046 octo
260 2000 456 2046 tribunis
481 2001 630 2063 plebis
653 2001 972 2063 promulgata,
1004 2000 1165 2045 scribis
1188 2008 1232 2045 te
1264 2017 1340 2046 eas
1374 2001 1553 2047 litteras
1582 2020 1630 2047 eo
1658 2004 1756 2064 ipso
1788 2002 1861 2047 die
1893 2001 1965 2047 de·

129 2076 277 2132 disse,
324 2077 376 2122 id
405 2086 498 2135 est,
533 2095 575 2125 a.
599 2078 641 2125 d.
673 2092 739 2124 lv.
774 2077 875 2123 Kal.
908 2078 1107 2123 Novemb.
1171 2077 1312 2124 Schol.
1346 2079 1452 2125 Bob.
1488 2081 1534 2125 in
1562 2083 1682 2126 Orat.
1705 2096 1783 2142 pro
1806 2079 1963 2125 Milone

126 2158 292 2218 p.288.
325 2156 393 2200 De
421 2156 609 2202 Lentulo
641 2155 880 2218 Spinthere
907 2155 1126 2216 loquitur,
1159 2157 1306 2217 quiet
1337 2165 1441 2203 ante
1472 2158 1753 2204 consulatum
1785 2160 1963 2204 amicis·

125 2234 268 2290 simus
303 2234 500 2280 Ciceroni
516 2235 635 2295 fuit.
702 2236 792 2279 Hoc
830 2233 1029 2279 declarat
1061 2234 1159 2294 ipse
1196 2233 1373 2279 Tullius
1413 2236 1462 2279 in
1493 2236 1710 2298 epistola,
1742 2255 1876 2299 quam
1905 2237 1967 2282 ad

126 2310 322 2363 eumdem
350 2311 589 2359 Lentulum
618 2312 776 2358 scribit
811 2312 888 2371 [ad
922 2315 1042 2357 Fam.
1078 2325 1109 2357 1.
1147 2315 1188 2357 7.
1223 2314 1289 2371 8.]
1325 2313 1484 2372 »Quia
1513 2330 1600 2358 non
1631 2314 1774 2360 solum
1801 2324 1965 2378 tempo·

124 2389 250 2436 ribus
277 2389 376 2447 his,
410 2408 527 2453 quae
551 2407 638 2452 per
671 2398 714 2435 te
745 2405 845 2434 sum
877 2389 1097 2450 adeptus,
1129 2387 1210 2433 sed
1239 2390 1331 2433 iam
1358 2388 1466 2433 olim
1491 2393 1695 2436 nascenti
1713 2409 1854 2454 prope
1885 2409 1959 2437 no-

123 2475 244 2518 strae
263 2466 389 2513 laudi
406 2469 709 2531 dignitatique
716 2468 934 2528 favisti.'’
968 2467 1052 2513 cic.
1074 2475 1167 2528 post
1184 2465 1312 2511 redit.
1335 2466 1381 2511 in
1398 2475 1554 2513 senatu
1571 2485 1607 2514 c.
1627 2472 1668 2514 4.
1688 2473 1730 2514 8.
1748 2470 1963 2531 Princeps

124 2546 180 2592 P.
207 2546 456 2606 Lentulus,
493 2562 662 2610 parens
694 2563 746 2590 ac
779 2545 888 2590 deus
918 2553 1098 2590 nostrae
1135 2546 1280 2599 vitae,
1305 2545 1559 2605 fortunae,
1590 2548 1851 2605 memoriae,
1883 2565 1960 2592 no-

123 2625 285 2682 minis,
327 2626 405 2672 hoc
442 2627 662 2689 specimen
692 2625 905 2681 virtutis,
940 2624 1019 2669 lioc
1055 2623 1271 2670 indicium
1303 2625 1470 2681 animi,
1516 2625 1594 2669 hoc
1628 2624 1774 2669 lumen
1805 2642 1961 2671 consu·

122 2702 245 2748 latus
274 2703 351 2748 sui
371 2703 482 2761 fore
503 2703 710 2765 putavit,
753 2704 797 2747 si
827 2719 896 2747 me
921 2702 1058 2758 milii,
1091 2703 1134 2746 si
1165 2703 1306 2758 meis,
1354 2703 1399 2746 si
1428 2703 1580 2760 vobis,
1613 2705 1658 2748 si
1688 2705 1959 2766 reipublicae

122 2778 403 2828 reddidisset.
471 2782 561 2840 Qui
586 2788 640 2825 ut
667 2787 736 2824 est
762 2779 1050 2841 designatus,
1081 2796 1321 2840 numquam
1353 2779 1578 2825 dubitavit
1608 2783 1874 2827 sententiam
1906 2782 1959 2828 de

122 2858 270 2904 salute
291 2874 420 2915 mea,
451 2874 499 2903 se
530 2865 574 2902 et
605 2856 835 2920 republica
862 2856 1075 2918 dignam,
1109 2854 1266 2901 dicere.

201 2947 288 3022 (³⁰)
330 2947 542 3009 Cicern,
596 2961 765 3015 quum
805 2945 855 2998 ei
910 2961 1031 3015 spes
1070 2943 1280 2998 reditus
1321 2943 1463 2999 facta
1503 2952 1682 3009 esset,
1739 2921 1960 3004 Thessa-

120 3048 296 3104 Ionica
334 3049 402 3124 (v.
435 3047 501 3102 ad
526 3063 574 3101 a.
610 3048 737 3100 696.
778 3044 888 3119 24.)
928 3045 1068 3100 redit
1106 3045 1689 3130 Dyrrhachium-circa
1726 3066 1796 3103 Ἦ.
1838 3050 1956 3105 Kal.

121 3150 247 3206 Dec.
287 3150 387 3223 [=
419 3152 488 3203 25
519 3146 715 3202 Novbr.
756 3149 866 3200 696
889 3169 960 3200 =
988 3150 1021 3200 9
1060 3145 1249 3200 Deobr.
1287 3150 1356 3200 58
1380 3163 1429 3202 a.
1454 3146 1537 3220 8.]
1580 3165 1629 3202 v.
1663 3165 1709 3203 c.
1737 3153 1823 3203 11.
1867 3153 1957 3205 28.

182 3241 267 3287 eie.
302 3240 355 3286 ad
395 3239 646 3284 Terentiam
678 3236 753 3295 (ad
788 3239 906 3281 Fam.
940 3249 1038 3281 xlv.
1075 3240 1115 3281 1.
1151 3239 1215 3293 2.)
1247 3238 1397 3293 Nunc,
1429 3238 1638 3298 quoniam
1670 3254 1850 3300 sperare
1877 3256 1957 3284 nos

124 3318 258 3365 amici
289 3317 468 3373 iubent,
512 3316 621 3360 (labo
660 3331 863 3377 operam,
905 3331 959 3359 ne
994 3331 1091 3358 mea
1132 3314 1339 3359 valetudo
1378 3322 1455 3358 tuo
1496 3314 1638 3360 labori
1668 3315 1797 3362 desit.
1871 3320 1959 3364 Res

123 3401 290 3454 quanta
325 3396 418 3451 sit,
459 3395 694 3456 intelligo,
735 3400 987 3455 quantoque
1007 3393 1163 3452 fuerit
1190 3391 1394 3451 facilius
1431 3410 1607 3438 manere
1629 3387 1784 3451 domi,
1826 3414 1961 3457 quam

125 3471 278 3521 redire.
354 3474 446 3520 Sed
475 3482 654 3531 tamen,
698 3473 741 3517 si
783 3487 930 3517 omnes
962 3471 1164 3517 tribunos
1189 3469 1340 3532 plebis
1374 3470 1608 3529 habemus,
1652 3473 1696 3517 si
1725 3473 1961 3538 Lentulum
