2150 3990
527 216 578 270 L.
604 214 692 268 111.
736 212 895 269 «2111.
941 211 1037 285 §9
1077 229 1234 284 -ρ,
1262 211 1320 263 v.
1364 210 1403 283 g
1435 215 1516 264 ιε».
1848 214 1949 263 105

23 359 26 362 ’
119 383 230 422 non
263 365 450 426 “solum
497 366 828 438 suspicarer,
883 362 974 418 sed
1014 362 1170 434 plane
1220 376 1524 420 cernerem:
1578 360 1770 432 (neque
1803 362 1946 415 enim

120 468 350 523 obscure
387 465 731 539 gerebantur)
792 480 896 519 non
949 463 1120 518 solum
1156 469 1172 501 ¹
1216 463 1271 517 in
1311 462 1593 523 concione,
1637 458 1725 514 ubi
1763 466 1845 512 est
1892 460 1944 512 id

115 567 271 622 dictu
305 563 648 630 facillimum,
689 563 859 620 sedin
888 564 1002 635 ipso
1027 567 1247 627 senatu,
1289 562 1344 616 in
1379 577 1484 633 quo
1504 576 1622 615 esse
1641 558 1789 614 locus
1822 559 1946 613 huic

121 667 235 722 voci
276 681 380 721 non
414 665 724 730 videbatur,
762 663 1072 738 popularem
1105 678 1192 718 me
1224 660 1469 716 futurum
1502 677 1619 715 esse
1645 659 1915 715 consulem
1934 702 1947 720 ‚

115 766 323 839 prima
351 781 484 821 mea
512 765 629 820 illa
662 765 959 821 oratione
992 762 1245 819 Kalendis
1270 761 1536 817 Ianuariis
1558 760 1687 815 dixi.
1769 760 1946 831 Neque

119 867 280 934 enim,
303 865 410 921 ullo
436 865 592 920 modo
626 865 799 920 facere
837 870 1106 938 poteram,
1148 868 1236 930 ut,
1276 877 1445 934 quum
1479 877 1565 915 me
1591 859 1945 932 intelligerem

72 1042 77 1051 Ι
118 983 223 1022 non
275 965 553 1031 hominum
599 966 898 1038 potentium
935 963 1143 1028 studio,
1196 979 1302 1019 non
1334 961 1718 1018 excellentibus
1757 963 1945 1033 gratiis

116 1079 442 1138 paucorum,
482 1065 574 1121 sed
608 1066 846 1121 universi
872 1064 1053 1138 populi
1082 1063 1306 1119 Romani
1340 1062 1539 1118 iudicio
1565 1061 1838 1117 consulem
1873 1063 1946 1117 ita

76 1151 81 1153 ’
117 1165 360 1230 factum,
400 1173 460 1221 ut
500 1166 846 1221 nobilissimis
885 1164 1192 1219 hominibus
1226 1163 1381 1233 longe
1419 1178 1802 1233 praeponerer‚
1842 1180 1946 1217 non

115 1273 174 1322 et
214 1266 271 1321 in
303 1265 402 1321 hoc
430 1266 754 1336 magistratu
787 1270 841 1320 et
874 1265 929 1319 in
963 1264 1109 1318 omni
1142 1264 1253 1317 vita
1286 1278 1458 1318 essem
1491 1262 1778 1334 popularis.
1866 1267 1947 1316 12.

120 1365 307 1435 Quid²
345 1371 525 1422 autem
556 1371 640 1421 est
677 1371 789 1420 tam
829 1364 1111 1438 populare,
1138 1380 1301 1435 quam
1341 1363 1480 1436 pax?
1515 1380 1621 1435 qua
1662 1380 1765 1416 non
1800 1363 1953 1416 modo

124 1467 193 1532 ii,
223 1465 424 1539 quibus
450 1472 644 1522 natura
678 1482 896 1521 sensum
934 1464 1111 1529 dedit,
1150 1464 1243 1520 sed
1275 1465 1439 1519 etiam
1467 1470 1610 1519 tecta
1643 1470 1804 1535 atque
1837 1466 1951 1533 agri

119 1566 257 1624 mihi
289 1544 477 1623 laetari
510 1566 779 1622 videntur.
860 1566 998 1633 Quid
1033 1573 1146 1621 tam
1179 1565 1460 1638 populare,
1501 1581 1662 1637 quam
1698 1564 1951 1619 libertas?

14 1723 15 1727 ,
97 1665 286 1741 ’quam
337 1685 442 1724 non
493 1667 667 1724 solum
725 1667 791 1723 ab
842 1666 1180 1731 hominibus,
1235 1683 1422 1722 verum
1455 1667 1638 1721 etiam
1690 1684 1721 1723 a
1769 1666 1952 1721 bestiis

14 1764 16 1771 ‘
117 1769 298 1842 expeti
337 1767 786 1840 atque.omnibus
818 1767 979 1822 rebus
1025 1769 1275 1840 anteponi
1316 1766 1579 1822 videmus,
1660 1767 1799 1834 Quid
1840 1775 1950 1822 tam

120 1869 405 1943 populare,
436 1881 608 1942 ‘quam
642 1869 848 1924 otium?
890 1869 1031 1941 quod
1066 1870 1140 1923 ita
1177 1869 1471 1923 iucundum
1513 1877 1623 1933 est,
1667 1877 1725 1923 ut
1758 1876 1812 1923 et
1845 1885 1952 1922 ma·

117 1971 263 2026 iores
326 1971 498 2027 nostri
536 1977 590 2027 ct
636 1970 964 2025 fortissimus
1013 1971 1242 2043 quisque
1294 1972 1378 2024 vir
1429 1972 1691 2025 maximos
1740 1970 1953 2024 labores

123 2063 492 2144 suscipiendos
531 2077 711 2144 putet,
752 2078 815 2126 ut
852 2071 1138 2143 aliquando
1179 2072 1232 2124 in
1254 2072 1382 2125 .otio
1415 2072 1582 2143 possit
1621 2088 1765 2135 esse,
1807 2088 1954 2143 prae-

123 2172 314 2251 sertim
357 2173 416 2226 in
461 2171 686 2243 imperio
724 2187 786 2225 ac
827 2170 1105 2241 dignitate.
1197 2170 1373 2238 Quare
1424 2172 1517 2242 qui
1565 2178 1802 2243 poteram
1852 2188 1955 2225 non

119 2275 240 2326 esse
277 2269 583 2344 popularis,
623 2286 790 2342 quum
836 2268 1073 2324 viderem
1112 2269 1243 2325 haec
1289 2273 1498 2334 omnia,
1551 2288 1736 2343 pacem
1784 2279 1954 2326 exter·

123 2386 281 2436 nam,
315 2369 620 2428 libertatem
647 2369 919 2441 propriam
952 2370 1166 2440 generis
1192 2386 1254 2424 ac
1290 2371 1522 2426 nominis
1563 2372 1817 2435 Romani,
1857 2373 1953 2425 oti·

75 2492 79 2497 ·
126 2470 220 2526 um
248 2456 642 2533 domesticum,
682 2468 913 2541 denique
947 2471 1130 2524 omnia
1153 2512 1166 2534 ‚
1205 2487 1343 2542 quae
1382 2471 1591 2526 civibus
1631 2488 1754 2526 cara
1795 2479 1957 2543 atque

95 2545 497 2643 'ampla'sunt,
538 2570 594 2624 in
628 2568 787 2624 fidem
820 2575 874 2624 et
906 2570 1136 2642 quodam
1169 2571 1325 2626 modo
1358 2576 1414 2625 in
1448 2572 1808 2644 patrocinium
1848 2574 1952 2627 mei

56 2659 77 2701 ³·
119 2658 435 2729 consulatus
465 2685 581 2726 esse
619 2669 846 2726 collata?
1095 2660 1101 2666 ’

167 2872 262 2928 -V.
346 2874 431 2928 13,
473 2870 578 2927 Ιιι·8
622 2869 830 2926 altera
880 2869 955 2926 ad
1008 2871 1312 2944 populum
1363 2873 1438 2928 de
1488 2873 1627 2944 lege
1665 2868 1958 2945 agraria‚'

129 2970 387 3036 uffianam
438 2968 647 3043 plebem
668 2974 719 3034 ⁴,
771 2987 935 3042 quam
987 2972 1217 3027 nimium
1264 2974 1320 3027 in
1373 2973 1646 3045 republica
1698 2991 1851 3045 posse
1903 2982 1955 3029 et

91 3111 93 3113 .
123 3047 536 3131 exhauriendam
565 3089 677 3125 esse
709 3071 765 3125 in
799 3078 989 3127 senatu
1011 3072 1225 3135 dixerat
1258 3074 1510 3128 tribunus
1536 3074 1706 3145 plebis
1743 3107 1818 3115 —
1858 3075 1954 3130 boc

123 3173 269 3230 enim
315 3173 480 3229 verbo
525 3178 608 3228 est
646 3188 807 3236 usus,
847 3173 1000 3243 quasi
1041 3173 1105 3228 de
1144 3173 1322 3245 aliqua
1361 3175 1601 3238 sentina,
1655 3192 1715 3269 ac
1750 3192 1853 3230 non
1888 3177 1954 3230 de

192 3435 230 3488 ¹)
262 3430 372 3477 ibid.
406 3449 441 3478 c.
460 3436 499 3478 3.
530 3435 618 3490 §th
654 3459 710 3468 -
746 3436 785 3491 2)
817 3433 871 3476 de
903 3432 932 3477 l.
963 3434 1139 3494 Agraria
1174 3436 1230 3477 ll.
1264 3436 1359 3478 c.4.
1395 3435 1480 3490 §9.
1515 3460 1572 3468 —·
1606 3436 1645 3494 ⁵)
1678 3436 1730 3480 ad
1771 3441 1861 3480 Ait.
1901 3440 1950 3481 ll.

48 3540 51 3542 v
131 3511 171 3553 1.
206 3510 288 3565 §3.
322 3535 381 3547 -·
412 3511 453 3568 4)
485 3509 538 3554 dc
562 3511 598 3585 l.
620 3509 797 3570 Agraria
832 3513 884 3555 11.
922 3511 1048 3568 926.
1085 3512 1198 3568 5³70.
1309 3521 1320 3525 “
