2210 3970
221 231 327 295 440
800 241 1012 281 emeno
1059 243 1128 279 nn
1180 242 1314 280 viu
1365 241 1470 280 sua

216 376 568 439 contrariam,
597 390 757 430 naves
786 377 1093 449 appulisset.
1173 380 1262 430 97.
1303 375 1396 429 Gn.
1431 372 1725 428 Domitium
1749 387 1854 426 non
1877 373 2049 443 patris

219 476 502 540 interituS,
543 475 828 532 clarissimi
861 478 990 541 viri,
1031 493 1135 531 non
1168 474 1422 530 avunculi
1448 490 1616 537 morS,
1657 489 1762 528 non
1802 471 2048 543 spoliatio

218 575 500 646 dignitatis
538 574 605 632 ad
645 576 1068 649 recuperandam
1107 576 1442 640 libertatem,
1480 573 1573 629 sed
1606 589 1726 628 mea
1757 571 2053 626 auctoritas

219 675 515 730 excitavit?
606 677 688 731 An
731 677 785 731 C.
829 677 1090 732 Trebonio
1129 695 1226 748 ego
1265 664 1548 749 persuasi?
1590 675 1680 728 cui
1720 690 1788 728 ne
1825 671 2052 726 suadere

222 774 442 846 quidem
493 792 658 830 ausus
709 794 908 831 essem:
969 794 1074 848 quo
1125 778 1289 831 etiam
1340 776 1598 831 maiorem
1651 775 1700 828 ei
1751 770 2053 844 respublica

225 876 456 946 gratiam
496 876 678 941 debet,
719 877 813 948 qui
852 876 1156 931 libertatem
1189 876 1371 948 populi
1407 876 1635 932 Romani
1675 874 1836 929 unius
1869 871 2055 927 amici-

225 976 334 1030 tiae
383 977 722 1048 praeposuit,
779 976 1135 1047 depulsorque
1185 975 1523 1039 dominatuS,
1573 991 1737 1047 quam
1787 973 2059 1045 particeps

227 1092 343 1130 esse
372 1074 580 1132 maluit.
641 1076 723 1129 An
752 1075 809 1130 L.
835 1075 1026 1130 Tillius
1048 1074 1261 1130 Cimber
1282 1092 1370 1130 me
1396 1081 1480 1130 est
1506 1080 1783 1129 auctorem
1807 1070 2058 1127 secutus?

228 1190 390 1247 quem
435 1191 533 1246 ego
562 1175 735 1246 magis
779 1175 970 1230 secisse
1003 1175 1150 1233 illam
1192 1192 1308 1231 rem
1347 1192 1470 1233 sum
1511 1174 1812 1229 admiratus
1833 1215 1849 1238 ,
1896 1187 2060 1244 quam

229 1273 504 1333 facturum
544 1276 759 1348 putavi:
800 1275 1101 1332 admiratus
1140 1293 1263 1331 sum
1310 1281 1492 1331 autem
1527 1274 1593 1329 ob
1631 1289 1750 1341 eam
1783 1287 2060 1335 caussam,

230 1375 373 1449 quod
413 1377 698 1434 immemor
735 1377 1146 1442 beneficiorum,
1186 1393 1393 1432 memor
1430 1376 1637 1448 patriae
1667 1374 1876 1430 fuisset.
1923 1371 2063 1441 Quid

232 1476 367 1534 duos
408 1476 695 1532 Servilios?
721 1479 918 1534 Cascas
939 1478 1144 1543 dicam,
1174 1494 1242 1532 an
1264 1475 1496 1532 Ahalas?
1536 1482 1593 1533 et
1626 1474 1723 1533 hos
1740 1440 2065 1529 aucto‘itate

233 1592 355 1635 mea
405 1593 591 1632 censes
641 1577 903 1632 excitatos
954 1579 1163 1653 potum,
1209 1593 1374 1650 quam
1411 1576 1640 1635 caritate
1694 1572 2064 1647 reipublicae?

233 1676 476 1748 Longum
511 1683 593 1732 est
612 1678 863 1749 persequi
883 1683 1116 1733 ceteros:
1151 1676 1314 1750 idque
1346 1674 1672 1749 reipublicae
1698 1672 2034 1755 praeclarum
2051 1714 2067 1737 ‚

236 1775 402 1836 fuisse
459 1783 572 1838 tam
623 1777 822 1838 multos
842 1819 857 1844 ,
898 1778 1030 1851 ipsis
1069 1778 1378 1849 gloriosum.

317 1978 552 2038 XXXIV.
633 1985 723 2036 98.
776 1982 846 2037 At
895 1979 1350 2054 quemadmodum
1408 1995 1495 2034 me
1551 1977 1857 2049 coarguerit
1914 1976 2074 2031 homo

240 2085 462 2145 acutu8,
520 2080 896 2137 recordamini.
997 2081 1214 2136 Caesare
1270 2081 1538 2152 interfecto
1558 2120 1573 2144 ,
1633 2078 1840 2150 inquit,
1901 2077 2078 2130 statim

243 2187 514 2235 cruentum
577 2180 684 2236 alte
734 2180 988 2236 extollens
1038 2179 1111 2235 M.
1164 2179 1364 2235 Brutus
1406 2180 1690 2252 puyionem
1709 2220 1725 2244 ,
1784 2177 2077 2232 Ciceronem

245 2280 553 2336 nominatim
589 2282 940 2345 exclamavit,
1001 2291 1156 2354 atquc
1184 2283 1242 2350 ¹ei
1277 2290 1637 2353 recuperatam
1675 2281 1967 2336 libertatem
2003 2288 2080 2334 esc

242 2380 554 2450 gratulatu&
633 2382 740 2439 Cur
772 2383 908 2437 mihi
935 2382 1310 2455 potissimum?
1352 2383 1480 2455 quia
1505 2381 1773 2438 sciebam?
1854 2379 1988 2435 Vide
2014 2395 2083 2435 ne

248 2479 339 2536 illa
378 2498 568 2538 caussa
600 2482 766 2540 fuerit
803 2483 1103 2555 appellandi
1141 2484 1283 2548 mei,
1323 2483 1494 2555 quod,
1533 2499 1703 2554 quum
1735 2499 1850 2537 rem
1889 2482 2081 2552 gessis-

251 2588 334 2637 set
372 2583 707 2641 consimilem
747 2583 908 2640 rebus
946 2585 1037 2649 iis,
1075 2601 1209 2656 quas
1248 2584 1362 2655 ipse
1398 2599 1672 2654 gesseram
1692 2625 1707 2648 ,
1747 2599 1835 2638 me
1871 2583 2083 2655 potissi-

251 2699 404 2740 mum
435 2690 664 2739 testatus
703 2692 816 2750 est,
855 2703 912 2741 se
946 2684 1219 2740 aemulum
1250 2700 1496 2740 mearum
1533 2683 1756 2739 laudum
1795 2684 2084 2754 exstitisse.

255 2786 337 2840 Tu
370 2791 580 2851 autem,
621 2787 862 2844 omnium
903 2787 1247 2851 stultissime,
1286 2802 1391 2840 non
1425 2784 1707 2856 intelligiS,
1746 2785 1793 2841 si
1826 2784 1905 2850 id,
1945 2785 2087 2857 quod

256 2903 345 2944 me
377 2886 590 2957 arguiS,
628 2886 860 2941 voluisse
899 2887 1131 2942 interfici
1164 2887 1472 2952 Gaesarem,
1510 2886 1717 2942 crimen
1751 2887 1857 2951 sit,
1897 2888 2088 2952 etiam,

254 2985 515 3046 laetatum
555 3005 671 3044 esse
715 2994 889 3045 morte
934 2988 1203 3054 Caesam,
1254 2990 1462 3046 crimen
1511 2988 1663 3044 esse?
1751 2986 1902 3055 Quid
1942 2988 2088 3042 enim

260 3092 487 3147 interest
539 3090 681 3145 inter
738 3107 1012 3145 suasorem
1064 3089 1221 3155 sacti,
1281 3098 1334 3145 et
1386 3089 1760 3162 probatorem?
1820 3095 1916 3149 aut
1960 3089 2092 3160 quid

259 3190 449 3256 refert,
491 3198 677 3251 utrum
703 3191 964 3249 voluerim
995 3191 1135 3257 fieri,
1177 3209 1244 3248 an
1277 3192 1541 3262 gaudeam
1575 3189 1813 3246 sactum?
1892 3190 2092 3261 Ecquis

263 3299 345 3346 est
386 3294 588 3364 igitur,
641 3300 695 3348 te
742 3300 997 3366 excepto,
1050 3301 1104 3348 et
1143 3294 1244 3358 iis,
1298 3295 1391 3366 qui
1431 3293 1583 3349 illum
1623 3309 1850 3364 regnare
1897 3293 2088 3364 gaude-

263 3394 420 3458 bant,
462 3395 554 3465 qui
594 3394 725 3449 illud
767 3402 860 3449 aut
902 3395 1016 3449 fieri
1059 3394 1318 3460 noluerit,
1360 3394 1695 3449 aut-factum
1737 3393 2089 3465 improbarit?

265 3495 460 3551 Omnes
513 3512 637 3567 ergo
692 3498 746 3552 in
788 3497 957 3568 culpa.
994 3540 1000 3550 .
1052 3497 1265 3552 Etenim
1307 3514 1489 3552 omnes
1528 3496 1684 3559 boni,
1736 3502 1996 3567 quantum
2038 3495 2090 3549 in
