2210 3970
281 240 388 291 802
743 247 1071 286 ANNALES
1130 246 1640 285 CICERONlANl.

278 378 640 443 ἐψηφισμένον,
680 380 762 424 καὶ
807 376 890 424 τὸν
930 375 1177 441 δήμαρχον
1220 378 1269 430 ἐς
1303 378 1388 436 τήν
1421 377 1660 425 ἐπιοῦσαν
1694 377 1840 425 οὐδὲν
1872 378 1946 426 ἔτι
1981 380 2114 427 ἄντε·

280 466 472 525 ροῦντα.
510 487 570 494 —
601 462 702 506 Καὶ
735 460 848 521 μεθ’
893 457 1070 520 ἡμέραν
1108 460 1196 516 [z
1224 459 1392 515 41an.]
1436 483 1496 491 —-
1531 458 1559 504 ὁ
1597 457 1818 521 Κικέρων
1860 457 2118 523 ἐβουληγό-

281 557 421 603 ρησεν
465 527 587 583 ὧδε·
640 539 696 595 (ο.
733 540 954 595 52—53.)
1001 538 1112 583 lbid.
1161 554 1197 582 c.
1224 541 1296 582 54.
1363 540 1515 582 Ταῦτ’
1563 536 1639 583 ἔτι
1707 542 1795 584 τοῦ
1844 537 2120 599 Κικέρωνος
2204 538 2210 590 ζ

271 619 535 682 λέγοντος,
577 618 626 662 οἱ
653 618 795 673 φίλοι
822 615 1162 677 θορυβοῦντες
1203 616 1468 670 ἀπαύστως
1512 617 1681 665 οὗδενὶ
1715 617 1964 663 ἀντειπεῖν
2004 614 2119 661 ἔπε’-

282 713 483 759 τρεπον·
533 694 677 756 μέχρι
724 695 972 747 Πείσωνος
1017 695 1172 742 αὐτοῦ
1220 699 1587 758 παρελθόντος,
1635 696 1666 757 ἦ
1709 714 1760 743 τε
1804 695 1926 755 ἄλλη
1968 694 2118 757 βουλή
2203 711 2207 715 ·

285 779 406 823 κατὰ
443 775 562 822 αἰδῶ
594 778 682 821 τοῦ
714 772 886 832 ἀνδρὸς
919 773 1164 833 ἡσύχασε,
1201 777 1283 821 καὶ
1315 776 1364 821 οἱ
1399 780 1486 822 τοῦ
1519 776 1789 839 Κικέρωνος
1820 775 2085 834 ἠνέσχοντο
2105 808 2119 830 ,

285 860 368 901 καὶ
414 855 572 918 ἔλεγεν
614 854 642 900 ό
679 857 905 898 Πείσων·
957 855 1012 911 (c.
1043 857 1261 911 54—60.)
1312 854 1421 899 lbid.
1465 870 1501 898 c.
1532 859 1604 900 61.
1672 851 1796 901 ἶ,Ωδε
1820 854 1908 914 μὲν
1944 854 1970 901 ὁ
2005 858 2123 900 Πεί-
2207 862 2210 893 ἓ

283 950 380 980 σων
425 932 734 994 ἀπελογεῖτο,
769 934 851 976 καὶ
885 929 1131 982 ὠνείδιζεν
1176 931 1301 989 ὁμοῦ
1346 935 1429 976 καὶ
1461 930 1658 992 ἐφόβει.
1691 960 1752 968 --
1784 934 2124 994 Ἐψηφίσαντο
2207 933 2210 956 ³

285 1013 330 1057 δ’
364 1013 606 1074 ’Λντωνίῳ
650 1014 1010 1072 προαγορεῦσαι
1029 1045 1042 1067 ,
1077 1011 1390 1056 Μακεδονίαν
1416 1010 1527 1057 ἀντὶ
1572 1014 1656 1069 τῆς
1686 1013 1929 1071 Κελτικῆς
1961 1012 2092 1070 ἔχειν
2112 1027 2123 1038 ·

287 1092 372 1143 τὰς
417 1089 471 1137 δὲ
502 1090 650 1147 ἄλλας
683 1087 912 1143 ε’ντολάς,
965 1089 1069 1134 εἴτε
1103 1090 1371 1144 λαθόντες,
1400 1081 1491 1135 εἴτ’
1530 1087 1836 1150 ἒξεπίτηδες,
1871 1093 2124 1155 Κικέρωνα
2206 1086 2210 1160 ζ

286 1170 558 1232 συγγράψαι
594 1186 645 1214 τε
675 1171 756 1214 καὶ
791 1168 969 1213 δοῦναι
1007 1175 1112 1220 τοῖς
1146 1167 1477 1230 πρεσβεύουσι
1510 1169 1824 1230 προσέταξαν.

366 1282 428 1356 (3)
484 1281 668 1337 Paullo
715 1287 869 1353 post,
924 1287 1070 1335 certe
1121 1286 1244 1335 ante
1302 1280 1618 1353 Lupercalia
1681 1281 1873 1354 [=15
1905 1282 2086 1358 Febr]
2113 1327 2128 1350 ,

286 1383 518 1438 reversis
575 1381 814 1436 nondum
870 1381 1100 1452 legatiS‚
1159 1398 1327 1452 quum
1387 1381 1560 1436 Pansa
1612 1381 1798 1436 consul
1851 1382 1916 1437 de
1960 1384 2130 1457 Appia

287 1485 375 1538 via
415 1489 468 1561 et
508 1482 573 1537 de
611 1483 857 1547 Moneta,
898 1499 1040 1536 unus
1090 1487 1272 1536 autem
1323 1482 1577 1537 tribunus
1614 1483 1782 1556 plebis
1830 1484 1894 1539 de
1934 1485 2131 1557 Luper·
2207 1506 2210 1531 ÷

284 1585 369 1640 cis
418 1571 813 1645 consuluisset,
868 1573 1051 1637 Cicero
1093 1583 1147 1636 in
1185 1584 1453 1637 sententia
1499 1583 1725 1639 dicenda
1760 1602 2008 1656 egressus
2049 1593 2132 1641 est
2206 1567 2210 1633 ἒ

287 1673 607 1738 relationeni
647 1688 701 1737 et
739 1680 991 1736 Oratione
1033 1681 1331 1753 Philippica
1364 1684 1584 1755 septima
1623 1702 1810 1757 pacem
1849 1703 1973 1741 cum
2025 1687 2131 1742 An-

288 1784 436 1838 tonio
474 1782 652 1837 tribus
693 1782 757 1836 de
803 1783 1009 1837 caussis
1047 1782 1340 1846 dissuasit,
1403 1784 1531 1855 quia
1571 1786 1747 1856 turpis
1785 1792 1961 1848 esset,
2005 1788 2132 1858 quia

290 1883 626 1957 periculosa,
671 1884 798 1954 quia
838 1900 954 1938 esse
983 1900 1087 1938 non
1127 1889 1320 1955 posset.

354 1984 437 2029 Cic.
471 1982 657 2044 Philipp.
687 1997 774 2028 vll.
823 1999 861 2029 c.
887 1988 927 2028 1.
964 1987 1006 2028 1.
1070 1984 1233 2035 Parvis
1267 1982 1320 2026 de
1366 1982 1525 2040 rebus,
1571 1983 1653 2028 sed
1679 1983 1888 2043 fortasse
1935 2004 2131 2032 necessa-

290 2062 406 2115 riis,
451 2061 755 2117 consulimur,
799 2063 852 2106 P.
884 2062 928 2105 G.
993 2062 1061 2104 De
1087 2061 1235 2121 Appia
1265 2060 1340 2103 via
1371 2068 1415 2104 et
1447 2060 1500 2104 de
1532 2063 1709 2106 Moneta
1745 2064 1930 2120 consul,
1963 2064 2015 2110 de
2044 2069 2131 2110 Lu·

285 2140 437 2202 percis
469 2139 677 2200 tribunus
717 2139 866 2201 plebis
909 2138 1064 2198 refert.
1134 2137 1332 2196 Quarum
1379 2154 1526 2182 rerum
1570 2140 1658 2184 etsi
1689 2140 1858 2200 facilis
1890 2143 2132 2204 explicatio
2204 2135 2210 2172 4

2205 2176 2210 2228 Α--
2205 2138 2210 2146 ,
2204 1948 2210 2121 -.-Α---,.-....-
2203 1719 2210 1932 .-μᾷ-..πῂ
2207 1692 2210 1708 Α.
2203 1639 2210 1671 a..
2207 1574 2210 1581 .

291 2218 499 2274 videtur,
534 2226 681 2263 tamen
727 2219 905 2262 animus
947 2217 1125 2261 aberrat
1161 2235 1190 2261 a
1222 2218 1468 2274 sententia,
1516 2233 1761 2278 suspensus
1793 2220 1915 2264 curis
1957 2223 2135 2268 maiori·
2203 2262 2206 2267 .

294 2297 388 2342 bus.
452 2295 656 2340 Adducta
696 2305 766 2341 est
806 2297 949 2352 enim,
991 2296 1045 2340 P.
1075 2297 1118 2340 G.
1163 2311 1235 2339 res
1266 2296 1315 2339 in
1353 2295 1596 2339 maximum
1630 2297 1886 2357 periculum
1918 2307 1963 2343 et
1995 2309 2136 2346 extre·
2193 2310 2198 2315 ’

294 2391 413 2419 mum
447 2390 593 2435 paene
636 2373 886 2418 discrimen.
950 2375 1045 2416 Non
1092 2372 1188 2416 sine
1228 2388 1390 2416 caussa
1426 2373 1671 2433 legatorum
1713 2376 1849 2420 istam
1883 2378 2137 2425 missionem
2198 2379 2200 2382 ’

297 2468 468 2513 semper
500 2453 664 2508 timui,
695 2468 936 2512 numquam
955 2450 1174 2512 probavi:
1207 2466 1394 2511 quorum
1419 2450 1594 2496 reditus
1625 2454 1736 2513 quid
1770 2455 1834 2498 sit
1879 2455 2106 2502 allaturus
2122 2491 2136 2515 ‚

301 2531 486 2590 ignoro:
536 2527 810 2590 exspectatio
849 2527 1027 2589 quidem
1059 2535 1276 2588 quantum
1319 2527 1486 2588 afferat
1524 2527 1753 2590 languoris
1802 2533 1995 2591 animis,
2039 2537 2142 2596 quis

297 2623 383 2651 non
414 2606 580 2650 videt?
615 2633 674 2640 -—-
707 2623 742 2651 c.
762 2611 803 2651 3.
825 2610 864 2650 7.
914 2608 1074 2666 Itaque
1102 2621 1179 2666 ego
1212 2603 1317 2658 ille,
1351 2605 1432 2664 qui
1463 2621 1633 2665 semper
1652 2609 1783 2667 pacis
1802 2617 1958 2654 auctor
1978 2611 2066 2670 sui
2081 2640 2140 2646 —
2200 2652 2202 2655 .

292 2702 452 2748 pacem
495 2702 594 2729 cum
633 2688 692 2729 M.
727 2685 916 2730 Antonio
955 2699 1049 2727 esse
1091 2682 1205 2727 nolo.
1239 2707 1300 2714 —
1337 2682 1424 2725 Gur
1454 2683 1600 2743 igitur
1626 2701 1780 2744 pacem
1812 2687 1957 2732 nolo?
2024 2690 2142 2748 Quia

302 2767 451 2827 turpis
489 2773 587 2820 est,
636 2765 742 2826 quia
776 2760 1065 2822 periculosa,
1113 2761 1222 2820 quia
1260 2775 1355 2804 esse
1395 2777 1482 2805 non
1510 2769 1676 2822 potest.
1744 2763 1865 2822 Quae
1902 2766 1993 2810 tria
2037 2767 2141 2812 dum

302 2844 500 2905 explico,
528 2851 633 2903 peto
667 2859 695 2886 a
722 2840 874 2895 vobis,
907 2840 961 2882 P.
999 2839 1042 2882 C.
1064 2871 1078 2894 ,
1108 2845 1162 2882 ut
1194 2838 1343 2882 eadem
1377 2838 1680 2899 benignitate,
1712 2857 1802 2901 qua
1827 2842 2013 2900 soletis,
2045 2862 2141 2890 mea

299 2921 431 2966 verba
467 2920 682 2965 audiatis.
724 2926 806 2964 cet.
849 2943 910 2950 —
953 2931 989 2960 c.
1018 2918 1060 2960 9.
1094 2918 1170 2961 26.
1238 2915 1360 2974 Quid
1389 2916 1504 2968 enim
1542 2915 1682 2978 legati
1718 2921 1918 2980 egerint,
1950 2922 2142 2967 nondum
2195 2923 2199 2968 ζ

244 3043 248 3047 .
299 3001 479 3045 scimus.

379 3101 441 3176 (4)
487 3100 676 3171 Legati
724 3098 790 3153 ad
844 3097 1135 3152 Antonium
1188 3096 1253 3151 de
1304 3115 1434 3169 Pace
1482 3099 1672 3161 missi,
1728 3099 1784 3153 L.
1821 3101 1943 3155 Piso
1989 3108 2043 3157 et
2081 3103 2139 3161 L.

303 3202 582 3273 Philippus
625 3200 841 3274 (tertius
884 3199 1027 3253 enim
1053 3240 1067 3260 ,
1114 3198 1225 3252 Ser.
1266 3198 1566 3270 Sulpicius,
1608 3200 1663 3252 in
1703 3199 1966 3271 legatione
2001 3203 2138 3260 ohie·
2192 3188 2210 3265 3³

301 3303 441 3375 rat),
494 3300 789 3371 contempti
832 3304 959 3352 sunt
998 3297 1064 3351 ab
1112 3297 1343 3352 Antonio
1389 3305 1442 3353 et
1480 3299 1837 3356 intolerabilia
1870 3303 2137 3374 postulata
2188 3283 2210 3367 f.

297 3402 618 3458 retulerunt.
660 3416 730 3453 lx.
785 3416 833 3452 c.
873 3403 960 3452 41.
1000 3401 1140 3451 115..

358 3501 503 3547 Livius
547 3499 660 3562 Epit.
691 3500 794 3550 118.
859 3501 920 3556 M,
947 3498 1167 3543 Antonius
1199 3500 1255 3543 D.
1284 3502 1476 3544 Brutum
1518 3502 1718 3547 Mutinae
1749 3502 1950 3548 obsedit.-
1983 3505 2134 3552 missi*
