2210 3970
721 217 926 256 Annus
972 219 1019 256 u.
1058 217 1105 254 c·
1148 202 1464 255 671-672.
1907 203 2015 260 561

179 347 325 410 magis
349 363 483 410 quam
507 347 680 409 ingenii
705 349 892 410 paterni
915 374 975 383 —
1001 346 1125 409 apud
1154 346 1461 407 Sacriportum
1479 344 1647 407 pulsus
1670 361 1703 391 a
1726 344 1862 391 Sulla
1886 347 2012 403 acie,

179 425 446 483 Praeneste,
492 425 613 488 quod
649 433 778 483 ante,
824 432 989 472 natura
1033 425 1255 471 monitum
1271 456 1286 480 ,
1330 423 1576 485 praesidiis
1613 422 1882 485 firmaverat
1898 456 1913 478 ,
1962 438 2011 468 se

181 503 509 566 emere-itumque
544 491 751 550 contulit.
783 526 843 541 —
873 518 910 548 c.
927 505 1002 548 27.
1035 505 1076 548 1.
1109 503 1168 547 At
1193 501 1384 546 Pontius
1414 500 1667 558 Telesinus,
1708 500 1801 546 dua.-
1833 501 2009 546 Samni·

180 580 326 639 tium,
372 606 450 646 -γ
485 582 675 627 Carbone
711 598 763 627 ac
805 581 950 627 Mario
991 578 1271 635 consulibus,
1315 579 1474 623 abhinc
1511 594 1650 623 annos
1687 592 1766 624 cxx
1814 580 1878 638 [a.
1899 581 1946 624 U.
1964 581 2012 624 C.

179 661 422 707 783—111
443 675 509 704 =
529 662 683 719 6724,
715 658 929 703 Kalendis
953 657 1288 714 Novembribus,
1315 658 1383 703 ita
1398 655 1461 701 ad
1475 663 1656 718 portam
1678 655 1894 701 Collinam
1910 672 2010 700 cum

179 736 313 784 Sulla
338 735 570 784 dimicavit
585 770 598 795 ,
631 745 685 782 ut
711 736 772 781 ad
799 753 1019 782 summum
1045 736 1280 782 discrimen
1307 743 1352 781 et
1377 751 1478 780 eum
1503 741 1549 778 et
1574 734 1890 796 rempublicam
1911 751 2012 795 per·

177 813 368 862 duceret.
429 814 576 860 Livius
608 815 725 876 Epit.
753 818 826 861 87.
870 815 1002 860 Sulla
1033 816 1077 863 C.
1099 815 1317 871 Marium,
1350 812 1548 859 exercitu
1581 812 1679 858 eius
1701 812 1819 870 suso
1850 811 2014 857 deleto-

176 906 264 954 que
295 890 359 936 ad
381 891 690 953 Sacriportum
706 927 720 951 ,
762 894 812 939 in
842 893 1004 956 oppido
1042 894 1281 938 Praeneste
1312 889 1482 935 obsedit
1497 909 1513 934 .·
1555 889 1705 935 urbem
1743 892 1926 935 Romam
1957 906 2014 935 ez·

175 967 456 1015 inimicorum
492 972 697 1017 manibus
738 973 928 1034 recepit:
971 970 1166 1016 Marium
1203 985 1429 1031 erumpere
1459 973 1703 1013 tentantem
1738 967 1921 1030 repulit.
1954 994 2014 1003 —

176 1052 214 1095 α’.
232 1051 306 1095 88.
349 1048 485 1094 Sulla
519 1048 779 1108 Carbonem,
823 1050 1022 1095 exercitu
1053 1049 1151 1094 eius
1168 1047 1285 1108 fuso
1312 1046 1374 1092 ad
1401 1046 1627 1102 Clusium,
1658 1044 1723 1091 ad
1755 1047 2014 1091 Faventiam

87 1122 91 1128 ¹
175 1126 513 1189 Fidentiamque
544 1143 695 1184 caeso,
725 1126 870 1172 Italia
895 1125 1098 1190 etz-pulit.-
1130 1141 1231 1170 cum
1261 1125 1541 1171 Samnitibus
1556 1157 1571 1181 ,
1604 1124 1686 1186 qui
1715 1123 1805 1169 soli
1830 1140 1888 1169 ea·
1918 1125 2014 1168 Ita-

178 1204 280 1252 licis
297 1204 487 1268 populis
502 1204 694 1250 nondum
720 1221 846 1249 arma
871 1190 1147 1267 posuerant,
1180 1204 1313 1250 iuxta
1328 1205 1479 1251 urbem
1510 1206 1753 1250 Romanam
1784 1211 1888 1249 ante
1908 1220 2014 1266 por·

177 1287 269 1328 tam
305 1281 521 1328 Collinam
548 1281 810 1328 debellavit:
846 1284 1191 1343 recuperataque
1216 1281 1469 1343 republica,
1494 1282 1846 1343 pulcherrimam
1876 1283 2017 1327 victo·

95 1386 115 1419 s
177 1362 294 1413 riam
330 1348 639 1418 erudelitate,
666 1367 837 1423 quanta
877 1359 926 1403 in
961 1355 1087 1402 nullo
1125 1355 1350 1402 hominum
1383 1358 1514 1415 fult,
1563 1359 1831 1420 inquinavit.
1910 1360 2018 1403 Octo

175 1440 306 1486 milia
346 1439 596 1487 deditorum
635 1439 686 1484 in
725 1436 839 1484 villa
872 1435 1060 1498 publica
1101 1435 1378 1481 trucidavit:
1430 1435 1631 1481 tabulam
1665 1437 2015 1498 proscriptionis

167 1519 431 1581 proposuit:
468 1517 621 1565 Urbem
646 1534 699 1563 ac
724 1524 866 1563 totam
891 1514 1078 1561 Italiam
1100 1514 1309 1559 caedibus
1334 1512 1522 1575 replevit
1533 1532 1547 1557 .·
1583 1514 1700 1558 inter
1725 1529 1839 1574 quas
1865 1529 2014 1559 omnes

174 1597 490 1644 Praenestinos
520 1596 708 1642 inermes
734 1593 906 1641 concidi
936 1592 1107 1639 iussit:
1140 1593 1335 1637 Marium
1352 1625 1367 1649 ,
1398 1594 1616 1638 senatorii
1642 1592 1815 1639 ordinis
1841 1595 2012 1651 virum,

172 1674 377 1721 cruribus
403 1673 683 1736 brachiisque
703 1673 879 1732 fractis
895 1705 909 1729 ,
941 1671 1128 1717 auribus
1147 1670 1397 1733 praesectis
1414 1703 1427 1726 ,
1460 1677 1505 1716 et
1533 1670 1713 1733 effossis
1739 1671 1908 1730 oculis,
1942 1689 2014 1717 ne·

171 1752 302 1798 cavit.
350 1750 536 1815 Appian.
555 1755 602 1798 B.
619 1755 664 1799 C.
685 1764 714 1797 ι.
741 1768 778 1797 c.
798 1754 869 1796 89.
903 1752 1101 1804 Σύλλας
1133 1749 1181 1796 δ’
1214 1775 1275 1784 -
1312 1749 1495 1796 αὐτίκα
1524 1748 1779 1807 tuamor,
1815 1752 1897 1811 τήν
1922 1750 2012 1812 μὲν

173 1832 409 1895 στρατιάν
447 1831 625 1896 ι’ἵδριισοἸ
654 1829 760 1895 πρὸ.
794 1830 891 1877 τῶν
922 1831 1087 1877 πυλῶν
1124 1826 1177 1876 ἕν
1222 1829 1287 1892 τῷ
1334 1831 1511 1894 Ἀρείῳ
1548 1831 1728 1891 πεδίῳ·
1780 1832 1930 1886 αι’ντός
1965 1831 2013 1879 δ’

170 1910 292 1960 elom
339 1913 620 1976 παρῆλθεν,
682 1909 989 1975 ἐκφυγόντων
1040 1909 1136 1956 τῶν
1184 1908 1588 1957 ἀντιστασιωτῶν
1636 1912 1863 1959 ἁπάντων
1911 1912 2014 1962 κτὲ.

171 1989 291 2038 conf.
322 1989 544 2038 Plutarch.
575 1990 702 2036 Sulla
731 2006 767 2036 c.
790 1992 851 2036 28
867 2006 956 2053 sqq.
1021 1975 1174 2035 Flor'us
1194 2002 1263 2034 m.
1290 2004 1326 2033 c.
1345 1991 1419 2034 2¹.
1484 1991 1662 2054 Eutrop.
1694 2008 1730 2036 v.
1758 2009 1795 2037 c.
1816 1995 1856 2037 8.
1908 1994 2013 2039 Oro·

172 2068 261 2115 sius
284 2083 328 2116 v.
362 2085 398 2115 c.
417 2071 490 2115 20.
517 2068 608 2114 alii.

250 2197 312 2273 (²)
355 2197 580 2253 Interim
634 2197 691 2255 L.
739 2196 1096 2269 Damasippus
1145 2204 1358 2270 praetor
1412 2205 1633 2253 auctore
1684 2199 1852 2254 Mario
1902 2217 2009 2256 cos.

171 2315 398 2380 omnem*⁴
414 2298 748 2354 nobilitatem
771 2297 1030 2354 trucidat.
1112 2297 1362 2354 Scaevola
1386 2299 1622 2371 pontifex
1653 2301 1925 2355 maximus
1956 2303 2010 2356 in

170 2398 432 2456 vestibulo
474 2399 624 2455 aedis
671 2399 864 2454 Vestae
910 2397 1198 2453 occiditur:
1258 2399 1385 2454 item
1442 2399 1496 2453 G.
1531 2398 1731 2463 Carbo,
1774 2402 2010 2457 consulis

170 2501 467 2565 steten-et
500 2501 558 2555 P.
599 2499 894 2564 AntistiuS,
933 2499 1028 2554 Gn.
1061 2499 1302 2571 Pompeii
1335 2515 1504 2554 socer.
1545 2518 1580 2554 ι.
1622 2517 1668 2554 ο.
1692 2505 1781 2555 54.
1828 2507 1951 2557 108.

28 2667 30 2669 ‚
227 2602 421 2649 Velleius
449 2614 500 2646 υ.
533 2615 570 2646 e.
598 2602 673 2647 26.
706 2602 750 2645 2.
797 2601 918 2644 Dum
954 2598 1017 2643 ad
1048 2599 1355 2660 Sacriportum
1388 2600 1660 2655 dimicatur,
1704 2604 2011 2665 Damasippus

21 2694 31 2747 ι·
98 2700 119 2720 κ
159 2689 346 2745 praetor
372 2680 651 2736 Domitium,
682 2678 938 2724 Scaevolam
968 2678 1191 2734 Mucium,
1219 2678 1484 2739 pontificem
1513 2679 1758 2724 maa-imum
1789 2689 1834 2725 et
1866 2681 2009 2727 divini

20 2748 31 2760 ⁶
168 2760 437 2825 hunicuique
468 2759 586 2804 iuris
617 2744 840 2803 auctorem
872 2755 1199 2801 celeberrimum
1216 2788 1230 2811 ‚
1273 2762 1318 2800 et
1353 2757 1395 2801 C.
1434 2756 1669 2801 Carbonem
1691 2760 1974 2818 praetorium
1991 2792 2005 2813 ,

166 2836 365 2884 consulis
382 2836 609 2896 fratrm,
642 2842 687 2880 et
711 2833 960 2879 Antistium
986 2832 1267 2889 aedilitium,
1299 2831 1422 2877 velut
1443 2833 1659 2891 faventes
1682 2831 1838 2879 Sullae
1859 2840 2007 2898 parti·

166 2915 273 2972 bus,
315 2914 366 2959 in
401 2914 529 2959 curia
570 2911 770 2956 Hostilia
811 2910 1067 2958 trucidavit.
1147 2911 1292 2956 Livius
1326 2911 1439 2972 Epit.
1474 2914 1550 2956 86.
1603 2910 1652 2955 L.
1697 2912 2005 2976 Damasippus

157 3000 370 3058 praetor,
412 3008 468 3037 ex
503 2990 733 3036 voluntate
779 2990 822 3034 C.
855 2989 994 3033 Marii
1024 2988 1221 3034 consulis
1259 3006 1396 3051 quum
1438 2995 1641 3033 senatum
1677 2993 2003 3050 contraxisset,

165 3090 359 3129 omnem,
391 3087 505 3133 quae
530 3071 579 3114 in
609 3067 719 3114 Urbe
745 3075 868 3123 erat,
899 3065 1177 3112 nobilitatem
1203 3066 1472 3112 trucidavit:
1505 3083 1562 3111 ex
1587 3068 1718 3111 cuius
1744 3086 1922 3115 numero
1947 3071 1999 3129 Q.

165 3152 342 3197 Mucius
374 3146 586 3194 Scaevola
613 3145 831 3209 pontifex
863 3145 1086 3190 maz-imus
1110 3144 1303 3206 fugiens
1335 3146 1383 3189 in
1424 3144 1642 3189 vestibulo
1678 3146 1803 3191 aedis
1845 3150 2002 3193 Vestae

166 3230 352 3276 occisus·
370 3235 451 3273 est.
518 3225 700 3287 Appian.
728 3229 774 3269 B.
803 3227 847 3269 C.
878 3237 910 3268 1.
947 3239 982 3268 c.
1010 3227 1082 3269 88.
1123 3226 1320 3286 Μάριος
1350 3221 1405 3269 δὲ
1448 3250 1507 3256 -
1545 3226 1748 3290 Βρούτῳ
1789 3243 2000 3290 στρατη-

169 3311 339 3373 γοῦντι
372 3309 456 3366 τῆς
494 3306 681 3357 πόλεως
713 3302 996 3359 ἐπέστελλε,
1029 3307 1298 3369 σύγκλητον
1337 3301 1401 3357 ὣς
1435 3300 1519 3350 ἐπὶ
1556 3322 1604 3350 τι
1641 3303 1760 3351 ἄλλο
1792 3323 2001 3371 συναγα-

166 3396 296 3454 γεῖν,
344 3388 423 3433 καὶ
467 3393 653 3432 κτεῖναι
686 3387 946 3432 Πούπλιον
980 3389 1294 3441 Ἀντίστιον,
1348 3387 1430 3429 καὶ
1460 3387 1710 3446 Παπίριον
1755 3387 1999 3449 Κάρβωνα

167 3467 355 3531 ἕτερον,
405 3471 486 3515 καὶ
530 3468 739 3514 Λεύκιον
774 3470 1043 3528 Δομίτιον,
1090 3470 1172 3514 καὶ
1205 3467 1435 3513 Μούκιον
1465 3467 1748 3525 Σκαιόλαν,
1798 3469 1879 3515 τὸν
1915 3471 1998 3528 τήν

1629 3545 1693 3592 39
