<?xml version="1.0" encoding="UTF-8"?>
<!DOCTYPE html PUBLIC "-//W3C//DTD XHTML 1.0 Transitional//EN"
    "http://www.w3.org/TR/xhtml1/DTD/xhtml1-transitional.dtd">
<html xmlns="http://www.w3.org/1999/xhtml" xml:lang="en" lang="en">
 <head>
  <title>
</title>
<meta http-equiv="Content-Type" content="text/html;charset=utf-8" />
  <meta name='ocr-system' content='tesseract 3.04.00' />
  <meta name='ocr-capabilities' content='ocr_page ocr_carea ocr_par ocr_line ocrx_word'/>
</head>
<body>
  <div class='ocr_page' id='page_1' title='image "./mtulliiciceronis00suriuoft/mtulliiciceronis00suriuoft_0789.png"; bbox 0 0 2210 3970; ppageno 0'>
   <div class='ocr_carea' id='block_1_1' title="bbox 736 244 1930 301">
    <p class='ocr_par' dir='ltr' id='par_1_1' title="bbox 736 244 1930 301">
     <span class='ocr_line' id='line_1_1' title="bbox 736 244 1930 301; baseline -0.002 -4"><span class='ocrx_word' id='word_1_1' title='bbox 736 260 941 299; x_wconf 64' lang='lat' dir='ltr'><em>Annus</em></span> <span class='ocrx_word' id='word_1_2' title='bbox 982 260 1029 297; x_wconf 88' lang='grc' dir='ltr'><em>υ.</em></span> <span class='ocrx_word' id='word_1_3' title='bbox 1068 259 1116 296; x_wconf 87' lang='lat' dir='ltr'><em>e.</em></span> <span class='ocrx_word' id='word_1_4' title='bbox 1171 246 1296 301; x_wconf 88' lang='lat'><strong>708.</strong></span> <span class='ocrx_word' id='word_1_5' title='bbox 1825 244 1930 296; x_wconf 80' lang='lat'><em>763</em></span> 
     </span>
    </p>
   </div>
   <div class='ocr_carea' id='block_1_2' title="bbox 95 387 1931 1379">
    <p class='ocr_par' dir='ltr' id='par_1_2' title="bbox 95 387 1931 1379">
     <span class='ocr_line' id='line_1_2' title="bbox 105 387 1926 451; baseline -0.003 -13"><span class='ocrx_word' id='word_1_6' title='bbox 105 390 220 438; x_wconf 78' lang='lat' dir='ltr'><em>itum</em></span> <span class='ocrx_word' id='word_1_7' title='bbox 253 390 467 436; x_wconf 79' lang='lat' dir='ltr'><em>concessit</em></span> <span class='ocrx_word' id='word_1_8' title='bbox 478 407 493 434; x_wconf 88' lang='lat'><strong>.·</strong></span> <span class='ocrx_word' id='word_1_9' title='bbox 536 406 622 451; x_wconf 86' lang='lat' dir='ltr'><em>quo</em></span> <span class='ocrx_word' id='word_1_10' title='bbox 666 389 875 451; x_wconf 82' lang='lat' dir='ltr'><em>beneficio</em></span> <span class='ocrx_word' id='word_1_11' title='bbox 911 391 1009 435; x_wconf 83' lang='lat' dir='ltr'><em>eius</em></span> <span class='ocrx_word' id='word_1_12' title='bbox 1051 387 1290 433; x_wconf 84' lang='lat' dir='ltr'><em>Marcellus</em></span> <span class='ocrx_word' id='word_1_13' title='bbox 1317 388 1429 449; x_wconf 85' lang='lat' dir='ltr'><em>srui</em></span> <span class='ocrx_word' id='word_1_14' title='bbox 1459 404 1543 434; x_wconf 84' lang='lat' dir='ltr'><em>non</em></span> <span class='ocrx_word' id='word_1_15' title='bbox 1574 388 1757 450; x_wconf 83' lang='lat' dir='ltr'><em>potuit,</em></span> <span class='ocrx_word' id='word_1_16' title='bbox 1788 405 1817 432; x_wconf 89' lang='lat' dir='ltr'><em>a</em></span> <span class='ocrx_word' id='word_1_17' title='bbox 1852 390 1926 433; x_wconf 82' lang='lat' dir='ltr'><strong>Cn.</strong></span> 
     </span>
     <span class='ocr_line' id='line_1_3' title="bbox 105 465 1924 530; baseline -0.001 -18"><span class='ocrx_word' id='word_1_18' title='bbox 105 468 253 529; x_wconf 75' lang='lat' dir='ltr'><em>Magio</em></span> <span class='ocrx_word' id='word_1_19' title='bbox 289 467 467 513; x_wconf 74' lang='lat' dir='ltr'><em>Chilone</em></span> <span class='ocrx_word' id='word_1_20' title='bbox 503 467 660 512; x_wconf 78' lang='lat' dir='ltr'><em>cliente</em></span> <span class='ocrx_word' id='word_1_21' title='bbox 685 483 766 512; x_wconf 86' lang='lat' dir='ltr'><em>suo</em></span> <span class='ocrx_word' id='word_1_22' title='bbox 792 468 975 512; x_wconf 77' lang='lat' dir='ltr'><em>Athenis</em></span> <span class='ocrx_word' id='word_1_23' title='bbox 1006 468 1190 512; x_wconf 78' lang='lat' dir='ltr'><em>occisus.</em></span> <span class='ocrx_word' id='word_1_24' title='bbox 1223 468 1440 530; x_wconf 82' lang='lat' dir='ltr'>Sulpicius</span> <span class='ocrx_word' id='word_1_25' title='bbox 1462 467 1514 512; x_wconf 90' lang='lat' dir='ltr'><em>ad</em></span> <span class='ocrx_word' id='word_1_26' title='bbox 1540 466 1674 513; x_wconf 82' lang='lat' dir='ltr'><em>Cicer.</em></span> <span class='ocrx_word' id='word_1_27' title='bbox 1702 465 1778 524; x_wconf 90' lang='lat' dir='ltr'><em>(ad</em></span> <span class='ocrx_word' id='word_1_28' title='bbox 1801 468 1924 510; x_wconf 79' lang='lat' dir='ltr'><em>Fam.</em></span> 
     </span>
     <span class='ocr_line' id='line_1_4' title="bbox 106 544 1927 607; baseline -0.002 -17"><span class='ocrx_word' id='word_1_29' title='bbox 106 557 172 590; x_wconf 78' lang='lat' dir='ltr'><em>lv.</em></span> <span class='ocrx_word' id='word_1_30' title='bbox 199 548 268 591; x_wconf 80' lang='lat'><strong>12.</strong></span> <span class='ocrx_word' id='word_1_31' title='bbox 299 548 364 604; x_wconf 83' lang='lat'><strong>2.)</strong></span> <span class='ocrx_word' id='word_1_32' title='bbox 400 546 543 604; x_wconf 82' lang='lat' dir='ltr'><em>Quum</em></span> <span class='ocrx_word' id='word_1_33' title='bbox 573 544 628 588; x_wconf 85' lang='lat' dir='ltr'><em>ab</em></span> <span class='ocrx_word' id='word_1_34' title='bbox 656 546 839 590; x_wconf 76' lang='lat' dir='ltr'><em>Athenis</em></span> <span class='ocrx_word' id='word_1_35' title='bbox 866 546 1099 607; x_wconf 80' lang='lat' dir='ltr'><em>proficisci</em></span> <span class='ocrx_word' id='word_1_36' title='bbox 1124 546 1172 589; x_wconf 82' lang='lat' dir='ltr'><em>in</em></span> <span class='ocrx_word' id='word_1_37' title='bbox 1198 545 1346 588; x_wconf 82' lang='lat' dir='ltr'><em>animo</em></span> <span class='ocrx_word' id='word_1_38' title='bbox 1373 544 1569 589; x_wconf 76' lang='lat' dir='ltr'><em>haberem</em></span> <span class='ocrx_word' id='word_1_39' title='bbox 1602 571 1661 579; x_wconf 92' lang='lat'><em>—-</em></span> <span class='ocrx_word' id='word_1_40' title='bbox 1692 546 1746 589; x_wconf 83' lang='lat' dir='ltr'><strong>P.</strong></span> <span class='ocrx_word' id='word_1_41' title='bbox 1763 545 1927 588; x_wconf 76' lang='lat' dir='ltr'><em>Postu-</em></span> 
     </span>
     <span class='ocr_line' id='line_1_5' title="bbox 103 622 1927 684; baseline -0.001 -18"><span class='ocrx_word' id='word_1_42' title='bbox 103 622 222 666; x_wconf 81' lang='lat' dir='ltr'><em>mius</em></span> <span class='ocrx_word' id='word_1_43' title='bbox 254 648 314 657; x_wconf 97' lang='lat'>—</span> <span class='ocrx_word' id='word_1_44' title='bbox 345 622 406 667; x_wconf 84' lang='lat' dir='ltr'><em>ad</em></span> <span class='ocrx_word' id='word_1_45' title='bbox 434 639 500 668; x_wconf 84' lang='lat' dir='ltr'><em>me</em></span> <span class='ocrx_word' id='word_1_46' title='bbox 531 624 650 666; x_wconf 84' lang='lat' dir='ltr'><em>venit</em></span> <span class='ocrx_word' id='word_1_47' title='bbox 687 632 729 668; x_wconf 87' lang='lat' dir='ltr'><em>et</em></span> <span class='ocrx_word' id='word_1_48' title='bbox 764 624 877 667; x_wconf 71' lang='lat' dir='ltr'><em>mila·</em></span> <span class='ocrx_word' id='word_1_49' title='bbox 921 624 1146 669; x_wconf 80' lang='lat' dir='ltr'><em>nuntiavit</em></span> <span class='ocrx_word' id='word_1_50' title='bbox 1190 626 1246 667; x_wconf 84' lang='lat' dir='ltr'><strong>M.</strong></span> <span class='ocrx_word' id='word_1_51' title='bbox 1280 622 1561 681; x_wconf 79' lang='lat' dir='ltr'><em>Marcellam,</em></span> <span class='ocrx_word' id='word_1_52' title='bbox 1606 622 1819 684; x_wconf 81' lang='lat' dir='ltr'><em>collegam</em></span> <span class='ocrx_word' id='word_1_53' title='bbox 1849 636 1927 665; x_wconf 82' lang='lat' dir='ltr'><em>no-</em></span> 
     </span>
     <span class='ocr_line' id='line_1_6' title="bbox 103 698 1928 763; baseline -0.001 -20"><span class='ocrx_word' id='word_1_54' title='bbox 103 706 274 755; x_wconf 82' lang='lat' dir='ltr'><em>strum,</em></span> <span class='ocrx_word' id='word_1_55' title='bbox 297 707 405 762; x_wconf 70' lang='lat' dir='ltr'><em>post</em></span> <span class='ocrx_word' id='word_1_56' title='bbox 431 716 587 745; x_wconf 81' lang='lat' dir='ltr'><em>coenae</em></span> <span class='ocrx_word' id='word_1_57' title='bbox 603 707 774 760; x_wconf 83' lang='lat' dir='ltr'><em>tempus</em></span> <span class='ocrx_word' id='word_1_58' title='bbox 791 717 818 743; x_wconf 85' lang='lat' dir='ltr'><em>a</em></span> <span class='ocrx_word' id='word_1_59' title='bbox 836 702 887 745; x_wconf 88' lang='lat' dir='ltr'><em>P.</em></span> <span class='ocrx_word' id='word_1_60' title='bbox 908 703 1054 763; x_wconf 77' lang='lat' dir='ltr'><em>Magio</em></span> <span class='ocrx_word' id='word_1_61' title='bbox 1081 700 1287 757; x_wconf 77' lang='lat' dir='ltr'><em>Chilone,</em></span> <span class='ocrx_word' id='word_1_62' title='bbox 1312 698 1553 759; x_wconf 76' lang='lat' dir='ltr'><em>familiare</em></span> <span class='ocrx_word' id='word_1_63' title='bbox 1579 701 1701 754; x_wconf 76' lang='lat' dir='ltr'><em>eius,</em></span> <span class='ocrx_word' id='word_1_64' title='bbox 1733 700 1928 761; x_wconf 80' lang='lat' dir='ltr'><em>pugione</em></span> 
     </span>
     <span class='ocr_line' id='line_1_7' title="bbox 95 775 1925 841; baseline -0.002 -19"><span class='ocrx_word' id='word_1_65' title='bbox 95 792 357 839; x_wconf 75' lang='lat' dir='ltr'><em>percussum</em></span> <span class='ocrx_word' id='word_1_66' title='bbox 387 793 482 823; x_wconf 90' lang='lat' dir='ltr'><em>esse</em></span> <span class='ocrx_word' id='word_1_67' title='bbox 519 785 562 822; x_wconf 87' lang='lat' dir='ltr'><em>et</em></span> <span class='ocrx_word' id='word_1_68' title='bbox 598 778 684 823; x_wconf 76' lang='lat' dir='ltr'><em>duo</em></span> <span class='ocrx_word' id='word_1_69' title='bbox 715 779 898 824; x_wconf 85' lang='lat' dir='ltr'><em>vulnera</em></span> <span class='ocrx_word' id='word_1_70' title='bbox 928 781 1147 841; x_wconf 83' lang='lat' dir='ltr'><em>accepisse</em></span> <span class='ocrx_word' id='word_1_71' title='bbox 1177 805 1238 813; x_wconf 90' lang='lat'><em>-—-</em></span> <span class='ocrx_word' id='word_1_72' title='bbox 1256 811 1267 824; x_wconf 90' lang='lat'><strong>.</strong></span> <span class='ocrx_word' id='word_1_73' title='bbox 1335 779 1481 836; x_wconf 84' lang='lat' dir='ltr'><em>Quum</em></span> <span class='ocrx_word' id='word_1_74' title='bbox 1511 793 1595 821; x_wconf 82' lang='lat' dir='ltr'><em>nou</em></span> <span class='ocrx_word' id='word_1_75' title='bbox 1629 777 1755 838; x_wconf 76' lang='lat' dir='ltr'><em>longe</em></span> <span class='ocrx_word' id='word_1_76' title='bbox 1786 792 1815 819; x_wconf 91' lang='lat' dir='ltr'><em>a</em></span> <span class='ocrx_word' id='word_1_77' title='bbox 1846 775 1925 818; x_wconf 75' lang='lat' dir='ltr'><em>Pi-</em></span> 
     </span>
     <span class='ocr_line' id='line_1_8' title="bbox 101 853 1922 919; baseline -0.001 -20"><span class='ocrx_word' id='word_1_78' title='bbox 101 866 227 900; x_wconf 80' lang='lat' dir='ltr'><em>raeeo</em></span> <span class='ocrx_word' id='word_1_79' title='bbox 258 854 476 910; x_wconf 78' lang='lat' dir='ltr'><em>abessem,</em></span> <span class='ocrx_word' id='word_1_80' title='bbox 503 875 620 919; x_wconf 82' lang='lat' dir='ltr'><em>puer</em></span> <span class='ocrx_word' id='word_1_81' title='bbox 650 859 828 903; x_wconf 77' lang='lat' dir='ltr'><em>Acidim·</em></span> <span class='ocrx_word' id='word_1_82' title='bbox 858 857 1027 902; x_wconf 82' lang='lat' dir='ltr'><em>obviam</em></span> <span class='ocrx_word' id='word_1_83' title='bbox 1057 857 1170 901; x_wconf 76' lang='lat' dir='ltr'><em>mihi</em></span> <span class='ocrx_word' id='word_1_84' title='bbox 1199 857 1320 901; x_wconf 81' lang='lat' dir='ltr'><em>venit</em></span> <span class='ocrx_word' id='word_1_85' title='bbox 1346 872 1444 901; x_wconf 82' lang='lat' dir='ltr'><em>cum</em></span> <span class='ocrx_word' id='word_1_86' title='bbox 1475 854 1717 909; x_wconf 80' lang='lat' dir='ltr'><em>codicillis,</em></span> <span class='ocrx_word' id='word_1_87' title='bbox 1749 854 1797 898; x_wconf 86' lang='lat' dir='ltr'><em>in</em></span> <span class='ocrx_word' id='word_1_88' title='bbox 1823 853 1922 914; x_wconf 80' lang='lat' dir='ltr'><em>qui-</em></span> 
     </span>
     <span class='ocr_line' id='line_1_9' title="bbox 102 932 1924 997; baseline -0.003 -18"><span class='ocrx_word' id='word_1_89' title='bbox 102 933 183 979; x_wconf 70' lang='lat' dir='ltr'><em>hus</em></span> <span class='ocrx_word' id='word_1_90' title='bbox 214 940 311 978; x_wconf 86' lang='lat' dir='ltr'><em>erat</em></span> <span class='ocrx_word' id='word_1_91' title='bbox 340 935 556 995; x_wconf 81' lang='lat' dir='ltr'><em>scriptum</em></span> <span class='ocrx_word' id='word_1_92' title='bbox 572 970 585 991; x_wconf 85' lang='lat'>‚</span> <span class='ocrx_word' id='word_1_93' title='bbox 612 937 772 997; x_wconf 85' lang='lat' dir='ltr'><em>paullo</em></span> <span class='ocrx_word' id='word_1_94' title='bbox 795 944 897 981; x_wconf 81' lang='lat' dir='ltr'><em>ante</em></span> <span class='ocrx_word' id='word_1_95' title='bbox 915 936 1054 980; x_wconf 87' lang='lat' dir='ltr'><em>lucem</em></span> <span class='ocrx_word' id='word_1_96' title='bbox 1072 934 1325 979; x_wconf 87' lang='lat' dir='ltr'><em>Marcellum</em></span> <span class='ocrx_word' id='word_1_97' title='bbox 1342 933 1457 979; x_wconf 83' lang='lat' dir='ltr'><em>diem</em></span> <span class='ocrx_word' id='word_1_98' title='bbox 1478 950 1610 978; x_wconf 86' lang='lat' dir='ltr'><em>suum</em></span> <span class='ocrx_word' id='word_1_99' title='bbox 1641 932 1815 977; x_wconf 82' lang='lat' dir='ltr'><em>obiisse.</em></span> <span class='ocrx_word' id='word_1_100' title='bbox 1850 932 1924 974; x_wconf 86' lang='lat' dir='ltr'><em>Ita</em></span> 
     </span>
     <span class='ocr_line' id='line_1_10' title="bbox 101 1010 1922 1071; baseline -0.004 -12"><span class='ocrx_word' id='word_1_101' title='bbox 101 1011 171 1060; x_wconf 77' lang='lat' dir='ltr'><em>vir</em></span> <span class='ocrx_word' id='word_1_102' title='bbox 195 1010 475 1056; x_wconf 81' lang='lat' dir='ltr'><em>clarissimus</em></span> <span class='ocrx_word' id='word_1_103' title='bbox 513 1014 569 1058; x_wconf 87' lang='lat' dir='ltr'><em>ab</em></span> <span class='ocrx_word' id='word_1_104' title='bbox 610 1014 779 1059; x_wconf 75' lang='lat' dir='ltr'><em>homine</em></span> <span class='ocrx_word' id='word_1_105' title='bbox 816 1015 1066 1059; x_wconf 82' lang='lat' dir='ltr'><em>taeterrimo</em></span> <span class='ocrx_word' id='word_1_106' title='bbox 1110 1012 1395 1057; x_wconf 82' lang='lat' dir='ltr'><em>acerbissima</em></span> <span class='ocrx_word' id='word_1_107' title='bbox 1425 1020 1563 1057; x_wconf 86' lang='lat' dir='ltr'><em>morte</em></span> <span class='ocrx_word' id='word_1_108' title='bbox 1606 1018 1673 1055; x_wconf 87' lang='lat' dir='ltr'><em>est</em></span> <span class='ocrx_word' id='word_1_109' title='bbox 1700 1010 1922 1071; x_wconf 80' lang='lat' dir='ltr'><em>affectus,-</em></span> 
     </span>
     <span class='ocr_line' id='line_1_11' title="bbox 101 1079 1924 1153; baseline -0.002 -19"><span class='ocrx_word' id='word_1_110' title='bbox 101 1095 172 1147; x_wconf 67' lang='grc' dir='ltr'><em>εἰ,</em></span> <span class='ocrx_word' id='word_1_111' title='bbox 210 1089 285 1134; x_wconf 84' lang='lat' dir='ltr'><em>cui</em></span> <span class='ocrx_word' id='word_1_112' title='bbox 325 1090 498 1136; x_wconf 80' lang='lat' dir='ltr'><em>inimici</em></span> <span class='ocrx_word' id='word_1_113' title='bbox 520 1099 706 1153; x_wconf 81' lang='lat' dir='ltr'><em>propter</em></span> <span class='ocrx_word' id='word_1_114' title='bbox 743 1092 1006 1153; x_wconf 79' lang='lat' dir='ltr'><em>dignitatem</em></span> <span class='ocrx_word' id='word_1_115' title='bbox 1034 1098 1348 1152; x_wconf 77' lang='lat' dir='ltr'><em>pepercerant,</em></span> <span class='ocrx_word' id='word_1_116' title='bbox 1391 1079 1599 1135; x_wconf 65' lang='lat' dir='ltr'><em>inventus</em></span> <span class='ocrx_word' id='word_1_117' title='bbox 1626 1096 1694 1133; x_wconf 81' lang='lat' dir='ltr'><em>est</em></span> <span class='ocrx_word' id='word_1_118' title='bbox 1720 1089 1924 1143; x_wconf 80' lang='lat' dir='ltr'><em>amicas,</em></span> 
     </span>
     <span class='ocr_line' id='line_1_12' title="bbox 100 1163 1925 1229; baseline -0.002 -17"><span class='ocrx_word' id='word_1_119' title='bbox 100 1167 181 1228; x_wconf 81' lang='lat' dir='ltr'><em>qui</em></span> <span class='ocrx_word' id='word_1_120' title='bbox 199 1163 386 1212; x_wconf 58' lang='lat' dir='ltr'><em>&#39;mortem</em></span> <span class='ocrx_word' id='word_1_121' title='bbox 418 1168 614 1229; x_wconf 81' lang='lat' dir='ltr'><em>afferret.</em></span> <span class='ocrx_word' id='word_1_122' title='bbox 678 1168 794 1214; x_wconf 86' lang='lat' dir='ltr'><strong>Conf.</strong></span> <span class='ocrx_word' id='word_1_123' title='bbox 823 1170 906 1214; x_wconf 89' lang='lat' dir='ltr'><em>Cic.</em></span> <span class='ocrx_word' id='word_1_124' title='bbox 939 1169 993 1214; x_wconf 88' lang='lat' dir='ltr'><em>ad</em></span> <span class='ocrx_word' id='word_1_125' title='bbox 1027 1174 1118 1213; x_wconf 80' lang='lat' dir='ltr'><em>Att.</em></span> <span class='ocrx_word' id='word_1_126' title='bbox 1147 1182 1252 1213; x_wconf 83' lang='lat' dir='ltr'><em>xm.</em></span> <span class='ocrx_word' id='word_1_127' title='bbox 1286 1172 1356 1212; x_wconf 83' lang='lat'><strong>10.</strong></span> <span class='ocrx_word' id='word_1_128' title='bbox 1389 1172 1432 1212; x_wconf 88' lang='lat'><em>3.</em></span> <span class='ocrx_word' id='word_1_129' title='bbox 1495 1173 1652 1214; x_wconf 79' lang='lat' dir='ltr'><em>Seneca</em></span> <span class='ocrx_word' id='word_1_130' title='bbox 1682 1167 1843 1211; x_wconf 86' lang='lat' dir='ltr'><em>consol.</em></span> <span class='ocrx_word' id='word_1_131' title='bbox 1869 1163 1925 1209; x_wconf 80' lang='lat' dir='ltr'><em>ad</em></span> 
     </span>
     <span class='ocr_line' id='line_1_13' title="bbox 100 1242 1928 1307; baseline -0.003 -17"><span class='ocrx_word' id='word_1_132' title='bbox 100 1243 296 1290; x_wconf 77' lang='lat' dir='ltr'><em>Helviam</em></span> <span class='ocrx_word' id='word_1_133' title='bbox 324 1260 361 1290; x_wconf 84' lang='lat' dir='ltr'><em>c.</em></span> <span class='ocrx_word' id='word_1_134' title='bbox 379 1247 422 1291; x_wconf 86' lang='grc'><em>9.</em></span> <span class='ocrx_word' id='word_1_135' title='bbox 451 1250 492 1291; x_wconf 85' lang='grc'><em>5.</em></span> <span class='ocrx_word' id='word_1_136' title='bbox 558 1245 795 1291; x_wconf 72' lang='lat' dir='ltr'><em>Marcelli</em></span> <span class='ocrx_word' id='word_1_137' title='bbox 830 1247 964 1291; x_wconf 85' lang='lat' dir='ltr'><em>vitam</em></span> <span class='ocrx_word' id='word_1_138' title='bbox 983 1246 1146 1307; x_wconf 85' lang='lat' dir='ltr'><em>optime</em></span> <span class='ocrx_word' id='word_1_139' title='bbox 1168 1246 1362 1306; x_wconf 83' lang='lat' dir='ltr'><em>exposuit</em></span> <span class='ocrx_word' id='word_1_140' title='bbox 1385 1248 1538 1289; x_wconf 80' lang='lat' dir='ltr'><em>Franc.</em></span> <span class='ocrx_word' id='word_1_141' title='bbox 1572 1248 1755 1291; x_wconf 80' lang='lat' dir='ltr'><em>Passow:</em></span> <span class='ocrx_word' id='word_1_142' title='bbox 1792 1242 1928 1287; x_wconf 67' lang='lat' dir='ltr'><em>Heben·</em></span> 
     </span>
     <span class='ocr_line' id='line_1_14' title="bbox 107 1319 1931 1379; baseline 0 -12"><span class='ocrx_word' id='word_1_143' title='bbox 107 1322 278 1367; x_wconf 79' lang='lat' dir='ltr'><em>Ciceros</em></span> <span class='ocrx_word' id='word_1_144' title='bbox 310 1322 426 1368; x_wconf 84' lang='lat' dir='ltr'><em>Rede</em></span> <span class='ocrx_word' id='word_1_145' title='bbox 458 1323 540 1379; x_wconf 77' lang='lat' dir='ltr'><em>fiir</em></span> <span class='ocrx_word' id='word_1_146' title='bbox 571 1323 653 1368; x_wconf 80' lang='lat' dir='ltr'><em>deu</em></span> <span class='ocrx_word' id='word_1_147' title='bbox 689 1327 746 1368; x_wconf 91' lang='lat' dir='ltr'><em>M.</em></span> <span class='ocrx_word' id='word_1_148' title='bbox 779 1324 1033 1369; x_wconf 74' lang='lat' dir='ltr'><em>Marcellus.</em></span> <span class='ocrx_word' id='word_1_149' title='bbox 1068 1324 1114 1367; x_wconf 89' lang='lat' dir='ltr'><em>in</em></span> <span class='ocrx_word' id='word_1_150' title='bbox 1153 1325 1515 1368; x_wconf 79' lang='lat' dir='ltr'><em>Zimmermaun&#39;s</em></span> <span class='ocrx_word' id='word_1_151' title='bbox 1546 1321 1795 1368; x_wconf 79' lang='lat' dir='ltr'><em>Zeitschrilt</em></span> <span class='ocrx_word' id='word_1_152' title='bbox 1827 1321 1854 1366; x_wconf 75' lang='lat' dir='ltr'><strong>f.</strong></span> <span class='ocrx_word' id='word_1_153' title='bbox 1880 1319 1931 1367; x_wconf 87' lang='lat' dir='ltr'><strong>d.</strong></span> 
     </span>
    </p>
   </div>
   <div class='ocr_carea' id='block_1_3' title="bbox 98 1398 1927 1524">
    <p class='ocr_par' dir='ltr' id='par_1_3' title="bbox 5 1398 1927 1529">
     <span class='ocr_line' id='line_1_15' title="bbox 98 1398 1927 1462; baseline 0 -17"><span class='ocrx_word' id='word_1_154' title='bbox 98 1398 668 1451; x_wconf 73' lang='lat' dir='ltr'><em>Alterthumswissenschaft</em></span> <span class='ocrx_word' id='word_1_155' title='bbox 715 1404 859 1458; x_wconf 85' lang='lat'>1835,</span> <span class='ocrx_word' id='word_1_156' title='bbox 898 1418 937 1462; x_wconf 89' lang='lat' dir='ltr'><em>p.</em></span> <span class='ocrx_word' id='word_1_157' title='bbox 967 1405 1070 1446; x_wconf 84' lang='lat'><strong>113.</strong></span> <span class='ocrx_word' id='word_1_158' title='bbox 1105 1400 1180 1445; x_wconf 88' lang='lat' dir='ltr'><em>ubi</em></span> <span class='ocrx_word' id='word_1_159' title='bbox 1215 1401 1487 1445; x_wconf 69' lang='lat' dir='ltr'><em>marcellinae</em></span> <span class='ocrx_word' id='word_1_160' title='bbox 1518 1400 1721 1446; x_wconf 80' lang='lat' dir='ltr'><em>orationis</em></span> <span class='ocrx_word' id='word_1_161' title='bbox 1749 1402 1927 1446; x_wconf 71' lang='grc' dir='ltr'><em>αὐθεν-</em></span> 
     </span>
     <span class='ocr_line' id='line_1_16' title="bbox 101 1476 679 1524; baseline 0 0"><span class='ocrx_word' id='word_1_162' title='bbox 101 1480 212 1524; x_wconf 71' lang='grc' dir='ltr'><em>τίαν</em></span> <span class='ocrx_word' id='word_1_163' title='bbox 232 1476 458 1524; x_wconf 84' lang='lat' dir='ltr'><em>defendere</em></span> <span class='ocrx_word' id='word_1_164' title='bbox 486 1488 679 1524; x_wconf 86' lang='lat' dir='ltr'><em>conatur.</em></span> 
     </span>
    </p>
   </div>
   <div class='ocr_carea' id='block_1_4' title="bbox 0 1538 1930 2550">
    <p class='ocr_par' dir='ltr' id='par_1_4' title="bbox 6 1538 1930 2149">
     <span class='ocr_line' id='line_1_17' title="bbox 7 1538 1929 1643; baseline 0.001 -22"><span class='ocrx_word' id='word_1_165' title='bbox 7 1538 33 1598; x_wconf 41' lang='grc' dir='ltr'><em>*ἦ</em></span> <span class='ocrx_word' id='word_1_166' title='bbox 109 1557 115 1562; x_wconf 69' lang='grc'><strong>’</strong></span> <span class='ocrx_word' id='word_1_167' title='bbox 176 1566 239 1643; x_wconf 80' lang='lat'><em>(⁰)</em></span> <span class='ocrx_word' id='word_1_168' title='bbox 281 1567 342 1622; x_wconf 90' lang='lat' dir='ltr'><em>In</em></span> <span class='ocrx_word' id='word_1_169' title='bbox 379 1566 476 1622; x_wconf 89' lang='lat' dir='ltr'><em>hoc</em></span> <span class='ocrx_word' id='word_1_170' title='bbox 514 1583 695 1623; x_wconf 87' lang='lat' dir='ltr'><em>rerum</em></span> <span class='ocrx_word' id='word_1_171' title='bbox 729 1572 872 1622; x_wconf 89' lang='lat' dir='ltr'><em>statu</em></span> <span class='ocrx_word' id='word_1_172' title='bbox 913 1566 1127 1633; x_wconf 79' lang='lat' dir='ltr'><em>cicere,</em></span> <span class='ocrx_word' id='word_1_173' title='bbox 1166 1567 1393 1639; x_wconf 83' lang='lat' dir='ltr'><em>tempori</em></span> <span class='ocrx_word' id='word_1_174' title='bbox 1434 1566 1774 1623; x_wconf 88' lang='lat' dir='ltr'><em>serviendum</em></span> <span class='ocrx_word' id='word_1_175' title='bbox 1813 1585 1929 1623; x_wconf 85' lang='lat' dir='ltr'><em>esse</em></span> 
     </span>
     <span class='ocr_line' id='line_1_18' title="bbox 6 1585 1929 1836; baseline -0.001 -111"><span class='ocrx_word' id='word_1_176' title='bbox 6 1585 39 1836; x_wconf 52' lang='grc' dir='ltr'><strong>ἓ</strong></span> <span class='ocrx_word' id='word_1_177' title='bbox 98 1669 377 1743; x_wconf 78' lang='lat' dir='ltr'><em>opinatuS,</em></span> <span class='ocrx_word' id='word_1_178' title='bbox 434 1675 489 1724; x_wconf 90' lang='lat' dir='ltr'><em>et</em></span> <span class='ocrx_word' id='word_1_179' title='bbox 527 1685 588 1723; x_wconf 86' lang='lat' dir='ltr'><em>ea</em></span> <span class='ocrx_word' id='word_1_180' title='bbox 622 1667 747 1723; x_wconf 82' lang='lat' dir='ltr'><em>fecit</em></span> <span class='ocrx_word' id='word_1_181' title='bbox 787 1669 1038 1732; x_wconf 83' lang='lat' dir='ltr'><em>omnine,</em></span> <span class='ocrx_word' id='word_1_182' title='bbox 1094 1685 1230 1740; x_wconf 91' lang='lat' dir='ltr'><em>quae</em></span> <span class='ocrx_word' id='word_1_183' title='bbox 1285 1668 1518 1723; x_wconf 86' lang='lat' dir='ltr'><em>maxime</em></span> <span class='ocrx_word' id='word_1_184' title='bbox 1566 1670 1759 1724; x_wconf 83' lang='lat' dir='ltr'><em>Caesar</em></span> <span class='ocrx_word' id='word_1_185' title='bbox 1797 1668 1929 1724; x_wconf 90' lang='lat' dir='ltr'><em>velle</em></span> 
     </span>
     <span class='ocr_line' id='line_1_19' title="bbox 8 1752 1929 1850; baseline 0 -25"><span class='ocrx_word' id='word_1_186' title='bbox 8 1771 41 1825; x_wconf 60' lang='lat' dir='ltr'><em>fr</em></span> <span class='ocrx_word' id='word_1_187' title='bbox 95 1759 413 1850; x_wconf 62' lang='lat' dir='ltr'><em>videbatur,</em></span> <span class='ocrx_word' id='word_1_188' title='bbox 451 1774 505 1824; x_wconf 90' lang='lat' dir='ltr'><em>et</em></span> <span class='ocrx_word' id='word_1_189' title='bbox 541 1769 607 1823; x_wconf 92' lang='lat' dir='ltr'><em>iis</em></span> <span class='ocrx_word' id='word_1_190' title='bbox 638 1766 976 1823; x_wconf 85' lang='lat' dir='ltr'><em>familiariter</em></span> <span class='ocrx_word' id='word_1_191' title='bbox 1006 1785 1137 1823; x_wconf 91' lang='lat' dir='ltr'><em>usus</em></span> <span class='ocrx_word' id='word_1_192' title='bbox 1165 1752 1269 1833; x_wconf 87' lang='lat' dir='ltr'><em>est,</em></span> <span class='ocrx_word' id='word_1_193' title='bbox 1313 1769 1405 1840; x_wconf 90' lang='lat' dir='ltr'><em>qui</em></span> <span class='ocrx_word' id='word_1_194' title='bbox 1431 1786 1462 1823; x_wconf 88' lang='lat' dir='ltr'><em>a</em></span> <span class='ocrx_word' id='word_1_195' title='bbox 1494 1768 1717 1824; x_wconf 83' lang='lat' dir='ltr'><em>Caesare</em></span> <span class='ocrx_word' id='word_1_196' title='bbox 1744 1769 1929 1843; x_wconf 85' lang='lat' dir='ltr'><em>dilige·</em></span> 
     </span>
     <span class='ocr_line' id='line_1_20' title="bbox 11 1831 1929 1942; baseline 0 -15"><span class='ocrx_word' id='word_1_197' title='bbox 11 1831 37 1941; x_wconf 43' lang='lat' dir='ltr'><em>fl,</em></span> <span class='ocrx_word' id='word_1_198' title='bbox 96 1858 312 1927; x_wconf 78' lang='lat' dir='ltr'><em>bantur.</em></span> <span class='ocrx_word' id='word_1_199' title='bbox 380 1870 442 1926; x_wconf 89' lang='lat' dir='ltr'><em>In</em></span> <span class='ocrx_word' id='word_1_200' title='bbox 488 1870 656 1925; x_wconf 89' lang='lat' dir='ltr'><em>otium</em></span> <span class='ocrx_word' id='word_1_201' title='bbox 704 1877 884 1925; x_wconf 89' lang='lat' dir='ltr'><em>autem</em></span> <span class='ocrx_word' id='word_1_202' title='bbox 925 1886 1093 1942; x_wconf 90' lang='lat' dir='ltr'><em>quum</em></span> <span class='ocrx_word' id='word_1_203' title='bbox 1138 1887 1195 1926; x_wconf 88' lang='lat' dir='ltr'><em>se</em></span> <span class='ocrx_word' id='word_1_204' title='bbox 1243 1869 1559 1926; x_wconf 85' lang='lat' dir='ltr'><em>contulisset</em></span> <span class='ocrx_word' id='word_1_205' title='bbox 1592 1870 1929 1937; x_wconf 82' lang='lat' dir='ltr'><em>litteratum,</em></span> 
     </span>
     <span class='ocr_line' id='line_1_21' title="bbox 11 1964 1930 2045; baseline 0 -16"><span class='ocrx_word' id='word_1_206' title='bbox 11 1964 38 1999; x_wconf 58' lang='lat'><em>⁹²</em></span> <span class='ocrx_word' id='word_1_207' title='bbox 96 1972 247 2029; x_wconf 83' lang='lat' dir='ltr'><em>hrevi</em></span> <span class='ocrx_word' id='word_1_208' title='bbox 266 1969 522 2045; x_wconf 82' lang='lat' dir='ltr'><em>temporis</em></span> <span class='ocrx_word' id='word_1_209' title='bbox 543 1972 713 2045; x_wconf 82' lang='lat' dir='ltr'><em>spatio</em></span> <span class='ocrx_word' id='word_1_210' title='bbox 735 1970 888 2044; x_wconf 89' lang='lat' dir='ltr'><em>plura</em></span> <span class='ocrx_word' id='word_1_211' title='bbox 907 1972 1122 2044; x_wconf 83' lang='lat' dir='ltr'><em>scripsit</em></span> <span class='ocrx_word' id='word_1_212' title='bbox 1141 1989 1342 2037; x_wconf 87' lang='lat' dir='ltr'><em>eversa,</em></span> <span class='ocrx_word' id='word_1_213' title='bbox 1366 1989 1525 2045; x_wconf 88' lang='lat' dir='ltr'><em>quam</em></span> <span class='ocrx_word' id='word_1_214' title='bbox 1548 1973 1735 2028; x_wconf 85' lang='lat' dir='ltr'><em>multis</em></span> <span class='ocrx_word' id='word_1_215' title='bbox 1757 1975 1930 2039; x_wconf 82' lang='lat' dir='ltr'><em>anniS,</em></span> 
     </span>
     <span class='ocr_line' id='line_1_22' title="bbox 12 2061 1890 2149; baseline 0.001 -19"><span class='ocrx_word' id='word_1_216' title='bbox 12 2061 19 2079; x_wconf 46' lang='lat'><em>⁴⁷</em></span> <span class='ocrx_word' id='word_1_217' title='bbox 99 2080 277 2130; x_wconf 85' lang='lat' dir='ltr'><em>stante</em></span> <span class='ocrx_word' id='word_1_218' title='bbox 302 2072 604 2146; x_wconf 84' lang='lat' dir='ltr'><em>republica,</em></span> <span class='ocrx_word' id='word_1_219' title='bbox 643 2074 954 2145; x_wconf 86' lang='lat' dir='ltr'><em>scripserat.</em></span> <span class='ocrx_word' id='word_1_220' title='bbox 1000 2090 1068 2127; x_wconf 82' lang='lat' dir='ltr'><em>ix.</em></span> <span class='ocrx_word' id='word_1_221' title='bbox 1115 2091 1160 2127; x_wconf 92' lang='lat' dir='ltr'><em>c.</em></span> <span class='ocrx_word' id='word_1_222' title='bbox 1188 2078 1424 2129; x_wconf 76' lang='lat'><strong>15—17.</strong></span> <span class='ocrx_word' id='word_1_223' title='bbox 1468 2091 1513 2128; x_wconf 90' lang='lat' dir='ltr'><em>c.</em></span> <span class='ocrx_word' id='word_1_224' title='bbox 1550 2077 1638 2129; x_wconf 86' lang='lat'><strong>21.</strong></span> <span class='ocrx_word' id='word_1_225' title='bbox 1672 2078 1742 2130; x_wconf 84' lang='lat'><em>65</em></span> <span class='ocrx_word' id='word_1_226' title='bbox 1772 2092 1890 2149; x_wconf 86' lang='lat' dir='ltr'><em>sqq.</em></span> 
     </span>
    </p>

    <p class='ocr_par' dir='ltr' id='par_1_5' title="bbox 0 2163 1930 2550">
     <span class='ocr_line' id='line_1_23' title="bbox 0 2163 1930 2254; baseline 0.001 -24"><span class='ocrx_word' id='word_1_227' title='bbox 0 2237 18 2254; x_wconf 15' lang='grc' dir='ltr'>Ἡ</span> <span class='ocrx_word' id='word_1_228' title='bbox 41 2163 45 2178; x_wconf 53' lang='lat'><strong>²</strong></span> <span class='ocrx_word' id='word_1_229' title='bbox 176 2174 239 2250; x_wconf 91' lang='lat'><em>(⁷)</em></span> <span class='ocrx_word' id='word_1_230' title='bbox 284 2173 511 2247; x_wconf 85' lang='lat' dir='ltr'><em>Scripsit</em></span> <span class='ocrx_word' id='word_1_231' title='bbox 549 2173 717 2245; x_wconf 82' lang='lat' dir='ltr'><em>igitur</em></span> <span class='ocrx_word' id='word_1_232' title='bbox 756 2173 856 2228; x_wconf 89' lang='lat' dir='ltr'><em>hoe</em></span> <span class='ocrx_word' id='word_1_233' title='bbox 891 2179 1130 2245; x_wconf 85' lang='lat' dir='ltr'><em>tempore</em></span> <span class='ocrx_word' id='word_1_234' title='bbox 1167 2174 1392 2228; x_wconf 78' lang='lat' dir='ltr'><em>Brutum</em></span> <span class='ocrx_word' id='word_1_235' title='bbox 1426 2191 1468 2228; x_wconf 84' lang='lat' dir='ltr'><strong>S.</strong></span> <span class='ocrx_word' id='word_1_236' title='bbox 1498 2174 1563 2230; x_wconf 90' lang='lat' dir='ltr'><em>de</em></span> <span class='ocrx_word' id='word_1_237' title='bbox 1602 2175 1763 2230; x_wconf 88' lang='lat' dir='ltr'><em>claris</em></span> <span class='ocrx_word' id='word_1_238' title='bbox 1804 2176 1930 2232; x_wconf 88' lang='lat' dir='ltr'><em>Ora-</em></span> 
     </span>
     <span class='ocr_line' id='line_1_24' title="bbox 0 2273 1930 2381; baseline -0.001 -47"><span class='ocrx_word' id='word_1_239' title='bbox 0 2286 49 2381; x_wconf 52' lang='grc' dir='ltr'><em>ιῇξ-</em></span> <span class='ocrx_word' id='word_1_240' title='bbox 99 2275 338 2341; x_wconf 84' lang='lat' dir='ltr'><em>toribuS‚</em></span> <span class='ocrx_word' id='word_1_241' title='bbox 390 2275 485 2346; x_wconf 90' lang='lat' dir='ltr'><em>qui</em></span> <span class='ocrx_word' id='word_1_242' title='bbox 526 2279 661 2328; x_wconf 43' lang='lat' dir='ltr'><em>*ante</em></span> <span class='ocrx_word' id='word_1_243' title='bbox 716 2290 869 2328; x_wconf 81' lang='lat' dir='ltr'><em>suam</em></span> <span class='ocrx_word' id='word_1_244' title='bbox 914 2280 1143 2328; x_wconf 84' lang='lat' dir='ltr'><em>aetatem</em></span> <span class='ocrx_word' id='word_1_245' title='bbox 1183 2273 1324 2346; x_wconf 86' lang='lat' dir='ltr'><em>apud</em></span> <span class='ocrx_word' id='word_1_246' title='bbox 1368 2274 1634 2330; x_wconf 86' lang='lat' dir='ltr'><em>Romanos</em></span> <span class='ocrx_word' id='word_1_247' title='bbox 1685 2275 1930 2333; x_wconf 78' lang='lat' dir='ltr'><em>fuissent.</em></span> 
     </span>
     <span class='ocr_line' id='line_1_25' title="bbox 0 2373 1927 2447; baseline -0.002 -12"><span class='ocrx_word' id='word_1_248' title='bbox 0 2374 48 2447; x_wconf 40' lang='grc' dir='ltr'><em>ἶν’,</em></span> <span class='ocrx_word' id='word_1_249' title='bbox 100 2395 170 2435; x_wconf 90' lang='lat' dir='ltr'><strong>1x.</strong></span> <span class='ocrx_word' id='word_1_250' title='bbox 209 2394 254 2431; x_wconf 91' lang='lat' dir='ltr'><em>c.</em></span> <span class='ocrx_word' id='word_1_251' title='bbox 279 2378 367 2430; x_wconf 76' lang='lat'><strong>23.</strong></span> <span class='ocrx_word' id='word_1_252' title='bbox 397 2377 486 2430; x_wconf 88' lang='lat'><em>68.</em></span> <span class='ocrx_word' id='word_1_253' title='bbox 529 2391 576 2429; x_wconf 91' lang='lat' dir='ltr'><em>c.</em></span> <span class='ocrx_word' id='word_1_254' title='bbox 602 2377 690 2429; x_wconf 77' lang='lat'><strong>25.</strong></span> <span class='ocrx_word' id='word_1_255' title='bbox 734 2378 824 2429; x_wconf 72' lang='lat'><strong>75.</strong></span> <span class='ocrx_word' id='word_1_256' title='bbox 916 2374 1085 2441; x_wconf 86' lang='lat' dir='ltr'><em>Quem</em></span> <span class='ocrx_word' id='word_1_257' title='bbox 1122 2373 1320 2429; x_wconf 89' lang='lat' dir='ltr'><em>librum</em></span> <span class='ocrx_word' id='word_1_258' title='bbox 1352 2373 1535 2440; x_wconf 89' lang='lat' dir='ltr'><em>brevi,</em></span> <span class='ocrx_word' id='word_1_259' title='bbox 1589 2384 1649 2431; x_wconf 89' lang='lat' dir='ltr'><em>ut</em></span> <span class='ocrx_word' id='word_1_260' title='bbox 1684 2377 1927 2442; x_wconf 82' lang='lat' dir='ltr'><em>videtur,</em></span> 
     </span>
     <span class='ocr_line' id='line_1_26' title="bbox 0 2467 1928 2550; baseline 0.001 -17"><span class='ocrx_word' id='word_1_261' title='bbox 0 2467 4 2483; x_wconf 75' lang='grc'>’</span> <span class='ocrx_word' id='word_1_262' title='bbox 44 2478 46 2483; x_wconf 80' lang='grc'>’</span> <span class='ocrx_word' id='word_1_263' title='bbox 99 2477 379 2533; x_wconf 87' lang='lat' dir='ltr'><em>interiecto</em></span> <span class='ocrx_word' id='word_1_264' title='bbox 429 2474 623 2547; x_wconf 80' lang='lat' dir='ltr'><em>spatie,</em></span> <span class='ocrx_word' id='word_1_265' title='bbox 676 2480 860 2529; x_wconf 82' lang='lat' dir='ltr'><em>secuta</em></span> <span class='ocrx_word' id='word_1_266' title='bbox 902 2481 1030 2529; x_wconf 92' lang='lat' dir='ltr'><em>sunt</em></span> <span class='ocrx_word' id='word_1_267' title='bbox 1081 2473 1394 2539; x_wconf 80' lang='lat' dir='ltr'><em>Paradooea,</em></span> <span class='ocrx_word' id='word_1_268' title='bbox 1451 2476 1653 2547; x_wconf 81' lang='lat' dir='ltr'><em>scripta</em></span> <span class='ocrx_word' id='word_1_269' title='bbox 1691 2484 1928 2550; x_wconf 86' lang='lat' dir='ltr'><em>tempore</em></span> 
     </span>
    </p>
   </div>
   <div class='ocr_carea' id='block_1_5' title="bbox 97 2574 1716 2643">
    <p class='ocr_par' dir='ltr' id='par_1_6' title="bbox 4 2564 1716 2649">
     <span class='ocr_line' id='line_1_27' title="bbox 97 2574 1716 2643; baseline 0 -11"><span class='ocrx_word' id='word_1_270' title='bbox 97 2594 299 2643; x_wconf 81' lang='lat' dir='ltr'><em>verne,</em></span> <span class='ocrx_word' id='word_1_271' title='bbox 337 2582 462 2632; x_wconf 84' lang='lat' dir='ltr'><em>ante</em></span> <span class='ocrx_word' id='word_1_272' title='bbox 497 2574 738 2631; x_wconf 85' lang='lat' dir='ltr'><em>auditam</em></span> <span class='ocrx_word' id='word_1_273' title='bbox 772 2574 986 2630; x_wconf 86' lang='lat' dir='ltr'><em>Catonis</em></span> <span class='ocrx_word' id='word_1_274' title='bbox 1026 2581 1271 2629; x_wconf 83' lang='lat' dir='ltr'><em>mortem.</em></span> <span class='ocrx_word' id='word_1_275' title='bbox 1314 2593 1383 2629; x_wconf 79' lang='lat' dir='ltr'><em>ix.</em></span> <span class='ocrx_word' id='word_1_276' title='bbox 1421 2593 1467 2629; x_wconf 87' lang='lat' dir='ltr'><em>c.</em></span> <span class='ocrx_word' id='word_1_277' title='bbox 1498 2579 1584 2630; x_wconf 75' lang='lat'><em>22.</em></span> <span class='ocrx_word' id='word_1_278' title='bbox 1627 2580 1716 2632; x_wconf 89' lang='grc'><em>66.</em></span> 
     </span>
    </p>
   </div>
   <div class='ocr_carea' id='block_1_6' title="bbox 8 2674 1930 2970">
    <p class='ocr_par' dir='ltr' id='par_1_7' title="bbox 6 2674 1930 2970">
     <span class='ocr_line' id='line_1_28' title="bbox 27 2674 1929 2738; baseline 0.001 -14"><span class='ocrx_word' id='word_1_279' title='bbox 27 2730 31 2735; x_wconf 52' lang='grc'>,</span> <span class='ocrx_word' id='word_1_280' title='bbox 159 2676 348 2738; x_wconf 76' lang='lat' dir='ltr'><em>Quintil.</em></span> <span class='ocrx_word' id='word_1_281' title='bbox 378 2688 421 2721; x_wconf 83' lang='lat' dir='ltr'><strong>x.</strong></span> <span class='ocrx_word' id='word_1_282' title='bbox 447 2690 483 2720; x_wconf 85' lang='lat' dir='ltr'><em>c.</em></span> <span class='ocrx_word' id='word_1_283' title='bbox 503 2678 543 2720; x_wconf 89' lang='lat'><strong>1.</strong></span> <span class='ocrx_word' id='word_1_284' title='bbox 568 2678 641 2720; x_wconf 83' lang='lat'><strong>38.</strong></span> <span class='ocrx_word' id='word_1_285' title='bbox 676 2677 730 2719; x_wconf 78' lang='lat' dir='ltr'><em>In</em></span> <span class='ocrx_word' id='word_1_286' title='bbox 762 2676 903 2719; x_wconf 81' lang='lat' dir='ltr'><em>Bruto</em></span> <span class='ocrx_word' id='word_1_287' title='bbox 933 2676 992 2718; x_wconf 81' lang='lat' dir='ltr'><strong>M.</strong></span> <span class='ocrx_word' id='word_1_288' title='bbox 1018 2674 1194 2718; x_wconf 85' lang='lat' dir='ltr'><em>Tullius</em></span> <span class='ocrx_word' id='word_1_289' title='bbox 1226 2701 1284 2708; x_wconf 86' lang='lat'>—</span> <span class='ocrx_word' id='word_1_290' title='bbox 1317 2674 1371 2719; x_wconf 82' lang='lat' dir='ltr'><em>de</em></span> <span class='ocrx_word' id='word_1_291' title='bbox 1397 2677 1608 2720; x_wconf 84' lang='lat' dir='ltr'><em>Romanis</em></span> <span class='ocrx_word' id='word_1_292' title='bbox 1629 2685 1804 2723; x_wconf 79' lang='lat' dir='ltr'><em>tantum</em></span> <span class='ocrx_word' id='word_1_293' title='bbox 1829 2696 1929 2725; x_wconf 84' lang='lat' dir='ltr'><em>ora-</em></span> 
     </span>
     <span class='ocr_line' id='line_1_29' title="bbox 55 2751 1927 2815; baseline 0 -12"><span class='ocrx_word' id='word_1_294' title='bbox 55 2776 57 2778; x_wconf 92' lang='lat'>·</span> <span class='ocrx_word' id='word_1_295' title='bbox 100 2756 272 2802; x_wconf 81' lang='lat' dir='ltr'><em>toribus</em></span> <span class='ocrx_word' id='word_1_296' title='bbox 297 2753 520 2815; x_wconf 82' lang='lat' dir='ltr'><em>loquitur,</em></span> <span class='ocrx_word' id='word_1_297' title='bbox 554 2761 598 2798; x_wconf 79' lang='lat' dir='ltr'><em>et</em></span> <span class='ocrx_word' id='word_1_298' title='bbox 620 2760 766 2797; x_wconf 76' lang='lat' dir='ltr'><em>tamen</em></span> <span class='ocrx_word' id='word_1_299' title='bbox 789 2751 841 2796; x_wconf 83' lang='lat' dir='ltr'><em>de</em></span> <span class='ocrx_word' id='word_1_300' title='bbox 868 2751 1068 2796; x_wconf 81' lang='lat' dir='ltr'><em>omnibus</em></span> <span class='ocrx_word' id='word_1_301' title='bbox 1095 2754 1261 2796; x_wconf 83' lang='lat' dir='ltr'><em>aetatis</em></span> <span class='ocrx_word' id='word_1_302' title='bbox 1277 2769 1408 2810; x_wconf 82' lang='lat' dir='ltr'><em>suae,</em></span> <span class='ocrx_word' id='word_1_303' title='bbox 1442 2754 1708 2814; x_wconf 78' lang='lat' dir='ltr'><em>quibuscum</em></span> <span class='ocrx_word' id='word_1_304' title='bbox 1729 2758 1927 2814; x_wconf 71' lang='lat' dir='ltr'><em>vivebat,</em></span> 
     </span>
     <span class='ocr_line' id='line_1_30' title="bbox 53 2820 1929 2894; baseline 0.001 -16"><span class='ocrx_word' id='word_1_305' title='bbox 53 2820 55 2826; x_wconf 37' lang='lat'><strong><em>¹</em></strong></span> <span class='ocrx_word' id='word_1_306' title='bbox 102 2832 300 2894; x_wconf 74' lang='lat' dir='ltr'><em>exceptis</em></span> <span class='ocrx_word' id='word_1_307' title='bbox 342 2832 524 2874; x_wconf 84' lang='lat' dir='ltr'><em>Caesare</em></span> <span class='ocrx_word' id='word_1_308' title='bbox 568 2837 702 2891; x_wconf 85' lang='lat' dir='ltr'><em>atque</em></span> <span class='ocrx_word' id='word_1_309' title='bbox 738 2829 947 2873; x_wconf 85' lang='lat' dir='ltr'><em>Marcello</em></span> <span class='ocrx_word' id='word_1_310' title='bbox 966 2862 979 2883; x_wconf 80' lang='grc'><em>,</em></span> <span class='ocrx_word' id='word_1_311' title='bbox 1029 2829 1259 2873; x_wconf 79' lang='lat' dir='ltr'><em>silentium</em></span> <span class='ocrx_word' id='word_1_312' title='bbox 1303 2831 1407 2890; x_wconf 81' lang='lat' dir='ltr'><em>egit.</em></span> <span class='ocrx_word' id='word_1_313' title='bbox 1484 2831 1646 2892; x_wconf 81' lang='lat' dir='ltr'><em>Dialog.</em></span> <span class='ocrx_word' id='word_1_314' title='bbox 1678 2832 1734 2877; x_wconf 89' lang='lat' dir='ltr'><em>de</em></span> <span class='ocrx_word' id='word_1_315' title='bbox 1759 2837 1929 2881; x_wconf 84' lang='lat' dir='ltr'><em>Orator.</em></span> 
     </span>
     <span class='ocr_line' id='line_1_31' title="bbox 8 2907 1930 2970; baseline -0.001 -13"><span class='ocrx_word' id='word_1_316' title='bbox 8 2918 28 2947; x_wconf 47' lang='grc' dir='ltr'><em>’κ</em></span> <span class='ocrx_word' id='word_1_317' title='bbox 54 2919 59 2970; x_wconf 67' lang='grc' dir='ltr'><strong>ξ</strong></span> <span class='ocrx_word' id='word_1_318' title='bbox 100 2928 136 2957; x_wconf 84' lang='lat' dir='ltr'><em>c.</em></span> <span class='ocrx_word' id='word_1_319' title='bbox 156 2914 230 2955; x_wconf 86' lang='lat'><strong>30.</strong></span> <span class='ocrx_word' id='word_1_320' title='bbox 255 2912 297 2954; x_wconf 79' lang='lat'><strong>2.</strong></span> <span class='ocrx_word' id='word_1_321' title='bbox 330 2909 470 2952; x_wconf 77' lang='lat' dir='ltr'><em>Notus</em></span> <span class='ocrx_word' id='word_1_322' title='bbox 497 2914 564 2951; x_wconf 82' lang='lat' dir='ltr'><em>est</em></span> <span class='ocrx_word' id='word_1_323' title='bbox 586 2907 708 2951; x_wconf 77' lang='lat' dir='ltr'><em>vobis</em></span> <span class='ocrx_word' id='word_1_324' title='bbox 736 2907 891 2968; x_wconf 84' lang='lat' dir='ltr'><em>utique</em></span> <span class='ocrx_word' id='word_1_325' title='bbox 922 2908 1142 2951; x_wconf 78' lang='lat' dir='ltr'><em>Ciceronis</em></span> <span class='ocrx_word' id='word_1_326' title='bbox 1171 2908 1304 2963; x_wconf 81' lang='lat' dir='ltr'><em>liber,</em></span> <span class='ocrx_word' id='word_1_327' title='bbox 1337 2908 1417 2968; x_wconf 84' lang='lat' dir='ltr'><em>qui</em></span> <span class='ocrx_word' id='word_1_328' title='bbox 1443 2910 1616 2952; x_wconf 83' lang='lat' dir='ltr'><em>Brutus</em></span> <span class='ocrx_word' id='word_1_329' title='bbox 1641 2910 1930 2969; x_wconf 76' lang='lat' dir='ltr'><em>inser-ibitur,</em></span> 
     </span>
    </p>
   </div>
   <div class='ocr_carea' id='block_1_7' title="bbox 0 2465 65 3502">
    <p class='ocr_par' dir='ltr' id='par_1_8' title="bbox 0 2465 65 3502">
     <span class='ocr_line' id='line_1_32' title="bbox 0 2465 65 3502; baseline 0 0"><span class='ocrx_word' id='word_1_330' title='bbox 0 2465 65 3502; x_wconf 95' lang='lat' dir='ltr'><em>    </em></span> 
     </span>
    </p>
   </div>
   <div class='ocr_carea' id='block_1_8' title="bbox 31 2985 1930 3199">
    <p class='ocr_par' dir='ltr' id='par_1_9' title="bbox 31 2985 1930 3199">
     <span class='ocr_line' id='line_1_33' title="bbox 31 2985 1930 3060; baseline -0.001 -25"><span class='ocrx_word' id='word_1_331' title='bbox 31 3006 58 3060; x_wconf 58' lang='lat'>1</span> <span class='ocrx_word' id='word_1_332' title='bbox 100 2990 149 3034; x_wconf 77' lang='lat' dir='ltr'><em>iu</em></span> <span class='ocrx_word' id='word_1_333' title='bbox 179 2988 309 3033; x_wconf 79' lang='lat' dir='ltr'><em>cuius</em></span> <span class='ocrx_word' id='word_1_334' title='bbox 332 2993 529 3030; x_wconf 69' lang='lat' dir='ltr'><em>extrema</em></span> <span class='ocrx_word' id='word_1_335' title='bbox 552 2992 710 3045; x_wconf 81' lang='lat' dir='ltr'><em>parte,</em></span> <span class='ocrx_word' id='word_1_336' title='bbox 743 3000 846 3028; x_wconf 85' lang='lat' dir='ltr'><em>nam</em></span> <span class='ocrx_word' id='word_1_337' title='bbox 864 2985 992 3045; x_wconf 82' lang='lat' dir='ltr'><em>prior</em></span> <span class='ocrx_word' id='word_1_338' title='bbox 1017 2986 1464 3029; x_wconf 77' lang='lat' dir='ltr'><em>commemorationem</em></span> <span class='ocrx_word' id='word_1_339' title='bbox 1486 2993 1680 3030; x_wconf 77' lang='lat' dir='ltr'><em>veterum</em></span> <span class='ocrx_word' id='word_1_340' title='bbox 1703 2996 1930 3033; x_wconf 79' lang='lat' dir='ltr'><em>oratorum</em></span> 
     </span>
     <span class='ocr_line' id='line_1_34' title="bbox 104 3062 1930 3125; baseline -0.001 -12.072"><span class='ocrx_word' id='word_1_341' title='bbox 104 3067 261 3123; x_wconf 75' lang='lat' dir='ltr'><em>habet,</em></span> <span class='ocrx_word' id='word_1_342' title='bbox 295 3082 380 3109; x_wconf 77' lang='lat' dir='ltr'><em>sua</em></span> <span class='ocrx_word' id='word_1_343' title='bbox 410 3063 569 3116; x_wconf 81' lang='lat' dir='ltr'><em>initia,</em></span> <span class='ocrx_word' id='word_1_344' title='bbox 603 3078 708 3106; x_wconf 82' lang='lat' dir='ltr'><em>suos</em></span> <span class='ocrx_word' id='word_1_345' title='bbox 736 3062 930 3123; x_wconf 76' lang='lat' dir='ltr'><em>gradus,</em></span> <span class='ocrx_word' id='word_1_346' title='bbox 962 3079 1070 3107; x_wconf 79' lang='lat' dir='ltr'><em>suae</em></span> <span class='ocrx_word' id='word_1_347' title='bbox 1101 3062 1376 3123; x_wconf 81' lang='lat' dir='ltr'><em>eloquentiae</em></span> <span class='ocrx_word' id='word_1_348' title='bbox 1406 3063 1526 3108; x_wconf 82' lang='lat' dir='ltr'><em>velut</em></span> <span class='ocrx_word' id='word_1_349' title='bbox 1558 3065 1793 3125; x_wconf 85' lang='lat' dir='ltr'><em>quamdam</em></span> <span class='ocrx_word' id='word_1_350' title='bbox 1825 3067 1930 3112; x_wconf 81' lang='lat' dir='ltr'><em>edu·</em></span> 
     </span>
     <span class='ocr_line' id='line_1_35' title="bbox 52 3140 610 3199; baseline -0.014 -8"><span class='ocrx_word' id='word_1_351' title='bbox 52 3172 65 3187; x_wconf 50' lang='lat'><em>¹2.</em></span> <span class='ocrx_word' id='word_1_352' title='bbox 103 3146 317 3191; x_wconf 83' lang='lat' dir='ltr'><em>cationem</em></span> <span class='ocrx_word' id='word_1_353' title='bbox 343 3140 500 3199; x_wconf 80' lang='lat' dir='ltr'><em>refert.</em></span> <span class='ocrx_word' id='word_1_354' title='bbox 525 3148 610 3184; x_wconf 87' lang='lat' dir='ltr'><em>cet.</em></span> 
     </span>
    </p>
   </div>
   <div class='ocr_carea' id='block_1_9' title="bbox 44 3227 1931 3414">
    <p class='ocr_par' dir='ltr' id='par_1_10' title="bbox 44 3227 1931 3414">
     <span class='ocr_line' id='line_1_36' title="bbox 181 3227 1930 3307; baseline 0.002 -23"><span class='ocrx_word' id='word_1_355' title='bbox 181 3231 244 3307; x_wconf 76' lang='lat'><em>(⁸)</em></span> <span class='ocrx_word' id='word_1_356' title='bbox 287 3231 586 3300; x_wconf 86' lang='lat' dir='ltr'><em>Totumque</em></span> <span class='ocrx_word' id='word_1_357' title='bbox 621 3244 676 3281; x_wconf 89' lang='lat' dir='ltr'><em>se</em></span> <span class='ocrx_word' id='word_1_358' title='bbox 708 3228 763 3280; x_wconf 92' lang='lat' dir='ltr'><em>in</em></span> <span class='ocrx_word' id='word_1_359' title='bbox 798 3227 1007 3283; x_wconf 84' lang='lat' dir='ltr'><em>litteras</em></span> <span class='ocrx_word' id='word_1_360' title='bbox 1041 3228 1270 3293; x_wconf 83' lang='lat' dir='ltr'><em>abdenS,</em></span> <span class='ocrx_word' id='word_1_361' title='bbox 1310 3228 1498 3283; x_wconf 88' lang='lat' dir='ltr'><em>ludum</em></span> <span class='ocrx_word' id='word_1_362' title='bbox 1537 3232 1691 3302; x_wconf 86' lang='lat' dir='ltr'><em>quasi</em></span> <span class='ocrx_word' id='word_1_363' title='bbox 1733 3231 1930 3288; x_wconf 89' lang='lat' dir='ltr'><em>habere</em></span> 
     </span>
     <span class='ocr_line' id='line_1_37' title="bbox 44 3310 1931 3414; baseline 0.001 -26"><span class='ocrx_word' id='word_1_364' title='bbox 44 3310 68 3414; x_wconf 50' lang='lat' dir='ltr'><em>‘i</em></span> <span class='ocrx_word' id='word_1_365' title='bbox 102 3333 309 3406; x_wconf 87' lang='lat' dir='ltr'><em>eoepit,</em></span> <span class='ocrx_word' id='word_1_366' title='bbox 349 3330 415 3387; x_wconf 87' lang='lat' dir='ltr'><em>ad</em></span> <span class='ocrx_word' id='word_1_367' title='bbox 449 3346 608 3402; x_wconf 80' lang='lat' dir='ltr'><em>quem</em></span> <span class='ocrx_word' id='word_1_368' title='bbox 647 3328 827 3401; x_wconf 84' lang='lat' dir='ltr'><em>plures</em></span> <span class='ocrx_word' id='word_1_369' title='bbox 853 3329 1165 3395; x_wconf 84' lang='lat' dir='ltr'><em>veniebant,</em></span> <span class='ocrx_word' id='word_1_370' title='bbox 1206 3331 1298 3402; x_wconf 89' lang='lat' dir='ltr'><em>qui</em></span> <span class='ocrx_word' id='word_1_371' title='bbox 1334 3329 1525 3386; x_wconf 88' lang='lat' dir='ltr'><em>iisdem</em></span> <span class='ocrx_word' id='word_1_372' title='bbox 1556 3331 1751 3387; x_wconf 88' lang='lat' dir='ltr'><em>studiis</em></span> <span class='ocrx_word' id='word_1_373' title='bbox 1786 3340 1931 3390; x_wconf 88' lang='lat' dir='ltr'><em>tene·</em></span> 
     </span>
    </p>
   </div>
   <div class='ocr_carea' id='block_1_10' title="bbox 56 3419 1932 3585">
    <p class='ocr_par' dir='ltr' id='par_1_11' title="bbox 50 3419 1932 3585">
     <span class='ocr_line' id='line_1_38' title="bbox 56 3419 1258 3502; baseline -0.005 -11.03"><span class='ocrx_word' id='word_1_374' title='bbox 56 3419 67 3459; x_wconf 83' lang='lat'>¹</span> <span class='ocrx_word' id='word_1_375' title='bbox 101 3439 306 3491; x_wconf 83' lang='lat' dir='ltr'><em>rentur.</em></span> <span class='ocrx_word' id='word_1_376' title='bbox 348 3434 612 3487; x_wconf 78' lang='lat' dir='ltr'><strong>1x.c.⁶.&gt;.4.</strong></span> <span class='ocrx_word' id='word_1_377' title='bbox 650 3434 713 3484; x_wconf 87' lang='lat'><em>71</em></span> <span class='ocrx_word' id='word_1_378' title='bbox 741 3447 819 3502; x_wconf 88' lang='lat' dir='ltr'><em>sq.</em></span> <span class='ocrx_word' id='word_1_379' title='bbox 869 3449 922 3489; x_wconf 86' lang='lat' dir='ltr'><strong>x.</strong></span> <span class='ocrx_word' id='word_1_380' title='bbox 958 3449 1004 3486; x_wconf 80' lang='lat' dir='ltr'><em>c.</em></span> <span class='ocrx_word' id='word_1_381' title='bbox 1046 3435 1132 3486; x_wconf 84' lang='lat'><strong>18.</strong></span> <span class='ocrx_word' id='word_1_382' title='bbox 1171 3435 1258 3485; x_wconf 88' lang='lat'><em>49.</em></span> 
     </span>
     <span class='ocr_line' id='line_1_39' title="bbox 63 3518 1932 3585; baseline -0.001 -14"><span class='ocrx_word' id='word_1_383' title='bbox 63 3518 65 3523; x_wconf 37' lang='lat'>⁸</span> <span class='ocrx_word' id='word_1_384' title='bbox 161 3529 335 3572; x_wconf 84' lang='lat' dir='ltr'><em>Sueton.</em></span> <span class='ocrx_word' id='word_1_385' title='bbox 361 3523 414 3569; x_wconf 88' lang='lat' dir='ltr'><em>de</em></span> <span class='ocrx_word' id='word_1_386' title='bbox 453 3522 513 3569; x_wconf 89' lang='lat' dir='ltr'><em>Cl.</em></span> <span class='ocrx_word' id='word_1_387' title='bbox 548 3520 674 3566; x_wconf 79' lang='lat' dir='ltr'><em>Rhet.</em></span> <span class='ocrx_word' id='word_1_388' title='bbox 705 3537 740 3567; x_wconf 88' lang='lat' dir='ltr'><em>c.</em></span> <span class='ocrx_word' id='word_1_389' title='bbox 762 3525 802 3566; x_wconf 81' lang='lat'><strong>1.</strong></span> <span class='ocrx_word' id='word_1_390' title='bbox 857 3523 1002 3568; x_wconf 85' lang='lat' dir='ltr'><em>Cicero</em></span> <span class='ocrx_word' id='word_1_391' title='bbox 1035 3522 1096 3567; x_wconf 80' lang='lat' dir='ltr'><em>ad</em></span> <span class='ocrx_word' id='word_1_392' title='bbox 1117 3531 1377 3583; x_wconf 80' lang='lat' dir='ltr'><em>praeturam</em></span> <span class='ocrx_word' id='word_1_393' title='bbox 1411 3539 1550 3585; x_wconf 84' lang='lat' dir='ltr'><em>usque</em></span> <span class='ocrx_word' id='word_1_394' title='bbox 1592 3527 1755 3571; x_wconf 86' lang='lat' dir='ltr'><em>Graece</em></span> <span class='ocrx_word' id='word_1_395' title='bbox 1788 3524 1932 3570; x_wconf 83' lang='lat' dir='ltr'><em>decla-</em></span> 
     </span>
    </p>
   </div>
   <div class='ocr_carea' id='block_1_11' title="bbox 9 3554 1580 3658">
    <p class='ocr_par' dir='ltr' id='par_1_12' title="bbox 9 3554 1580 3658">
     <span class='ocr_line' id='line_1_40' title="bbox 9 3554 1580 3658; baseline -0.001 -7"><span class='ocrx_word' id='word_1_396' title='bbox 9 3554 13 3658; x_wconf 62' lang='grc' dir='ltr'>ἶ</span> <span class='ocrx_word' id='word_1_397' title='bbox 81 3589 98 3599; x_wconf 87' lang='grc'>”</span> <span class='ocrx_word' id='word_1_398' title='bbox 1477 3604 1580 3650; x_wconf 69' lang='lat'><em>64*</em></span> 
     </span>
    </p>
   </div>
   <div class='ocr_carea' id='block_1_12' title="bbox 12 3777 14 3827">
    <p class='ocr_par' dir='ltr' id='par_1_13' title="bbox 12 3777 14 3827">
     <span class='ocr_line' id='line_1_41' title="bbox 12 3777 14 3827; baseline 0 0"><span class='ocrx_word' id='word_1_399' title='bbox 12 3777 14 3827; x_wconf 62' lang='grc' dir='ltr'><em>ἶ</em></span> 
     </span>
    </p>
   </div>
  </div>
 </body>
</html>
