2150 3990
144 240 249 289 268
757 249 967 288 61611110
1006 249 1075 285 m:
1117 248 1253 285 viu
1294 248 1396 286 SUA

129 385 313 440 eodem
353 384 438 439 die
476 391 596 456 post
636 384 916 440 meridiem
969 383 1299 436 Vatinium
1340 378 1568 435 defendi.
1649 380 1835 447 Quod¹
1887 390 1946 438 ut

125 483 386 548 facerem,
428 485 666 556 primum
694 484 899 538 reditus
921 485 1298 537 intercesserat
1331 482 1387 534 in
1409 480 1638 551 gratiam
1670 497 1766 552 per
1798 481 1947 536 Pom-

124 585 336 655 peium,
377 585 561 639 statim
594 590 656 639 ut
695 584 782 638 1116
814 590 1028 655 praetor
1060 589 1142 638 est
1169 581 1367 646 factuS,
1408 597 1576 653 quum
1610 580 1826 652 quidem
1855 598 1951 652 ego

127 685 244 739 eius
294 686 606 758 petitionem
646 685 978 756 gravissimis
1012 685 1067 737 in
1106 690 1297 738 senatu
1336 683 1618 738 sententiis
1656 698 1951 753 oppugnas-

128 800 276 850 sem,
335 802 508 857 neque
548 792 659 839 tam
699 783 845 837 illius
883 782 1127 837 laedendi
1167 799 1392 848 caussa,
1433 798 1597 854 quam
1637 779 1953 835 defendendi

125 891 286 956 atque
325 884 551 938 ornandi
590 883 830 937 Catonis:
871 888 991 952 post
1030 887 1212 935 autem
1251 881 1492 936 Caesaris
1512 923 1527 946 ,
1579 887 1640 935 ut
1673 881 1825 935 illum
1866 880 1951 934 de-

127 983 399 1038 fenderem
422 1024 437 1046 ,
491 982 631 1035 mira
672 980 944 1034 contentio
982 985 1064 1034 est
1103 986 1408 1034 consecuta.
1500 983 1588 1034 65.
1632 979 1736 1034 Sed
1776 985 1954 1034 tamen

126 1081 444 1137 defendendi
490 1081 693 1135 Vatinii
727 1079 831 1134 fuit
869 1081 1033 1134 etiam
1074 1080 1162 1135 ille
1202 1079 1492 1145 stimuluS,
1532 1054 1598 1135 db
1637 1096 1741 1151 quo
1781 1079 1835 1133 in
1876 1078 1954 1133 iu-

125 1182 293 1247 dicio,
346 1196 515 1253 quum
555 1180 708 1234 illum
751 1178 1122 1245 defenderem,
1175 1179 1286 1234 dixi
1326 1197 1414 1235 me
1451 1179 1627 1235 facere
1666 1178 1953 1251 quiddam,

127 1281 267 1354 quod
308 1281 364 1334 in
401 1279 666 1335 Eunucho
704 1281 977 1352 parasitus
1010 1280 1260 1335 suaderet
1293 1279 1487 1334 militi:

290 1380 389 1435 Ubi
427 1380 714 1434 nominabit
751 1379 1072 1434 Phaedriam
1092 1423 1106 1445 ,
1147 1389 1203 1435 tu
1242 1379 1583 1452 Pamphilam

282 1482 534 1537 continuo.
616 1480 674 1534 Si
712 1481 917 1552 quaudo
949 1480 1047 1534 illa
1085 1481 1219 1535 dicet
1242 1501 1259 1534 :
1301 1479 1627 1534 Phaedriam

279 1582 685 1636 intromittamus
717 1581 1049 1634 comissatum
1072 1601 1089 1634 .·
1130 1579 1470 1651 Pamphilam

281 1689 544 1735 cantatum
573 1697 912 1750 provocemus
930 1700 946 1732 :
988 1681 1035 1734 si
1074 1679 1308 1734 laudabit
1346 1679 1472 1735 haec

278 1782 427 1835 illius
465 1784 695 1854 formam
711 1801 728 1842 ,·
770 1789 826 1834 tu
858 1780 1013 1834 huius
1045 1789 1239 1838 contra.
1317 1780 1553 1853 Denique

280 1890 336 1935 tu
366 1899 472 1951 par
495 1882 621 1951 pari
651 1883 844 1954 referto
858 1923 873 1945 ,
914 1881 1051 1953 quod
1087 1899 1203 1936 eam
1239 1881 1489 1937 mordeat.

130 1982 220 2038 Sic
257 1981 423 2054 petivi
456 1997 488 2035 a
527 1979 826 2045 iudicibuS,
867 1987 960 2046 ut,
1000 1981 1256 2053 quoniam
1295 1980 1517 2053 quidam
1557 1980 1760 2036 nobiles
1793 1981 1956 2036 homi·

131 2100 226 2138 nes
253 2089 308 2138 et
340 2082 406 2137 de
426 2099 511 2136 me
539 2083 740 2153 optime
773 2082 968 2136 meriti*
989 2083 1153 2137 nimis
1172 2089 1419 2138 amarent
1439 2083 1723 2138 inimicum
1751 2098 1961 2146 meum,

129 2200 323 2255 meque
362 2183 696 2255 inspectante
730 2199 886 2255 saepe
919 2199 1045 2238 eum
1084 2183 1141 2238 in
1175 2189 1366 2239 senatu
1398 2182 1556 2238 modo
1594 2199 1777 2238 severe
1809 2180 1962 2238 sedu-

129 2288 314 2337 cerent
335 2324 350 2347 ,
421 2282 578 2343 modo
637 2282 978 2338 familiariter
1035 2289 1196 2356 atque
1253 2282 1426 2339 hilare
1482 2283 1964 2356 amplexarentur;

130 2383 491 2454 quoniamque
525 2382 604 2436 illi
643 2381 903 2438 haberent
942 2399 1103 2438 suum
1141 2383 1422 2450 Publium,
1462 2383 1654 2440 darent
1685 2383 1821 2438 mihi
1862 2383 1962 2455 ipsi

130 2482 297 2537 alium
319 2482 595 2547 Publium,
640 2483 697 2536 in
730 2499 835 2554 quo
867 2499 1078 2554 possem
1102 2483 1318 2538 illorum
1350 2485 1587 2550 animos,
1620 2483 1965 2540 mediocriter

130 2582 437 2647 lacessitUS,
476 2581 666 2636 leviter
704 2597 1020 2653 repungere.
1081 2580 1263 2654 Neque
1290 2581 1627 2655 solumgdixi,
1667 2582 1759 2639 sed
1799 2585 1962 2639 etiam

133 2699 290 2755 saepe
328 2681 429 2737 feci
452 2725 466 2747 ,
506 2682 612 2737 diis
645 2681 1059 2754 hominibusque
1098 2681 1532 2754 approbantibus

211 2782 383 2839 Habes
416 2783 482 2838 de
520 2783 736 2838 Vatinio
757 2825 771 2848 ,
813 2799 1073 2855 cognosce
1105 2782 1170 2838 de
1209 2782 1412 2839 Crasso.

210 2986 422 3042 XXVII.
504 2989 593 3040 66.
634 2986 782 3057 Ego,
822 3002 991 3058 quum
1032 2986 1165 3041 mihi
1204 3003 1330 3042 cum
1363 2986 1593 3041 Crasso
1631 3002 1826 3057 magna
1859 2988 1964 3042 iam

138 3088 313 3159 gratia
364 3092 505 3142 esset
525 3128 539 3151 ,
593 3086 736 3158 quod
774 3086 891 3142 eius
929 3103 1114 3142 omnes
1159 3088 1508 3160 gravissimas
1547 3087 1774 3142 iniurias
1825 3103 1965 3142 com-

137 3188 318 3243 munis
349 3186 665 3242 concordiae
703 3204 893 3266 caussa
933 3187 1235 3243 voluntaria
1276 3188 1508 3262 quadam
1548 3187 1809 3243 oblivione
1843 3204 1964 3242 con·

139 3290 425 3353 triveram,
467 3287 801 3359 repentinam
837 3287 953 3343 eius
991 3287 1353 3345 defensionem
1387 3288 1629 3354 Gabinii,
1664 3304 1822 3361 quem
1851 3305 1965 3362 pro-

195 3522 244 3592 f)
276 3518 406 3578 Epist.
438 3515 490 3562 ad
526 3520 564 3561 P.
603 3519 839 3564 Lentulum
867 3517 939 3578 (ad
967 3522 1084 3564 Fam.
1112 3524 1143 3564 1.
1174 3523 1215 3565 9.
1256 3522 1278 3576 ς)
1305 3522 1394 3578 19.)
