2210 3970
845 286 1050 326 Ausus
1102 287 1147 325 υ.
1207 287 1250 326 c,
1311 271 1437 327 698.
1627 281 1633 287 ·
1868 272 1976 321 697

141 454 150 480 τ
182 471 187 480 ⁴
213 415 296 463 eie.
315 416 362 462 in
379 415 522 463 Vatin.
550 432 587 463 e.
606 420 647 464 4.
683 420 752 464 10.
791 418 854 462 De
881 424 925 463 te
947 424 1096 462 autem
1129 416 1323 462 homines
1350 413 1463 477 quid
1484 415 1679 459 sentiant
1697 445 1711 467 ‚
1742 414 1790 458 in
1817 413 1975 458 honore

141 495 324 556 „experti
353 511 539 553 sumus,
579 497 628 541 in
660 495 807 541 salute
839 503 1157 557 exspectamus.
1236 494 1288 539 nd
1323 511 1363 557 q.
1396 494 1426 539 l.
1458 492 1625 538 Scholia
1660 491 1760 537 Bob.
1799 508 1837 554 p.
1867 495 1972 537 316.

138 556 264 624 :Huic
294 573 472 619 Vatinio
489 573 653 631 (Cicero
680 574 809 633 dicit)
842 582 886 619 et
911 574 1112 619 honorem
1144 580 1410 634 quaesturae
1433 577 1542 632 post
1568 585 1713 614 omnes
1738 569 1973 613 novissimo

146 641 239 695 loeo
267 649 445 708 datum,
476 658 521 696 et
536 650 680 696 adhuc
697 651 996 697 damnationis
1013 652 1109 696 eius
1125 651 1558 710 nutarefortunam3
1585 665 1687 692 nam
1703 662 1805 691 reus
1819 654 1975 707 postu·

140 725 279 796 latus·
302 736 399 774 erat
429 736 685 774 accusatore
721 730 764 774 G.
784 730 956 774 Licinio
993 726 1135 774 Calvo.
1200 725 1317 773 Conf.
1336 731 1490 790 Meyer.
1517 729 1639 771 Orat.
1662 728 1785 770 Rom.
1803 728 1973 785 Fragm.

139 818 188 873 ¹(2.
221 809 263 853 1.
290 823 331 871 p.
346 810 449 854 475.

137 940 140 946 ·
227 907 288 983 (⁸)
332 910 393 966 A.
431 909 481 965 d.
519 929 594 966 111.
638 910 713 964 Id.
761 910 915 965 Febr.
955 911 1048 983 [ε.-
1087 914 1146 964 11
1181 908 1335 964 Febr.
1375 911 1484 963 698
1523 927 1599 961 =
1638 909 1673 961 9
1709 903 1862 960 Febr.
1905 905 1975 958 56

145 1024 194 1065 a.
227 1008 307 1084 C.]
348 1007 413 1066 L.
442 1008 751 1083 Calpurnius
771 1010 977 1074 Bestia,
1022 1006 1327 1065 deambitu
1367 1006 1701 1082 postulatus,
1740 1002 1974 1078 defendi·

145 1110 307 1166 tur‘a
335 1108 600 1166 Cicerone.
645 1129 712 1166 vi.
756 1128 801 1166 c.
827 1115 914 1166 21.
955 1116 1042 1166 51.

209 1210 296 1256 Cic.
324 1210 433 1256 Phil.
457 1224 519 1255 xl.
554 1227 589 1256 c.
610 1216 650 1255 5.
687 1215 758 1256 11.
795 1211 916 1270 Quid
946 1213 1184 1256 Bestiam?
1228 1211 1308 1273 qui
1349 1226 1397 1255 se
1433 1209 1712 1255 consulatum
1748 1209 1797 1252 in
1841 1206 1977 1251 Bruti

133 1287 288 1339 ,locum
310 1296 464 1351 petere
507 1289 767 1350 profitetur.
801 1316 861 1324 —·
894 1291 952 1335 At
985 1290 1086 1344 liic,
1133 1304 1200 1332 me
1240 1285 1534 1344 defendente,
1576 1286 1814 1351 quinquies
1846 1285 1972 1329 abso-

146 1365 272 1413 lutus
298 1372 377 1412 est.

134 1540 141 1548 ὗ
224 1468 292 1548 (⁷)
331 1469 506 1538 Quum
529 1486 669 1525 anno
696 1470 970 1542 superiore
996 1468 1240 1541 prodigia
1273 1470 1329 1524 in
1356 1485 1485 1540 agro
1510 1466 1805 1523 Latiniensi
1837 1464 1978 1521 sacta

86 1644 99 1655 .
143 1577 322 1628 essent
351 1577 404 1627 et
426 1570 739 1644 haruspices
779 1587 946 1642 quum
977 1568 1108 1625 alias
1149 1586 1401 1635 caussae,
1439 1576 1555 1624 tum
1594 1568 1731 1624 hane
1767 1566 1979 1623 attulis-

147 1681 294 1736 sent,
325 1670 467 1743 quod
489 1670 604 1726 loca
635 1687 787 1726 sacra
806 1687 901 1743 pro
924 1669 1158 1742 profanis
1179 1670 1531 1732 haberentur3
1558 1668 1772 1724 Clodius
1792 1667 1980 1723 aedilis

145 1774 205 1828 in¹
253 1771 507 1828 concione
561 1770 727 1836 dixit,
782 1770 1000 1826 domum
1054 1771 1325 1827 Ciceronis
1365 1772 1529 1827 etiam
1570 1771 1712 1825 inter
1757 1786 1819 1824 ea
1863 1769 1979 1823 loca

145 1889 297 1939 esse,
337 1886 474 1946 quae
525 1878 833 1927 consecrata
876 1871 1097 1945 profana
1138 1872 1481 1928 haberentur.
1561 1871 1747 1945 Itaque
1789 1870 1980 1944 postri-

145 1973 234 2031 die
261 1972 445 2033 Cicero
486 1957 774 2029 defendens
821 1990 876 2028 se
916 1974 971 2028 in
1012 1981 1235 2040 senatu,
1275 1974 1370 2046 qui
1405 1990 1468 2029 ex
1510 1972 1856 2044 haruspicum
1898 1988 1979 2026 re-

145 2091 339 2148 sponso
367 2074 707 2139 decreverat,
760 2080 821 2129 ut
855 2074 922 2129 de
959 2074 1090 2130 locis
1130 2076 1300 2131 sacris
1336 2082 1391 2130 et
1427 2074 1693 2145 religiosis
1735 2072 1981 2127 consules

148 2174 217 2232 ad
251 2180 497 2232 senatum
537 2172 829 2239 referrent,
871 2173 1179 2231 Orationem
1220 2174 1409 2230 habuit
1442 2175 1506 2229 de
1527 2163 1860 2247 haruspicum
1898 2191 1977 2229 re·

147 2275 366 2349 sponsis.

52 2435 54 2437 ,
210 2376 295 2422 Cic.
329 2375 383 2422 de
408 2379 512 2421 Her.
541 2391 650 2437 resp.
680 2391 715 2421 c.
747 2379 788 2422 1.
826 2381 863 2422 1.
916 2379 1128 2422 Hesterno
1155 2376 1257 2433 die,
1306 2378 1361 2423 P.
1393 2378 1452 2433 0.,
1484 2394 1621 2438 quum
1657 2394 1725 2421 me
1757 2385 1802 2422 et
1830 2384 1979 2421 vestra

56 2494 62 2515 <
133 2453 348 2520 ‚dignitas
379 2460 423 2499 et
445 2453 713 2516 frequentia
748 2455 948 2516 equitum
981 2456 1300 2510 Romanorum,
1342 2455 1504 2516 quibus
1536 2464 1719 2500 senatus
1754 2455 1975 2505 dabatur,

56 2546 62 2561 ⁸
132 2548 310 2595 ,Μαρια
347 2548 474 2594 opere
506 2540 761 2579 commosset
778 2565 792 2589 ,
829 2533 992 2594 putavi
1021 2532 1132 2576 milei
1163 2531 1483 2594 reprimendam
1515 2548 1610 2578 esse
1642 2535 1695 2579 P.
1728 2532 1872 2577 Clodii
1898 2533 1980 2576 im-

139 2611 353 2675 pudicam
378 2612 711 2675 impudentiam.
745 2637 803 2645 —
838 2627 873 2656 c.
904 2614 943 2656 4.
977 2613 1016 2655 8.
1050 2611 1189 2671 Atqui
1207 2610 1368 2671 paullo
1393 2618 1497 2655 ante
1514 2647 1526 2666 ‚
1563 2614 1614 2656 P.
1636 2614 1696 2665 C.,
1729 2612 1975 2656 concionem

24 2684 72 2747 Ἀἵ
147 2690 326 2747 babuit,
357 2706 470 2752 quae
497 2698 565 2736 est
596 2690 658 2736 ad
686 2706 752 2734 me
779 2695 875 2734 tota
902 2686 1064 2732 delata.
1098 2714 1158 2722 —-
1189 2703 1224 2734 c.
1243 2693 1284 2733 5.
1312 2692 1352 2734 8.
1387 2690 1452 2732 De
1476 2689 1799 2750 religionibus,
1832 2691 1976 2733 saeris

147 2776 192 2815 et
218 2768 500 2815 caerimoniis
531 2776 599 2813 est
625 2767 909 2812 concionatus
942 2767 993 2810 P.
1028 2765 1236 2811 Clodius:
1269 2767 1319 2811 P.
1348 2767 1531 2826 inquam
1566 2766 1746 2810 Clodius
1777 2782 1907 2811 sacra
1931 2775 1976 2811 et

58 2827 64 2874 Ἰ·
147 2845 386 2908 religiones
415 2846 589 2908 negliqi
604 2878 618 2902 ,
666 2844 858 2900 violari,
898 2843 1051 2904 pollui
1082 2852 1265 2904 questus
1293 2851 1374 2890 est.
1405 2869 1465 2878 —
1498 2860 1533 2890 c.
1553 2850 1595 2888 5.
1625 2847 1668 2888 9.
1700 2846 1974 2905 Responsum

28 2958 42 2970 ,
64 2970 67 2971 ⁷
151 2924 436 2987 haruspicum
467 2923 546 2968 ltoc
587 2937 736 2967 recens
769 2921 821 2965 de
847 2919 1045 2979 fremitu
1082 2920 1131 2964 in
1167 2922 1369 2966 concione
1405 2922 1635 2976 recitavit,
1675 2922 1723 2965 iu
1754 2938 1841 2982 quo
1873 2939 1973 2967 eum

28 2979 70 3046 ῘῙ
137 2999 260 3067 *aliis
283 3001 444 3051 multis
469 3000 691 3061 scriptum
719 2998 854 3042 etiam
886 2997 1006 3042 illud
1031 3006 1099 3042 est
1139 2999 1254 3044 loca
1282 3016 1439 3044 sacra
1469 3008 1519 3045 et
1550 2999 1818 3060 religiosa
1853 3016 1975 3060 pro·

51 3076 70 3131 ἦ(
139 3079 284 3139 fana
313 3079 439 3124 liobe
450 3079 512 3124 ri.
574 3075 630 3120 In
661 3091 712 3119 ea
738 3091 899 3120 caussa
925 3091 1019 3120 esse
1046 3076 1165 3122 dixit
1186 3077 1359 3123 domum
1379 3095 1544 3134 meam,
1579 3095 1608 3121 a
1635 3077 1974 3138 religiosissimo

60 3182 62 3190 ν
148 3155 399 3212 sacerdote,
444 3157 497 3200 P.
525 3153 675 3198 Clodio
695 3189 708 3212 ‚
741 3163 1049 3199 consecratam.
1084 3182 1142 3189 —-
1175 3171 1213 3200 c.
1243 3160 1314 3200 10.
1345 3158 1418 3200 20.
1456 3157 1627 3214 Quare,
1675 3175 1728 3202 ne
1751 3158 1893 3219 plura
1920 3159 1973 3204 de

60 3231 65 3238 ⁷
150 3249 198 3281 re
218 3234 398 3280 minime
425 3233 581 3295 loquar
601 3231 760 3286 dubia,
792 3232 994 3290 adhibete
1017 3234 1210 3291 animos,
1238 3241 1281 3278 et
1298 3242 1462 3278 mentes
1488 3243 1681 3287 vestras,
1716 3251 1802 3280 non
1827 3237 1973 3282 solum

61 3347 65 3350 -
149 3329 306 3370 aures,
342 3313 405 3358 ad
434 3312 721 3372 haruspicum
753 3326 896 3355 vocem
937 3311 1184 3356 admovete:
1224 3311 1365 3373 quod
1403 3313 1458 3356 in
1497 3329 1624 3374 agro
1662 3315 1978 3360 Latiniensi

132 3383 380 3456 ''auditus
412 3400 487 3437 est
519 3390 800 3451 strepitus
824 3407 938 3434 cum
960 3389 1215 3450 fremitu.
1241 3396 1327 3432 cet.
1389 3389 1466 3433 Dio
1483 3405 1640 3437 xxxix.
1667 3396 1855 3438 c.20.1.
1889 3401 1980 3440 Tc..

71 3497 74 3499 *
150 3462 302 3532 ρᾶτων
342 3469 396 3518 τέ
429 3487 575 3518 τινων
607 3468 658 3514 ἐν
695 3471 854 3531 τούτῳ
898 3467 1158 3534 γενομένων
1198 3467 1271 3525 (ἔν
1305 3486 1355 3514 τε
1388 3471 1476 3532 γάρ
1510 3471 1572 3532 τῷ
1605 3472 1829 3535 Ἀλβανῷ
1853 3471 1977 3527 ’νεὼς

134 3554 325 3614 e'HQae,
352 3550 537 3613 βραχύς
585 3549 666 3596 ἐπὶ
713 3549 942 3612 τραπέζης
976 3547 1108 3600 τινὸς
1135 3548 1254 3609 πρὸς
1298 3548 1542 3607 ἀνατολῶν
1576 3551 1827 3612 ἱδρυμένος
1858 3553 1976 3616 πρὸς

1605 3631 1664 3678 56
