2150 3990
234 244 338 293 228
847 253 1054 290 cicuuo
1095 254 1162 289 nu
1204 253 1339 289 νιΤΑ
1380 252 1482 290 sua

234 391 362 444 dum
401 390 468 443 iis
489 430 503 452 ,
544 389 636 458 qui
675 386 740 441 de
767 403 854 441 me
886 394 1012 442 sunt
1044 387 1243 458 optime
1275 387 1485 450 meriti,
1525 387 1755 456 gratiam
1788 386 2042 456 referam,

231 506 392 560 quam
413 530 427 552 ,
467 486 915 558 quemadmodum
951 487 1293 540 inimicorum
1321 485 1548 539 iniurias
1567 484 2042 558 crudelitatemque

227 603 532 660 persequar.
610 587 823 641 Etenim
864 586 1199 640 ulciscendae
1240 586 1468 640 iniuriae
1507 583 1713 639 facilior
1750 587 1888 639 ratio
1932 593 2042 650 est,

226 704 388 759 quam
419 686 663 742 beneficii
682 685 1091 750 remunerandi,
1118 692 1397 757 propterea
1416 686 1556 757 quod
1577 686 1905 757 superiorem
1928 703 2043 741 esse

224 795 410 844 contra
442 787 708 860 improbos
747 788 928 841 minus
961 793 1042 840 est
1081 786 1306 855 negotii,
1345 803 1507 858 quam
1541 787 1695 842 bonis
1727 787 2040 859 exaequari:

223 898 339 944 tum
373 890 536 944 etiam
580 904 646 940 ne
678 893 792 940 tam
826 886 1188 940 necessarium
1221 885 1438 956 quidem
1470 893 1576 952 est,
1624 886 1762 942 male
1802 888 2039 951 meritiS,

222 1005 381 1063 quam
421 988 619 1058 optime
659 986 869 1040 meritis
908 983 1153 1060 referre,
1182 983 1321 1055 quod
1361 983 1564 1040 debeas.

290 1189 450 1245 XXX.
533 1193 617 1244 76.
661 1190 774 1244 De1
822 1206 907 1245 me
952 1194 1170 1244 senatus
1216 1189 1292 1242 ita
1337 1187 1603 1252 decrevit,
1655 1186 1747 1241 Cn.
1790 1187 2039 1259 Pompeio

215 1297 431 1345 auctore
459 1297 513 1346 et
541 1292 657 1346 eius
697 1290 994 1345 sententiae
1027 1290 1292 1361 principe,
1334 1295 1430 1353 ut,
1464 1289 1517 1342 si
1558 1288 1704 1359 quis
1742 1288 2042 1360 impedis·

213 1399 309 1446 set
348 1392 630 1447 reditum
663 1408 896 1455 meum,
936 1391 1001 1444 in
1040 1389 1322 1444 hostium
1360 1405 1623 1444 numero
1654 1394 2034 1461 putaretur:

210 1492 384 1564 iisque
420 1491 597 1547 verbis
629 1508 691 1546 ea
718 1491 784 1545 de
817 1507 904 1545 me
942 1495 1160 1544 senatus
1193 1489 1488 1543 auctoritas
1519 1487 1789 1543 declarata
1825 1493 1936 1553 est,
1975 1494 2039 1543 ut

209 1593 413 1646 nemini
471 1592 543 1645 sit
599 1588 910 1660 triumphus
962 1588 1402 1642 honorificentius
1415 1630 1449 1671 ‚·
1490 1601 1652 1659 quam
1702 1586 1839 1641 mihi
1890 1586 2036 1642 salus

209 1692 587 1762 restitutioque
625 1690 941 1762 perscripta.
1021 1688 1096 1743 De
1133 1705 1222 1742 me
1259 1705 1428 1760 quum
1463 1704 1649 1743 omnes
1687 1688 2039 1759 magistratus

208 1791 667 1863 promulgassent,
719 1794 934 1861 praeter
983 1805 1155 1843 unum
1193 1795 1525 1861 praetorem,
1570 1806 1603 1844 a
1646 1806 1751 1862 quo
1789 1806 1895 1844 non
1934 1788 2039 1844 fuit

126 1871 130 1875 ’
206 1891 616 1963 postulandum,
655 1889 879 1946 fratrem
919 1890 1128 1944 inimici
1167 1890 1304 1955 mei,
1335 1896 1654 1962 praeterque
1691 1891 1824 1946 duos
1857 1891 1923 1946 de
1960 1890 2033 1946 la-

207 1991 330 2064 pide
361 1998 568 2064 emptos
593 1990 840 2045 tribunos
866 1990 1062 2062 plebis,
1093 1990 1267 2062 legem
1298 1991 1532 2046 comitiis
1558 1992 1874 2046 centuriatis
1907 1991 2034 2047 tulit

206 2093 263 2147 P.
302 2092 562 2147 Lentulus
602 2091 789 2146 consul
828 2091 893 2145 de
931 2091 1162 2162 collegae
1201 2092 1262 2159 Q.
1295 2091 1493 2146 Metelli
1531 2094 1830 2147 sententia:
1872 2111 2033 2165 quem

206 2209 420 2248 mecum
473 2192 657 2248 eadem
696 2191 998 2264 respublica
1017 2234 1033 2257 ,
1085 2208 1222 2263 quae
1261 2193 1317 2246 in
1357 2193 1638 2248 tribunatu
1673 2194 1790 2248 eius
1830 2194 2031 2250 disiun-

204 2298 386 2359 xerat,
419 2293 475 2346 in
509 2292 794 2347 consulatu
823 2293 1026 2348 virtute
1059 2293 1250 2364 optimi
1282 2309 1344 2348 ac
1377 2293 1663 2348 iustissimi
1690 2295 1795 2348 viri
1826 2296 2030 2367 sapien·

203 2395 385 2465 tiaque
416 2394 712 2448 coniunxit.
793 2393 907 2460 Quo
927 2399 949 2430 2
982 2392 1246 2449 referente
1273 2395 1472 2467 optimo
1505 2401 1559 2450 et
1592 2394 1890 2451 clarissimo
1915 2397 2031 2451 viro

201 2492 442 2557 consule,
476 2494 532 2546 in
564 2498 913 2547 monumento
941 2492 1096 2547 Marii
1127 2493 1192 2548 de
1211 2511 1330 2549 meo
1350 2495 1530 2551 reditu
1561 2496 2027 2568 magnificentissi-

202 2611 353 2650 mum
392 2592 918 2648 senatusconsultum
951 2590 1155 2646 factum
1194 2599 1304 2658 est,
1349 2600 1496 2665 quo3
1536 2611 1669 2650 mea
1700 2596 1875 2650 salus
1908 2614 2026 2652 om-

202 2693 388 2749 nibus
408 2699 503 2748 est
530 2692 832 2764 gentibus
858 2693 1313 2759 commendata,
1335 2700 1540 2765 quum4
1560 2696 1616 2748 in
1637 2695 1834 2767 templo
1854 2696 2025 2752 Hono-

199 2795 532 2859 ris-Virtutis
552 2793 718 2848 honos
738 2793 1028 2848 haberetur
1051 2794 1270 2859 virtuti,
1291 2793 1508 2865 Caiique
1528 2794 1712 2860 Marii,
1746 2813 2022 2853 conserva-

198 2896 331 2966 toris
371 2895 535 2950 huius
573 2896 814 2968 imperii,
849 2901 1261 2949 monumentum
1294 2894 1557 2967 municipi
1596 2897 1714 2951 eius
1753 2903 1807 2952 et
1845 2899 2020 2971 reipu-

199 2995 369 3050 blicae
421 2994 686 3050 defensori
723 2994 903 3050 sedem
942 2994 1009 3049 ad
1049 2995 1276 3050 salutem
1317 2995 1624 3067 praeberet;
1675 2997 1875 3070 idque⁵
1922 2998 2022 3055 sre-

199 3098 553 3168 quentissimo
592 3096 832 3161 theatro,
873 3096 1175 3151 incredibili
1210 3097 1442 3152 clamore
1475 3104 1529 3152 et
1561 3098 1753 3170 plausu
1785 3118 2022 3174 compro-

199 3197 384 3252 batum
423 3203 520 3252 est.
604 3202 690 3251 77.
732 3197 864 3252 Nam
898 3196 996 3251 hoc
1018 3203 1039 3234 Β
1077 3197 1294 3270 quidem
1327 3204 1592 3270 tempore,
1633 3199 1761 3271 quid
1795 3202 2023 3274 populus

259 3381 295 3436 ι)
326 3378 374 3421 in
414 3376 550 3422 Pison.
586 3394 622 3422 c.
656 3382 728 3424 15.
762 3382 786 3438 ᾗ
814 3383 885 3424 35.
914 3406 974 3415 —
1005 3383 1044 3440 2)
1077 3379 1130 3425 dc
1161 3382 1351 3428 Divinat.
1382 3385 1416 3428 1.
1451 3397 1486 3428 c.
1514 3385 1589 3427 28.
1631 3383 1744 3440 §52
1779 3408 1838 3416 -
1868 3381 1911 3443 ⁵)
1941 3398 2016 3444 pro

196 3455 370 3501 Plancio
399 3469 434 3499 c.
454 3457 526 3498 32.
565 3458 682 3514 §78.
714 3482 775 3490 —
805 3458 846 3515 4)
876 3472 951 3517 pro
987 3458 1130 3504 Sextio
1161 3476 1197 3504 e.
1217 3462 1290 3507 54.
1322 3464 1470 3519 §1¹6.
1504 3487 1561 3495 --
1595 3464 1637 3520 5)
1668 3461 1722 3506 de
1757 3461 1940 3508 Divinat.
1977 3465 2012 3506 1.

192 3550 229 3578 c.
247 3535 320 3578 28.
353 3533 470 3589 §59.
504 3558 562 3565 —-
596 3535 635 3591 ὅ)
668 3551 745 3594 pro
768 3535 911 3580 Sextio
942 3550 976 3579 c.
996 3539 1069 3580 55.
1104 3538 1251 3595 §1122
