<?xml version="1.0" encoding="UTF-8"?>
<!DOCTYPE html PUBLIC "-//W3C//DTD XHTML 1.0 Transitional//EN"
    "http://www.w3.org/TR/xhtml1/DTD/xhtml1-transitional.dtd">
<html xmlns="http://www.w3.org/1999/xhtml" xml:lang="en" lang="en">
 <head>
  <title>
</title>
<meta http-equiv="Content-Type" content="text/html;charset=utf-8" />
  <meta name='ocr-system' content='tesseract 3.04.00' />
  <meta name='ocr-capabilities' content='ocr_page ocr_carea ocr_par ocr_line ocrx_word'/>
</head>
<body>
  <div class='ocr_page' id='page_1' title='image "./mtulliiciceronis00suriuoft/mtulliiciceronis00suriuoft_0277.png"; bbox 0 0 2150 3990; ppageno 0'>
   <div class='ocr_carea' id='block_1_1' title="bbox 0 371 40 3990">
    <p class='ocr_par' dir='ltr' id='par_1_1' title="bbox 0 371 40 3990">
     <span class='ocr_line' id='line_1_1' title="bbox 0 371 40 3990; baseline 0 0"><span class='ocrx_word' id='word_1_1' title='bbox 0 371 40 3990; x_wconf 95' lang='lat' dir='ltr'><strong> </strong></span> 
     </span>
    </p>
   </div>
   <div class='ocr_carea' id='block_1_2' title="bbox 487 212 1997 284">
    <p class='ocr_par' dir='ltr' id='par_1_2' title="bbox 487 212 1997 284">
     <span class='ocr_line' id='line_1_2' title="bbox 487 212 1997 284; baseline 0 -16"><span class='ocrx_word' id='word_1_2' title='bbox 487 213 535 268; x_wconf 84' lang='lat' dir='ltr'><strong>L.</strong></span> <span class='ocrx_word' id='word_1_3' title='bbox 563 215 646 269; x_wconf 80' lang='lat' dir='ltr'><strong>vl.</strong></span> <span class='ocrx_word' id='word_1_4' title='bbox 692 232 735 266; x_wconf 87' lang='lat' dir='ltr'><strong>c.</strong></span> <span class='ocrx_word' id='word_1_5' title='bbox 762 212 946 268; x_wconf 83' lang='lat' dir='ltr'>xv111.</span> <span class='ocrx_word' id='word_1_6' title='bbox 990 212 1030 284; x_wconf 52' lang='grc' dir='ltr'><strong>,ξ’</strong></span> <span class='ocrx_word' id='word_1_7' title='bbox 1055 215 1122 266; x_wconf 73' lang='lat'><strong>45</strong></span> <span class='ocrx_word' id='word_1_8' title='bbox 1164 244 1237 252; x_wconf 87' lang='lat'><strong>--</strong></span> <span class='ocrx_word' id='word_1_9' title='bbox 1277 231 1321 264; x_wconf 79' lang='lat' dir='ltr'><strong>c.</strong></span> <span class='ocrx_word' id='word_1_10' title='bbox 1349 212 1484 266; x_wconf 82' lang='lat' dir='ltr'><strong>xlx.</strong></span> <span class='ocrx_word' id='word_1_11' title='bbox 1530 214 1568 284; x_wconf 58' lang='lat'><strong>§⁹</strong></span> <span class='ocrx_word' id='word_1_12' title='bbox 1595 218 1680 267; x_wconf 73' lang='lat'><strong>47.</strong></span> <span class='ocrx_word' id='word_1_13' title='bbox 1890 217 1997 269; x_wconf 71' lang='lat'><strong>2⁵9</strong></span> 
     </span>
    </p>
   </div>
   <div class='ocr_carea' id='block_1_3' title="bbox 143 460 2000 3148">
    <p class='ocr_par' dir='ltr' id='par_1_3' title="bbox 143 460 2000 3148">
     <span class='ocr_line' id='line_1_3' title="bbox 243 460 1994 524; baseline -0.003 -2"><span class='ocrx_word' id='word_1_14' title='bbox 243 461 425 522; x_wconf 57' lang='lat' dir='ltr'><strong>xlx.»</strong></span> <span class='ocrx_word' id='word_1_15' title='bbox 461 468 549 519; x_wconf 79' lang='lat'><strong>46.</strong></span> <span class='ocrx_word' id='word_1_16' title='bbox 592 464 740 521; x_wconf 88' lang='lat' dir='ltr'><strong>Scito</strong></span> <span class='ocrx_word' id='word_1_17' title='bbox 761 470 778 503; x_wconf 89' lang='lat'><strong>¹</strong></span> <span class='ocrx_word' id='word_1_18' title='bbox 820 464 920 519; x_wconf 89' lang='lat' dir='ltr'><strong>hoc</strong></span> <span class='ocrx_word' id='word_1_19' title='bbox 953 479 1049 519; x_wconf 89' lang='lat' dir='ltr'><strong>nos</strong></span> <span class='ocrx_word' id='word_1_20' title='bbox 1081 464 1137 517; x_wconf 88' lang='lat' dir='ltr'><strong>in</strong></span> <span class='ocrx_word' id='word_1_21' title='bbox 1176 478 1239 518; x_wconf 88' lang='lat' dir='ltr'><strong>eo</strong></span> <span class='ocrx_word' id='word_1_22' title='bbox 1270 460 1471 517; x_wconf 91' lang='lat' dir='ltr'><strong>iudicio</strong></span> <span class='ocrx_word' id='word_1_23' title='bbox 1502 468 1817 519; x_wconf 84' lang='lat' dir='ltr'><strong>consecutos</strong></span> <span class='ocrx_word' id='word_1_24' title='bbox 1849 476 1994 524; x_wconf 88' lang='lat' dir='ltr'><strong>esse,</strong></span> 
     </span>
     <span class='ocr_line' id='line_1_4' title="bbox 170 560 1997 635; baseline -0.001 -17"><span class='ocrx_word' id='word_1_25' title='bbox 170 571 230 624; x_wconf 85' lang='lat' dir='ltr'><strong>ut</strong></span> <span class='ocrx_word' id='word_1_26' title='bbox 278 563 521 620; x_wconf 89' lang='lat' dir='ltr'><strong>omnium</strong></span> <span class='ocrx_word' id='word_1_27' title='bbox 573 564 871 635; x_wconf 81' lang='lat' dir='ltr'><strong>gratissimi</strong></span> <span class='ocrx_word' id='word_1_28' title='bbox 911 563 1290 619; x_wconf 82' lang='lat' dir='ltr'><strong>iudicaremur.</strong></span> <span class='ocrx_word' id='word_1_29' title='bbox 1371 562 1506 618; x_wconf 89' lang='lat' dir='ltr'><strong>Nam</strong></span> <span class='ocrx_word' id='word_1_30' title='bbox 1560 563 1615 617; x_wconf 92' lang='lat' dir='ltr'><strong>in</strong></span> <span class='ocrx_word' id='word_1_31' title='bbox 1666 560 1997 618; x_wconf 79' lang='lat' dir='ltr'><strong>defendendo</strong></span> 
     </span>
     <span class='ocr_line' id='line_1_5' title="bbox 165 662 1997 737; baseline -0.002 -17"><span class='ocrx_word' id='word_1_32' title='bbox 165 680 376 726; x_wconf 83' lang='lat' dir='ltr'><strong>moroso</strong></span> <span class='ocrx_word' id='word_1_33' title='bbox 408 662 611 718; x_wconf 87' lang='lat' dir='ltr'><strong>homini</strong></span> <span class='ocrx_word' id='word_1_34' title='bbox 647 663 1075 719; x_wconf 79' lang='lat' dir='ltr'><strong>cumulatissime</strong></span> <span class='ocrx_word' id='word_1_35' title='bbox 1106 663 1495 727; x_wconf 79' lang='lat' dir='ltr'><strong>satisfecimus,</strong></span> <span class='ocrx_word' id='word_1_36' title='bbox 1535 669 1589 717; x_wconf 89' lang='lat' dir='ltr'><strong>et</strong></span> <span class='ocrx_word' id='word_1_37' title='bbox 1624 662 1701 737; x_wconf 89' lang='lat' dir='ltr'><strong>(id</strong></span> <span class='ocrx_word' id='word_1_38' title='bbox 1733 662 1876 734; x_wconf 91' lang='lat' dir='ltr'><strong>quod</strong></span> <span class='ocrx_word' id='word_1_39' title='bbox 1909 662 1997 718; x_wconf 86' lang='lat' dir='ltr'><strong>ille</strong></span> 
     </span>
     <span class='ocr_line' id='line_1_6' title="bbox 166 763 1995 837; baseline -0.002 -16"><span class='ocrx_word' id='word_1_40' title='bbox 166 765 401 821; x_wconf 85' lang='lat' dir='ltr'><strong>maxime</strong></span> <span class='ocrx_word' id='word_1_41' title='bbox 433 764 702 837; x_wconf 89' lang='lat' dir='ltr'><strong>cupiebat)</strong></span> <span class='ocrx_word' id='word_1_42' title='bbox 734 764 1096 830; x_wconf 85' lang='lat' dir='ltr'><strong>Vatinium,</strong></span> <span class='ocrx_word' id='word_1_43' title='bbox 1137 781 1169 820; x_wconf 92' lang='lat' dir='ltr'><strong>a</strong></span> <span class='ocrx_word' id='word_1_44' title='bbox 1207 782 1313 837; x_wconf 92' lang='lat' dir='ltr'><strong>quo</strong></span> <span class='ocrx_word' id='word_1_45' title='bbox 1346 764 1522 837; x_wconf 87' lang='lat' dir='ltr'><strong>palam</strong></span> <span class='ocrx_word' id='word_1_46' title='bbox 1556 763 1995 837; x_wconf 80' lang='lat' dir='ltr'><strong>oppugnabatur,</strong></span> 
     </span>
     <span class='ocr_line' id='line_1_7' title="bbox 160 863 1994 938; baseline -0.001 -18"><span class='ocrx_word' id='word_1_47' title='bbox 160 864 434 920; x_wconf 75' lang='lat' dir='ltr'><strong>arbitratu</strong></span> <span class='ocrx_word' id='word_1_48' title='bbox 459 870 644 919; x_wconf 88' lang='lat' dir='ltr'><strong>nostro</strong></span> <span class='ocrx_word' id='word_1_49' title='bbox 665 864 1019 930; x_wconf 84' lang='lat' dir='ltr'><strong>concidimus,</strong></span> <span class='ocrx_word' id='word_1_50' title='bbox 1032 863 1138 920; x_wconf 83' lang='lat' dir='ltr'><strong>diis</strong></span> <span class='ocrx_word' id='word_1_51' title='bbox 1157 864 1572 938; x_wconf 83' lang='lat' dir='ltr'><strong>hominibusque</strong></span> <span class='ocrx_word' id='word_1_52' title='bbox 1599 863 1994 937; x_wconf 82' lang='lat' dir='ltr'><strong>plaudentibus.</strong></span> 
     </span>
     <span class='ocr_line' id='line_1_8' title="bbox 159 964 1995 1039; baseline 0.001 -18"><span class='ocrx_word' id='word_1_53' title='bbox 159 964 321 1023; x_wconf 71' lang='lat' dir='ltr'><strong>Hunc</strong></span> <span class='ocrx_word' id='word_1_54' title='bbox 341 969 364 1004; x_wconf 84' lang='lat'>²</span> <span class='ocrx_word' id='word_1_55' title='bbox 414 966 559 1021; x_wconf 88' lang='lat' dir='ltr'><strong>enim</strong></span> <span class='ocrx_word' id='word_1_56' title='bbox 580 1007 596 1031; x_wconf 93' lang='lat'><strong>,</strong></span> <span class='ocrx_word' id='word_1_57' title='bbox 654 967 812 1021; x_wconf 90' lang='lat' dir='ltr'><strong>cuius</strong></span> <span class='ocrx_word' id='word_1_58' title='bbox 854 967 1227 1022; x_wconf 88' lang='lat' dir='ltr'><strong>testimonium</strong></span> <span class='ocrx_word' id='word_1_59' title='bbox 1249 1007 1263 1031; x_wconf 96' lang='lat'><strong>,</strong></span> <span class='ocrx_word' id='word_1_60' title='bbox 1328 972 1546 1039; x_wconf 89' lang='lat' dir='ltr'><strong>propter</strong></span> <span class='ocrx_word' id='word_1_61' title='bbox 1603 964 1995 1039; x_wconf 82' lang='lat' dir='ltr'><strong>turpitudinem</strong></span> 
     </span>
     <span class='ocr_line' id='line_1_9' title="bbox 160 1066 1997 1139; baseline -0.001 -17"><span class='ocrx_word' id='word_1_62' title='bbox 160 1066 307 1122; x_wconf 72' lang='lat' dir='ltr'><strong>vitae</strong></span> <span class='ocrx_word' id='word_1_63' title='bbox 333 1066 624 1139; x_wconf 81' lang='lat' dir='ltr'><strong>sordesque</strong></span> <span class='ocrx_word' id='word_1_64' title='bbox 650 1067 971 1124; x_wconf 88' lang='lat' dir='ltr'><strong>domesticas</strong></span> <span class='ocrx_word' id='word_1_65' title='bbox 986 1110 1000 1133; x_wconf 93' lang='lat'><strong>,</strong></span> <span class='ocrx_word' id='word_1_66' title='bbox 1034 1067 1236 1123; x_wconf 91' lang='lat' dir='ltr'><strong>nullius</strong></span> <span class='ocrx_word' id='word_1_67' title='bbox 1261 1068 1521 1122; x_wconf 87' lang='lat' dir='ltr'><strong>momenti</strong></span> <span class='ocrx_word' id='word_1_68' title='bbox 1547 1066 1864 1139; x_wconf 82' lang='lat' dir='ltr'><strong>putabatur,</strong></span> <span class='ocrx_word' id='word_1_69' title='bbox 1891 1082 1997 1125; x_wconf 86' lang='lat' dir='ltr'><strong>non</strong></span> 
     </span>
     <span class='ocr_line' id='line_1_10' title="bbox 162 1166 1997 1239; baseline 0 -17"><span class='ocrx_word' id='word_1_70' title='bbox 162 1167 368 1223; x_wconf 82' lang='lat' dir='ltr'><strong>tacitus</strong></span> <span class='ocrx_word' id='word_1_71' title='bbox 404 1166 616 1223; x_wconf 86' lang='lat' dir='ltr'><strong>dimisi:</strong></span> <span class='ocrx_word' id='word_1_72' title='bbox 658 1166 751 1222; x_wconf 88' lang='lat' dir='ltr'><strong>sed</strong></span> <span class='ocrx_word' id='word_1_73' title='bbox 769 1173 810 1232; x_wconf 82' lang='lat'><strong>⁸,</strong></span> <span class='ocrx_word' id='word_1_74' title='bbox 848 1183 1010 1239; x_wconf 86' lang='lat' dir='ltr'><strong>quem</strong></span> <span class='ocrx_word' id='word_1_75' title='bbox 1051 1185 1207 1223; x_wconf 91' lang='lat' dir='ltr'><strong>nemo</strong></span> <span class='ocrx_word' id='word_1_76' title='bbox 1245 1184 1538 1239; x_wconf 83' lang='lat' dir='ltr'><strong>congressu</strong></span> <span class='ocrx_word' id='word_1_77' title='bbox 1558 1207 1574 1231; x_wconf 93' lang='lat'><strong>,</strong></span> <span class='ocrx_word' id='word_1_78' title='bbox 1614 1184 1771 1224; x_wconf 90' lang='lat' dir='ltr'><strong>nemo</strong></span> <span class='ocrx_word' id='word_1_79' title='bbox 1809 1166 1963 1223; x_wconf 87' lang='lat' dir='ltr'><strong>aditu</strong></span> <span class='ocrx_word' id='word_1_80' title='bbox 1981 1210 1997 1231; x_wconf 93' lang='lat'><strong><em>‚</em></strong></span> 
     </span>
     <span class='ocr_line' id='line_1_11' title="bbox 162 1265 1998 1342; baseline -0.002 -19"><span class='ocrx_word' id='word_1_81' title='bbox 162 1265 642 1342; x_wconf 55' lang='lat' dir='ltr'><strong>nemo‘sufl&#39;ragio,</strong></span> <span class='ocrx_word' id='word_1_82' title='bbox 682 1282 841 1320; x_wconf 89' lang='lat' dir='ltr'><strong>nemo</strong></span> <span class='ocrx_word' id='word_1_83' title='bbox 861 1267 1109 1331; x_wconf 88' lang='lat' dir='ltr'><strong>civitate,</strong></span> <span class='ocrx_word' id='word_1_84' title='bbox 1149 1283 1306 1320; x_wconf 85' lang='lat' dir='ltr'><strong>nemo</strong></span> <span class='ocrx_word' id='word_1_85' title='bbox 1337 1267 1458 1321; x_wconf 89' lang='lat' dir='ltr'><strong>luce</strong></span> <span class='ocrx_word' id='word_1_86' title='bbox 1490 1267 1717 1337; x_wconf 77' lang='lat' dir='ltr'><strong>dignum</strong></span> <span class='ocrx_word' id='word_1_87' title='bbox 1758 1268 1998 1337; x_wconf 86' lang='lat' dir='ltr'><strong>putavit,</strong></span> 
     </span>
     <span class='ocr_line' id='line_1_12' title="bbox 158 1364 1996 1439; baseline -0.002 -16"><span class='ocrx_word' id='word_1_88' title='bbox 158 1367 635 1439; x_wconf 58' lang='lat' dir='ltr'><strong>haimerrogavi,</strong></span> <span class='ocrx_word' id='word_1_89' title='bbox 691 1372 750 1420; x_wconf 87' lang='lat' dir='ltr'><strong>ut</strong></span> <span class='ocrx_word' id='word_1_90' title='bbox 789 1364 1124 1420; x_wconf 80' lang='lat' dir='ltr'><strong>ferocitatem</strong></span> <span class='ocrx_word' id='word_1_91' title='bbox 1163 1367 1281 1420; x_wconf 89' lang='lat' dir='ltr'><strong>eius</strong></span> <span class='ocrx_word' id='word_1_92' title='bbox 1318 1367 1760 1437; x_wconf 88' lang='lat' dir='ltr'><strong>compresserim,</strong></span> <span class='ocrx_word' id='word_1_93' title='bbox 1813 1373 1868 1420; x_wconf 92' lang='lat' dir='ltr'><strong>et</strong></span> <span class='ocrx_word' id='word_1_94' title='bbox 1906 1382 1996 1421; x_wconf 87' lang='lat' dir='ltr'><strong>au·</strong></span> 
     </span>
     <span class='ocr_line' id='line_1_13' title="bbox 158 1464 1998 1538; baseline -0.002 -15"><span class='ocrx_word' id='word_1_95' title='bbox 158 1465 374 1523; x_wconf 58' lang='lat' dir='ltr'><strong>daciam</strong></span> <span class='ocrx_word' id='word_1_96' title='bbox 407 1465 698 1538; x_wconf 66' lang='lat' dir='ltr'><strong>fregerim,</strong></span> <span class='ocrx_word' id='word_1_97' title='bbox 737 1470 793 1520; x_wconf 90' lang='lat' dir='ltr'><strong>et</strong></span> <span class='ocrx_word' id='word_1_98' title='bbox 830 1464 1210 1537; x_wconf 82' lang='lat' dir='ltr'><strong>loquacitatem</strong></span> <span class='ocrx_word' id='word_1_99' title='bbox 1251 1465 1595 1537; x_wconf 86' lang='lat' dir='ltr'><strong>paucissimis</strong></span> <span class='ocrx_word' id='word_1_100' title='bbox 1626 1465 1998 1537; x_wconf 84' lang='lat' dir='ltr'><strong>interrogatio-</strong></span> 
     </span>
     <span class='ocr_line' id='line_1_14' title="bbox 154 1566 2000 1639; baseline 0.001 -16"><span class='ocrx_word' id='word_1_101' title='bbox 154 1566 325 1623; x_wconf 54' lang='lat' dir='ltr'><strong>nibus</strong></span> <span class='ocrx_word' id='word_1_102' title='bbox 362 1566 632 1623; x_wconf 84' lang='lat' dir='ltr'><strong>irretitam</strong></span> <span class='ocrx_word' id='word_1_103' title='bbox 652 1566 994 1622; x_wconf 86' lang='lat' dir='ltr'><strong>retardarim.</strong></span> <span class='ocrx_word' id='word_1_104' title='bbox 1056 1571 1146 1622; x_wconf 83' lang='lat'><strong>47.</strong></span> <span class='ocrx_word' id='word_1_105' title='bbox 1187 1566 1322 1621; x_wconf 89' lang='lat' dir='ltr'><strong>Nam</strong></span> <span class='ocrx_word' id='word_1_106' title='bbox 1343 1571 1366 1605; x_wconf 79' lang='lat'><strong>⁴</strong></span> <span class='ocrx_word' id='word_1_107' title='bbox 1405 1582 1502 1639; x_wconf 87' lang='lat' dir='ltr'><strong>pro</strong></span> <span class='ocrx_word' id='word_1_108' title='bbox 1536 1567 1847 1623; x_wconf 88' lang='lat' dir='ltr'><strong>testimonio</strong></span> <span class='ocrx_word' id='word_1_109' title='bbox 1882 1584 2000 1624; x_wconf 86' lang='lat' dir='ltr'><strong>esse</strong></span> 
     </span>
     <span class='ocr_line' id='line_1_15' title="bbox 160 1665 1997 1740; baseline 0.001 -17"><span class='ocrx_word' id='word_1_110' title='bbox 160 1668 483 1733; x_wconf 80' lang='lat' dir='ltr'><strong>mentitum,</strong></span> <span class='ocrx_word' id='word_1_111' title='bbox 522 1683 692 1740; x_wconf 89' lang='lat' dir='ltr'><strong>quum</strong></span> <span class='ocrx_word' id='word_1_112' title='bbox 725 1666 1055 1731; x_wconf 86' lang='lat' dir='ltr'><strong>affirmaret,</strong></span> <span class='ocrx_word' id='word_1_113' title='bbox 1095 1666 1305 1722; x_wconf 88' lang='lat' dir='ltr'><strong>nullum</strong></span> <span class='ocrx_word' id='word_1_114' title='bbox 1346 1665 1449 1721; x_wconf 87' lang='lat' dir='ltr'><strong>sibi</strong></span> <span class='ocrx_word' id='word_1_115' title='bbox 1489 1667 1721 1722; x_wconf 60' lang='lat' dir='ltr'><strong>omnino</strong></span> <span class='ocrx_word' id='word_1_116' title='bbox 1745 1684 1872 1724; x_wconf 90' lang='lat' dir='ltr'><strong>cum</strong></span> <span class='ocrx_word' id='word_1_117' title='bbox 1912 1668 1997 1724; x_wconf 80' lang='lat' dir='ltr'><strong>Al-</strong></span> 
     </span>
     <span class='ocr_line' id='line_1_16' title="bbox 162 1763 1998 1834; baseline 0.001 -10"><span class='ocrx_word' id='word_1_118' title='bbox 162 1763 425 1824; x_wconf 78' lang='lat' dir='ltr'><strong>binovano</strong></span> <span class='ocrx_word' id='word_1_119' title='bbox 460 1784 797 1833; x_wconf 85' lang='lat' dir='ltr'><strong>sermonem,</strong></span> <span class='ocrx_word' id='word_1_120' title='bbox 850 1784 956 1823; x_wconf 91' lang='lat' dir='ltr'><strong>non</strong></span> <span class='ocrx_word' id='word_1_121' title='bbox 995 1766 1153 1823; x_wconf 88' lang='lat' dir='ltr'><strong>modo</strong></span> <span class='ocrx_word' id='word_1_122' title='bbox 1197 1767 1264 1823; x_wconf 92' lang='lat' dir='ltr'><strong>de</strong></span> <span class='ocrx_word' id='word_1_123' title='bbox 1305 1766 1488 1824; x_wconf 82' lang='lat' dir='ltr'><strong>Sextio</strong></span> <span class='ocrx_word' id='word_1_124' title='bbox 1526 1769 1831 1829; x_wconf 84' lang='lat' dir='ltr'><strong>accusando</strong></span> <span class='ocrx_word' id='word_1_125' title='bbox 1850 1812 1866 1834; x_wconf 93' lang='lat'><strong><em>‚</em></strong></span> <span class='ocrx_word' id='word_1_126' title='bbox 1904 1770 1998 1826; x_wconf 83' lang='lat' dir='ltr'><strong>sed</strong></span> 
     </span>
     <span class='ocr_line' id='line_1_17' title="bbox 152 1866 2000 1943; baseline 0.001 -19"><span class='ocrx_word' id='word_1_127' title='bbox 152 1866 272 1925; x_wconf 29' lang='lat' dir='ltr'><strong>&#39;aua</strong></span> <span class='ocrx_word' id='word_1_128' title='bbox 296 1883 556 1942; x_wconf 85' lang='lat' dir='ltr'><strong>umquam</strong></span> <span class='ocrx_word' id='word_1_129' title='bbox 589 1868 655 1925; x_wconf 87' lang='lat' dir='ltr'><strong>de</strong></span> <span class='ocrx_word' id='word_1_130' title='bbox 687 1885 746 1925; x_wconf 90' lang='lat' dir='ltr'><strong>re</strong></span> <span class='ocrx_word' id='word_1_131' title='bbox 773 1868 967 1934; x_wconf 77' lang='lat' dir='ltr'><strong>fuisse,</strong></span> <span class='ocrx_word' id='word_1_132' title='bbox 1008 1870 1123 1942; x_wconf 86' lang='lat' dir='ltr'><strong>ipse</strong></span> <span class='ocrx_word' id='word_1_133' title='bbox 1155 1868 1471 1941; x_wconf 85' lang='lat' dir='ltr'><strong>imprudens</strong></span> <span class='ocrx_word' id='word_1_134' title='bbox 1504 1869 1865 1926; x_wconf 87' lang='lat' dir='ltr'><strong>indicaverat:</strong></span> <span class='ocrx_word' id='word_1_135' title='bbox 1905 1872 2000 1943; x_wconf 91' lang='lat' dir='ltr'><strong>qui</strong></span> 
     </span>
     <span class='ocr_line' id='line_1_18' title="bbox 155 1967 1999 2033; baseline 0.002 -9"><span class='ocrx_word' id='word_1_136' title='bbox 155 1974 235 2026; x_wconf 20' lang='lat' dir='ltr'><strong>ot.</strong></span> <span class='ocrx_word' id='word_1_137' title='bbox 263 1968 329 2024; x_wconf 75' lang='lat' dir='ltr'><strong>T.</strong></span> <span class='ocrx_word' id='word_1_138' title='bbox 342 1967 635 2029; x_wconf 73' lang='lat' dir='ltr'><strong>Claudium</strong></span> <span class='ocrx_word' id='word_1_139' title='bbox 685 1986 869 2026; x_wconf 92' lang='lat' dir='ltr'><strong>secum</strong></span> <span class='ocrx_word' id='word_1_140' title='bbox 924 1969 1387 2033; x_wconf 84' lang='lat' dir='ltr'><strong>communicasse,</strong></span> <span class='ocrx_word' id='word_1_141' title='bbox 1441 1976 1498 2025; x_wconf 90' lang='lat' dir='ltr'><strong>et</strong></span> <span class='ocrx_word' id='word_1_142' title='bbox 1533 1987 1567 2025; x_wconf 84' lang='lat' dir='ltr'><strong>a</strong></span> <span class='ocrx_word' id='word_1_143' title='bbox 1606 1987 1664 2026; x_wconf 86' lang='lat' dir='ltr'><strong>se</strong></span> <span class='ocrx_word' id='word_1_144' title='bbox 1713 1970 1999 2027; x_wconf 87' lang='lat' dir='ltr'><strong>consilium</strong></span> 
     </span>
     <span class='ocr_line' id='line_1_19' title="bbox 154 2067 1998 2143; baseline 0.002 -19"><span class='ocrx_word' id='word_1_145' title='bbox 154 2068 221 2124; x_wconf 49' lang='lat'><strong>⁶1³.</strong></span> <span class='ocrx_word' id='word_1_146' title='bbox 249 2067 429 2124; x_wconf 73' lang='lat' dir='ltr'><strong>¹Sextii</strong></span> <span class='ocrx_word' id='word_1_147' title='bbox 466 2070 757 2126; x_wconf 87' lang='lat' dir='ltr'><strong>accusandi</strong></span> <span class='ocrx_word' id='word_1_148' title='bbox 795 2071 1024 2143; x_wconf 89' lang='lat' dir='ltr'><strong>petisse,</strong></span> <span class='ocrx_word' id='word_1_149' title='bbox 1077 2076 1132 2125; x_wconf 91' lang='lat' dir='ltr'><strong>et</strong></span> <span class='ocrx_word' id='word_1_150' title='bbox 1171 2069 1564 2125; x_wconf 83' lang='lat' dir='ltr'><strong>Albinovanum</strong></span> <span class='ocrx_word' id='word_1_151' title='bbox 1585 2111 1600 2135; x_wconf 92' lang='lat'><strong>,</strong></span> <span class='ocrx_word' id='word_1_152' title='bbox 1640 2086 1803 2142; x_wconf 89' lang='lat' dir='ltr'><strong>quem</strong></span> <span class='ocrx_word' id='word_1_153' title='bbox 1840 2078 1998 2127; x_wconf 87' lang='lat' dir='ltr'><strong>antea</strong></span> 
     </span>
     <span class='ocr_line' id='line_1_20' title="bbox 162 2169 1999 2236; baseline 0.003 -13"><span class='ocrx_word' id='word_1_154' title='bbox 162 2169 394 2226; x_wconf 79' lang='lat' dir='ltr'><strong>vix-sihi</strong></span> <span class='ocrx_word' id='word_1_155' title='bbox 433 2177 622 2227; x_wconf 89' lang='lat' dir='ltr'><strong>notum</strong></span> <span class='ocrx_word' id='word_1_156' title='bbox 655 2187 772 2227; x_wconf 89' lang='lat' dir='ltr'><strong>esse</strong></span> <span class='ocrx_word' id='word_1_157' title='bbox 809 2170 1052 2235; x_wconf 86' lang='lat' dir='ltr'><strong>dixerat,</strong></span> <span class='ocrx_word' id='word_1_158' title='bbox 1092 2169 1313 2224; x_wconf 90' lang='lat' dir='ltr'><strong>domum</strong></span> <span class='ocrx_word' id='word_1_159' title='bbox 1353 2187 1508 2226; x_wconf 87' lang='lat' dir='ltr'><strong>suam</strong></span> <span class='ocrx_word' id='word_1_160' title='bbox 1542 2172 1753 2226; x_wconf 81' lang='lat' dir='ltr'><strong>venisse</strong></span> <span class='ocrx_word' id='word_1_161' title='bbox 1772 2213 1788 2236; x_wconf 97' lang='lat'><strong>,</strong></span> <span class='ocrx_word' id='word_1_162' title='bbox 1826 2171 1999 2228; x_wconf 89' lang='lat' dir='ltr'><strong>multa</strong></span> 
     </span>
     <span class='ocr_line' id='line_1_21' title="bbox 163 2267 1999 2346; baseline 0.002 -20"><span class='ocrx_word' id='word_1_163' title='bbox 163 2284 350 2327; x_wconf 84' lang='lat' dir='ltr'><strong>seeum</strong></span> <span class='ocrx_word' id='word_1_164' title='bbox 370 2267 614 2328; x_wconf 84' lang='lat' dir='ltr'><strong>locutum</strong></span> <span class='ocrx_word' id='word_1_165' title='bbox 630 2271 883 2334; x_wconf 85' lang='lat' dir='ltr'><strong>dixisset;</strong></span> <span class='ocrx_word' id='word_1_166' title='bbox 904 2271 1134 2343; x_wconf 91' lang='lat' dir='ltr'><strong>denique</strong></span> <span class='ocrx_word' id='word_1_167' title='bbox 1154 2272 1438 2326; x_wconf 88' lang='lat' dir='ltr'><strong>conciones</strong></span> <span class='ocrx_word' id='word_1_168' title='bbox 1472 2271 1528 2326; x_wconf 88' lang='lat' dir='ltr'><strong>P.</strong></span> <span class='ocrx_word' id='word_1_169' title='bbox 1553 2271 1724 2327; x_wconf 81' lang='lat' dir='ltr'><strong>Sextii</strong></span> <span class='ocrx_word' id='word_1_170' title='bbox 1744 2274 1999 2346; x_wconf 86' lang='lat' dir='ltr'><strong>scriptas,</strong></span> 
     </span>
     <span class='ocr_line' id='line_1_22' title="bbox 162 2372 2000 2445; baseline 0.001 -18"><span class='ocrx_word' id='word_1_171' title='bbox 162 2387 298 2443; x_wconf 73' lang='lat' dir='ltr'><strong>quas</strong></span> <span class='ocrx_word' id='word_1_172' title='bbox 348 2387 522 2445; x_wconf 78' lang='lat' dir='ltr'><strong>neque</strong></span> <span class='ocrx_word' id='word_1_173' title='bbox 559 2379 774 2437; x_wconf 85' lang='lat' dir='ltr'><strong>nosset,</strong></span> <span class='ocrx_word' id='word_1_174' title='bbox 827 2389 1000 2444; x_wconf 89' lang='lat' dir='ltr'><strong>neque</strong></span> <span class='ocrx_word' id='word_1_175' title='bbox 1039 2373 1277 2444; x_wconf 89' lang='lat' dir='ltr'><strong>reperire</strong></span> <span class='ocrx_word' id='word_1_176' title='bbox 1315 2379 1523 2443; x_wconf 88' lang='lat' dir='ltr'><strong>posset,</strong></span> <span class='ocrx_word' id='word_1_177' title='bbox 1573 2389 1632 2427; x_wconf 89' lang='lat' dir='ltr'><strong>se</strong></span> <span class='ocrx_word' id='word_1_178' title='bbox 1671 2372 2000 2430; x_wconf 80' lang='lat' dir='ltr'><strong>Albinovano</strong></span> 
     </span>
     <span class='ocr_line' id='line_1_23' title="bbox 161 2472 1997 2546; baseline 0.001 -18"><span class='ocrx_word' id='word_1_179' title='bbox 161 2473 407 2540; x_wconf 78' lang='lat' dir='ltr'><strong>dedisse,</strong></span> <span class='ocrx_word' id='word_1_180' title='bbox 458 2488 655 2546; x_wconf 84' lang='lat' dir='ltr'><strong>easque</strong></span> <span class='ocrx_word' id='word_1_181' title='bbox 703 2474 757 2527; x_wconf 89' lang='lat' dir='ltr'><strong>in</strong></span> <span class='ocrx_word' id='word_1_182' title='bbox 799 2473 968 2528; x_wconf 88' lang='lat' dir='ltr'><strong>Sextii</strong></span> <span class='ocrx_word' id='word_1_183' title='bbox 1009 2472 1211 2527; x_wconf 90' lang='lat' dir='ltr'><strong>iudicio</strong></span> <span class='ocrx_word' id='word_1_184' title='bbox 1248 2489 1366 2527; x_wconf 90' lang='lat' dir='ltr'><strong>esse</strong></span> <span class='ocrx_word' id='word_1_185' title='bbox 1404 2473 1675 2528; x_wconf 89' lang='lat' dir='ltr'><strong>recitatas.</strong></span> <span class='ocrx_word' id='word_1_186' title='bbox 1769 2474 1830 2528; x_wconf 92' lang='lat' dir='ltr'><strong>ln</strong></span> <span class='ocrx_word' id='word_1_187' title='bbox 1869 2491 1997 2546; x_wconf 90' lang='lat' dir='ltr'><strong>quo·</strong></span> 
     </span>
     <span class='ocr_line' id='line_1_24' title="bbox 159 2573 1997 2637; baseline -0.001 -5"><span class='ocrx_word' id='word_1_188' title='bbox 159 2587 309 2634; x_wconf 55' lang='lat' dir='ltr'><strong>rum»</strong></span> <span class='ocrx_word' id='word_1_189' title='bbox 334 2574 504 2630; x_wconf 87' lang='lat' dir='ltr'><strong>altero</strong></span> <span class='ocrx_word' id='word_1_190' title='bbox 537 2573 899 2630; x_wconf 79' lang='lat' dir='ltr'><strong>confitebatur</strong></span> <span class='ocrx_word' id='word_1_191' title='bbox 920 2616 934 2637; x_wconf 90' lang='lat'><em>‚</em></span> <span class='ocrx_word' id='word_1_192' title='bbox 986 2589 1018 2627; x_wconf 92' lang='lat' dir='ltr'><strong>a</strong></span> <span class='ocrx_word' id='word_1_193' title='bbox 1057 2590 1114 2628; x_wconf 90' lang='lat' dir='ltr'><strong>se</strong></span> <span class='ocrx_word' id='word_1_194' title='bbox 1153 2580 1495 2628; x_wconf 84' lang='lat' dir='ltr'><strong>accusatores</strong></span> <span class='ocrx_word' id='word_1_195' title='bbox 1532 2590 1649 2628; x_wconf 91' lang='lat' dir='ltr'><strong>esse</strong></span> <span class='ocrx_word' id='word_1_196' title='bbox 1702 2575 1997 2631; x_wconf 81' lang='lat' dir='ltr'><strong>instructos</strong></span> 
     </span>
     <span class='ocr_line' id='line_1_25' title="bbox 143 2673 1994 2746; baseline 0.001 -16"><span class='ocrx_word' id='word_1_197' title='bbox 143 2680 224 2730; x_wconf 57' lang='grc' dir='ltr'><strong>ἰεὲῑΑΔ</strong></span> <span class='ocrx_word' id='word_1_198' title='bbox 258 2674 603 2730; x_wconf 83' lang='lat' dir='ltr'><strong>subornatos:</strong></span> <span class='ocrx_word' id='word_1_199' title='bbox 658 2675 714 2729; x_wconf 92' lang='lat' dir='ltr'><strong>in</strong></span> <span class='ocrx_word' id='word_1_200' title='bbox 753 2673 923 2730; x_wconf 84' lang='lat' dir='ltr'><strong>altero</strong></span> <span class='ocrx_word' id='word_1_201' title='bbox 962 2674 1382 2729; x_wconf 83' lang='lat' dir='ltr'><strong>inconstantiam</strong></span> <span class='ocrx_word' id='word_1_202' title='bbox 1422 2690 1607 2739; x_wconf 89' lang='lat' dir='ltr'><strong>suam,</strong></span> <span class='ocrx_word' id='word_1_203' title='bbox 1660 2691 1830 2746; x_wconf 88' lang='lat' dir='ltr'><strong>quum</strong></span> <span class='ocrx_word' id='word_1_204' title='bbox 1869 2675 1994 2731; x_wconf 84' lang='lat' dir='ltr'><strong>levi-</strong></span> 
     </span>
     <span class='ocr_line' id='line_1_26' title="bbox 146 2774 1994 2849; baseline 0.001 -18"><span class='ocrx_word' id='word_1_205' title='bbox 146 2780 299 2840; x_wconf 73' lang='lat' dir='ltr'><strong>tate,</strong></span> <span class='ocrx_word' id='word_1_206' title='bbox 348 2783 479 2831; x_wconf 89' lang='lat' dir='ltr'><strong>-tum</strong></span> <span class='ocrx_word' id='word_1_207' title='bbox 515 2776 681 2831; x_wconf 89' lang='lat' dir='ltr'><strong>etiam</strong></span> <span class='ocrx_word' id='word_1_208' title='bbox 727 2776 968 2847; x_wconf 89' lang='lat' dir='ltr'><strong>periurio</strong></span> <span class='ocrx_word' id='word_1_209' title='bbox 1018 2775 1380 2847; x_wconf 86' lang='lat' dir='ltr'><strong>implicatam,</strong></span> <span class='ocrx_word' id='word_1_210' title='bbox 1432 2774 1739 2830; x_wconf 81' lang='lat' dir='ltr'><strong>refellebat:</strong></span> <span class='ocrx_word' id='word_1_211' title='bbox 1794 2793 1963 2849; x_wconf 89' lang='lat' dir='ltr'><strong>quum</strong></span> <span class='ocrx_word' id='word_1_212' title='bbox 1982 2820 1994 2840; x_wconf 92' lang='lat'>‚</span> 
     </span>
     <span class='ocr_line' id='line_1_27' title="bbox 157 2873 1995 2947; baseline 0.001 -17"><span class='ocrx_word' id='word_1_213' title='bbox 157 2889 321 2947; x_wconf 86' lang='lat' dir='ltr'><strong>quem</strong></span> <span class='ocrx_word' id='word_1_214' title='bbox 364 2873 765 2931; x_wconf 80' lang='lat' dir='ltr'><strong>alienissimum</strong></span> <span class='ocrx_word' id='word_1_215' title='bbox 816 2891 849 2930; x_wconf 86' lang='lat' dir='ltr'><strong>a</strong></span> <span class='ocrx_word' id='word_1_216' title='bbox 899 2891 956 2931; x_wconf 92' lang='lat' dir='ltr'><strong>se</strong></span> <span class='ocrx_word' id='word_1_217' title='bbox 1007 2892 1125 2931; x_wconf 89' lang='lat' dir='ltr'><strong>esse</strong></span> <span class='ocrx_word' id='word_1_218' title='bbox 1177 2875 1432 2940; x_wconf 90' lang='lat' dir='ltr'><strong>dixisset,</strong></span> <span class='ocrx_word' id='word_1_219' title='bbox 1498 2891 1624 2930; x_wconf 89' lang='lat' dir='ltr'><strong>eum</strong></span> <span class='ocrx_word' id='word_1_220' title='bbox 1669 2875 1814 2931; x_wconf 91' lang='lat' dir='ltr'><strong>domi</strong></span> <span class='ocrx_word' id='word_1_221' title='bbox 1864 2893 1995 2933; x_wconf 84' lang='lat' dir='ltr'><strong>suae</strong></span> 
     </span>
     <span class='ocr_line' id='line_1_28' title="bbox 160 2974 1993 3048; baseline 0.002 -19"><span class='ocrx_word' id='word_1_222' title='bbox 160 2974 354 3038; x_wconf 66' lang='lat' dir='ltr'><strong>fuisset</strong></span> <span class='ocrx_word' id='word_1_223' title='bbox 406 2991 567 3048; x_wconf 89' lang='lat' dir='ltr'><strong>quem</strong></span> <span class='ocrx_word' id='word_1_224' title='bbox 605 2976 1090 3047; x_wconf 84' lang='lat' dir='ltr'><strong>praevaricatorem</strong></span> <span class='ocrx_word' id='word_1_225' title='bbox 1129 2975 1196 3031; x_wconf 86' lang='lat' dir='ltr'><strong>ab</strong></span> <span class='ocrx_word' id='word_1_226' title='bbox 1237 2978 1392 3032; x_wconf 89' lang='lat' dir='ltr'><strong>initio</strong></span> <span class='ocrx_word' id='word_1_227' title='bbox 1431 2976 1722 3032; x_wconf 89' lang='lat' dir='ltr'><strong>iudicasset</strong></span> <span class='ocrx_word' id='word_1_228' title='bbox 1742 3017 1757 3041; x_wconf 90' lang='lat'><strong>,</strong></span> <span class='ocrx_word' id='word_1_229' title='bbox 1809 2978 1859 3032; x_wconf 89' lang='lat' dir='ltr'><strong>ei</strong></span> <span class='ocrx_word' id='word_1_230' title='bbox 1899 2994 1956 3032; x_wconf 89' lang='lat' dir='ltr'><strong>se</strong></span> <span class='ocrx_word' id='word_1_231' title='bbox 1978 3020 1993 3041; x_wconf 95' lang='lat'><strong>,</strong></span> 
     </span>
     <span class='ocr_line' id='line_1_29' title="bbox 155 3075 1835 3148; baseline -0.001 -17"><span class='ocrx_word' id='word_1_232' title='bbox 155 3091 295 3148; x_wconf 78' lang='lat' dir='ltr'><strong>quos</strong></span> <span class='ocrx_word' id='word_1_233' title='bbox 333 3082 602 3148; x_wconf 75' lang='lat' dir='ltr'><strong>rogasset,</strong></span> <span class='ocrx_word' id='word_1_234' title='bbox 649 3075 718 3131; x_wconf 86' lang='lat' dir='ltr'><strong>ad</strong></span> <span class='ocrx_word' id='word_1_235' title='bbox 758 3075 1122 3131; x_wconf 85' lang='lat' dir='ltr'><strong>accusandum</strong></span> <span class='ocrx_word' id='word_1_236' title='bbox 1162 3076 1328 3131; x_wconf 92' lang='lat' dir='ltr'><strong>libros</strong></span> <span class='ocrx_word' id='word_1_237' title='bbox 1367 3076 1571 3130; x_wconf 90' lang='lat' dir='ltr'><strong>diceret</strong></span> <span class='ocrx_word' id='word_1_238' title='bbox 1609 3076 1835 3132; x_wconf 89' lang='lat' dir='ltr'><strong>dedisse.</strong></span> 
     </span>
    </p>
   </div>
   <div class='ocr_carea' id='block_1_4' title="bbox 190 3338 402 3354">
    <p class='ocr_par' dir='ltr' id='par_1_4' title="bbox 190 3338 402 3354">
     <span class='ocr_line' id='line_1_30' title="bbox 190 3338 402 3354; baseline -0.009 0"><span class='ocrx_word' id='word_1_239' title='bbox 190 3338 402 3354; x_wconf 49' lang='grc'><strong>*-</strong></span> 
     </span>
    </p>
   </div>
   <div class='ocr_carea' id='block_1_5' title="bbox 160 3444 1988 3645">
    <p class='ocr_par' dir='ltr' id='par_1_5' title="bbox 160 3444 1988 3645">
     <span class='ocr_line' id='line_1_31' title="bbox 221 3444 1988 3506; baseline -0.001 -16"><span class='ocrx_word' id='word_1_240' title='bbox 221 3447 258 3503; x_wconf 82' lang='lat'><strong>²)</strong></span> <span class='ocrx_word' id='word_1_241' title='bbox 289 3446 342 3490; x_wconf 81' lang='lat' dir='ltr'><strong>ad</strong></span> <span class='ocrx_word' id='word_1_242' title='bbox 366 3451 417 3506; x_wconf 75' lang='lat' dir='ltr'><strong>Q.</strong></span> <span class='ocrx_word' id='word_1_243' title='bbox 450 3445 627 3492; x_wconf 82' lang='lat' dir='ltr'><strong>fratrem</strong></span> <span class='ocrx_word' id='word_1_244' title='bbox 665 3450 716 3490; x_wconf 88' lang='lat' dir='ltr'><strong>ll.</strong></span> <span class='ocrx_word' id='word_1_245' title='bbox 746 3450 782 3491; x_wconf 65' lang='grc' dir='ltr'><strong>Δ.</strong></span> <span class='ocrx_word' id='word_1_246' title='bbox 820 3449 901 3503; x_wconf 65' lang='lat' dir='ltr'><strong>§L</strong></span> <span class='ocrx_word' id='word_1_247' title='bbox 940 3474 996 3480; x_wconf 64' lang='lat'><strong>„-</strong></span> <span class='ocrx_word' id='word_1_248' title='bbox 1032 3451 1067 3505; x_wconf 89' lang='lat'><strong>²)</strong></span> <span class='ocrx_word' id='word_1_249' title='bbox 1102 3446 1145 3491; x_wconf 84' lang='lat' dir='ltr'><strong>in</strong></span> <span class='ocrx_word' id='word_1_250' title='bbox 1179 3445 1401 3491; x_wconf 69' lang='lat' dir='ltr'><strong>vatinium</strong></span> <span class='ocrx_word' id='word_1_251' title='bbox 1452 3462 1485 3488; x_wconf 82' lang='lat' dir='ltr'><strong>c.</strong></span> <span class='ocrx_word' id='word_1_252' title='bbox 1522 3449 1560 3489; x_wconf 89' lang='lat'><strong>1.</strong></span> <span class='ocrx_word' id='word_1_253' title='bbox 1596 3447 1678 3501; x_wconf 68' lang='lat' dir='ltr'><strong>§L</strong></span> <span class='ocrx_word' id='word_1_254' title='bbox 1715 3471 1770 3479; x_wconf 75' lang='lat'>—</span> <span class='ocrx_word' id='word_1_255' title='bbox 1806 3447 1844 3503; x_wconf 77' lang='lat'><strong>⁵)</strong></span> <span class='ocrx_word' id='word_1_256' title='bbox 1882 3444 1988 3489; x_wconf 73' lang='lat' dir='ltr'><strong>ibid.</strong></span> 
     </span>
     <span class='ocr_line' id='line_1_32' title="bbox 160 3523 678 3584; baseline 0 -17"><span class='ocrx_word' id='word_1_257' title='bbox 160 3523 244 3580; x_wconf 62' lang='lat'><strong>§2</strong></span> <span class='ocrx_word' id='word_1_258' title='bbox 278 3547 332 3561; x_wconf 88' lang='lat'><strong>—-</strong></span> <span class='ocrx_word' id='word_1_259' title='bbox 368 3529 410 3584; x_wconf 67' lang='lat'><strong>4)</strong></span> <span class='ocrx_word' id='word_1_260' title='bbox 451 3524 559 3571; x_wconf 82' lang='lat' dir='ltr'><strong>Ibid.</strong></span> <span class='ocrx_word' id='word_1_261' title='bbox 595 3526 678 3580; x_wconf 81' lang='lat'><strong>§3.</strong></span> 
     </span>
     <span class='ocr_line' id='line_1_33' title="bbox 1615 3599 1704 3645; baseline 0.011 -1"><span class='ocrx_word' id='word_1_262' title='bbox 1615 3599 1704 3645; x_wconf 76' lang='lat'><strong>17*</strong></span> 
     </span>
    </p>
   </div>
  </div>
 </body>
</html>
