2210 3970
0 3334 3 3498 i

528 228 581 282 L.
606 228 693 282 ix.
737 246 781 281 ο.
807 227 919 282 xu.
963 227 1003 300 g
1029 232 1098 282 36
1137 257 1211 266 -
1250 245 1295 281 e.
1321 227 1455 282 xw.
1500 228 1538 299 ,ς
1565 232 1650 282 40.
1903 234 2003 284 411

188 375 437 434 cendium
470 379 860 441 exstinxeram;
900 385 983 443 et,
1022 378 1079 434 in
1105 393 1212 450 qua
1239 376 1370 432 urbe
1402 377 1559 433 modo
1591 377 1796 450 gratia,
1835 386 2015 433 aucto·

190 479 381 544 ritate,
432 477 601 550 gloria
642 476 928 543 florueram
943 520 959 543 ,
1010 478 1066 534 in
1115 493 1179 533 ea
1216 483 1334 533 tum
1373 476 1460 533 his
1505 477 1723 550 quidem
1769 477 2019 534 omnibus

184 578 450 635 carebam.
522 582 636 634 ·58.
678 576 995 634 Obtinebam
1046 579 1217 652 ipsius
1266 578 1509 634 Caesaris
1559 593 1831 634 summam
1886 595 2017 651 erga

184 695 280 735 nos
319 678 746 745 ‘humanitatem;
782 679 886 737 sed
924 697 988 736 ea
1031 679 1152 753 plus
1198 695 1304 734 non
1343 685 1583 751 poterat,
1633 694 1797 751 quam
1836 681 1920 736 vis
1955 687 2014 736 et

180 779 410 836 mutatio
446 778 689 835 omnium
721 795 903 836 rerum
934 786 1095 853 atque
1122 786 1443 853 temporum.
1523 779 1668 852 Ergo
1687 786 1727 845 ¹,
1765 780 1811 836 si
1840 779 2014 852 digni·

179 886 263 936 tas
310 886 422 946 est,
473 879 608 936 bene
645 881 712 936 de
757 880 1032 954 republica
1070 881 1272 938 sentire
1308 887 1364 936 et
1409 880 1564 936 bonis
1610 881 1744 936 viris
1788 880 2016 955 probare

178 978 321 1054 quod
347 981 559 1036 *sentias
579 1022 594 1046 ,
646 980 950 1038 obtinebam
990 982 1311 1054 dignitatem
1349 998 1555 1045 meam:
1613 982 1700 1037 sin
1737 988 1925 1039 autem
1954 983 2013 1040 in

176 1096 237 1136 eo
275 1080 512 1153 dignitas
543 1088 652 1146 est,
693 1082 769 1146 si,
809 1082 951 1154 quod
983 1084 1209 1148 sentias,
1249 1089 1345 1138 aut
1375 1099 1436 1139 re
1466 1082 1681 1138 efficere
1712 1084 1884 1156 possis
1914 1090 2014 1140 aut

176 1181 407 1256 denique
455 1181 624 1238 libera
667 1183 908 1238 oratione
952 1181 1236 1239 defendere
1255 1226 1271 1250 ,
1323 1200 1392 1239 ne
1442 1185 1733 1256 vestigium
1792 1183 2012 1257 quidem

173 1281 344 1339 ullum
369 1288 489 1339 erat
507 1282 779 1356 reliquum
801 1282 959 1337 nobis
976 1283 1286 1354 dignitatis,
1313 1283 1681 1355 agebaturque
1708 1284 2010 1355 praeclare,

170 1381 218 1436 si
243 1382 610 1455 'nosmetipsos
647 1397 834 1454 regere
872 1386 1210 1454 poteramus,
1251 1388 1314 1436 ut
1349 1398 1450 1446 ea,
1488 1397 1627 1454 quae
1658 1384 1858 1455 partim
1898 1384 2008 1441 iam

170 1480 424 1548 aderant,
473 1483 672 1556 partim
723 1481 1132 1555 impendebant,
1184 1481 1459 1538 moderate
1509 1481 1811 1539 ferremus:
1864 1485 2009 1557 quod

167 1590 251 1640 est
279 1581 587 1657 -difficilein
624 1582 889 1640 eiusmodi
920 1582 1086 1649 hello,
1125 1584 1284 1640 cuius
1321 1585 1503 1639 exitus
1541 1601 1609 1639 ex
1648 1583 1818 1640 altera
1855 1591 2010 1658 parte

169 1683 387 1742 caedem
442 1684 746 1742 ostentabat
769 1725 786 1751 ,
846 1701 912 1741 ex
970 1684 1140 1741 altera
1196 1685 1534 1742 servitutem.
1634 1689 1723 1742 59.
1766 1687 1959 1759 ltaque
1984 1692 2009 1727 ²

165 1782 339 1842 orbus-
367 1785 437 1840 iis
460 1783 627 1841 rehus
651 1785 942 1851 omnibus,
980 1785 1180 1859 quibus
1217 1793 1273 1842 et
1310 1793 1508 1842 natura
1538 1803 1627 1842 me
1664 1794 1720 1843 et
1757 1787 2007 1845 voluntas

165 1882 584 1942 ‹it-consuetudo
610 1883 999 1951 assuefecerat,
1038 1902 1210 1959 quum
1242 1887 1465 1953 ceteris,
1507 1895 1569 1944 ut
1605 1887 1827 1961 quidem
1860 1888 2003 1945 vide·

165 1985 290 2052 bar,
329 1993 448 2043 tum
478 1985 617 2043 mihi
656 1987 760 2060 ipsi
798 1986 1164 2060 displicebam.
1243 1988 1414 2045 Natus
1450 1990 1598 2045 enim
1630 1989 1698 2045 ad
1730 1989 2000 2063 agendum

165 2098 378 2160 semper
406 2085 612 2159 aliquid
649 2085 876 2158 dignum
914 2088 1056 2153 viro,
1096 2094 1228 2144 tunc
1267 2105 1373 2144 non
1405 2088 1565 2144 modo
1596 2090 1792 2162 agendi
1836 2091 2000 2146 ratio·

166 2200 290 2243 nem
327 2185 532 2245 nullam
568 2185 832 2243 habebam
845 2229 861 2253 ,
911 2187 1007 2244 sed
1058 2204 1126 2244 ne
1163 2188 1437 2262 cogitandi
1469 2190 1716 2263 quidem:
1769 2198 1825 2247 et
1838 2233 1853 2255 ,
1905 2192 2001 2266 qui

162 2293 321 2345 antea
349 2295 446 2345 aut
476 2289 719 2344 obscuris
749 2286 1088 2355 hominibus,
1127 2297 1224 2346 aut
1259 2292 1427 2347 etiam
1458 2291 1705 2347 sontibus
1742 2291 1999 2364 opitulari

161 2395 428 2463 poteram,
465 2397 598 2447 tunc
631 2391 763 2446 viris
794 2392 1039 2447 omnium
1071 2391 1402 2448 doctissimis
1425 2400 1483 2448 et
1512 2394 1902 2458 sanctissimis,
1942 2400 1998 2449 et

160 2490 398 2547 maxima
439 2490 711 2563 quondam
756 2491 962 2562 gratia,
1019 2498 1075 2547 et
1118 2491 1253 2547 mihi
1302 2499 1448 2552 certe
1491 2493 1840 2548 amicissimis
1859 2534 1876 2559 ,
1927 2510 1997 2551 ne

160 2589 631 2664 benigne—quidem
667 2590 908 2664 polliceri
940 2598 1199 2664 poteram.
1279 2590 1431 2660 Quod
1450 2598 1472 2632 ⁸
1502 2593 1648 2648 enim
1677 2592 1961 2666 pollicerer
1979 2635 1995 2659 ,

162 2704 267 2750 non
293 2697 426 2747 erat.
505 2689 624 2765 Ipse
650 2692 822 2758 enim,
851 2692 970 2764 pari
1003 2691 1219 2748 fortuna
1244 2692 1516 2758 abiectuS,
1548 2692 1779 2750 aliorum
1804 2694 1995 2767 opibus

158 2805 316 2846 casus
346 2808 492 2848 meos
521 2792 887 2865 suswntabam
902 2835 918 2859 ‚
957 2794 1276 2867 saepiusque
1305 2793 1443 2848 mihi
1475 2793 1723 2849 veniebat
1753 2795 1811 2850 in
1844 2812 1992 2852 men·

159 2897 269 2950 tem
297 2894 475 2965 queri,
502 2893 643 2966 quod
675 2895 751 2950 ita
779 2895 1040 2962 viverem,
1073 2912 1237 2968 quam
1265 2894 1529 2967 gaudere,
1562 2893 1704 2967 quod
1733 2895 1988 2952 viverem.

231 3092 371 3149 XIV.
451 3097 540 3150 40.
580 3093 832 3149 Dolebam
851 3101 873 3135 ⁴
906 3103 1089 3152 autem
1121 3098 1384 3160 maxime,
1422 3101 1480 3151 et
1511 3095 1857 3152 vehementer
1893 3112 1987 3152 an·

154 3192 344 3298 gabar,
401 3208 570 3266 quum
627 3193 864 3250 viderem
886 3237 901 3261 ,
959 3197 1026 3252 M.
1066 3196 1375 3252 Marcellum
1396 3238 1411 3260 ,
1470 3196 1649 3251 virum
1707 3195 1869 3252 talem
1926 3198 1982 3253 in

218 3375 256 3431 ¹)
287 3373 419 3436 Epist.
461 3375 514 3420 ad
543 3380 617 3420 Cn.
653 3376 878 3421 Plancium
913 3375 987 3433 (ad
1017 3379 1134 3423 Fam.
1169 3382 1235 3423 lV.
1274 3381 1343 3422 14.
1378 3380 1403 3435 §
1431 3380 1495 3436 1.)
1528 3403 1586 3411 —-
1619 3381 1658 3437 2)
1693 3378 1826 3439 Epist.
1858 3378 1910 3423 ad
1937 3382 1978 3423 P.

155 3450 363 3511 Figulum
386 3453 458 3512 (ad
488 3457 603 3499 Fam.
630 3459 701 3499 lv.
737 3459 806 3500 13.
839 3456 943 3514 §3.)
977 3483 1030 3491 —-
1067 3458 1107 3515 5)
1140 3457 1249 3503 ibid.
1275 3459 1361 3513 §L
1394 3483 1451 3492 —
1484 3458 1526 3517 4)
1557 3472 1632 3517 pro
1660 3455 1858 3503 Marcello
1883 3474 1917 3501 c.
1937 3460 1977 3499 1.

147 3530 170 3583 ᾗ
189 3531 230 3574 2.
