2158 4030
593 204 646 259 L.
671 205 709 259 l.
752 204 883 259 e.11.
928 204 967 277 S
993 208 1023 258 3
1064 235 1138 243 —
1177 222 1222 257 e.
1247 204 1336 259 111.
1380 206 1418 278 S
1446 210 1492 259 7.
1904 215 1934 262 5

0 417 2 426 ,
112 357 273 413 Pius?
328 370 502 411 nonne
540 369 709 427 usquc
754 370 815 408 eo
860 352 924 408 de
971 353 1083 407 suis
1127 352 1287 408 rebus
1324 353 1486 408 scribi
1538 356 1814 427 cupiebat,
1868 366 1929 412 ut

0 431 2 535 ζ
109 461 286 514 θῑὶειιη
316 454 589 513 Cordubae
635 432 777 510 natis
821 454 1020 526 poetiS,
1071 454 1271 526 pingue
1313 454 1567 526 quiddam
1613 457 1927 512 sonantibus

0 571 2 591 ἴ
108 565 271 631 atque
314 557 687 630 peregrinum,
739 559 917 610 tamen
957 570 1114 609 aures
1158 570 1284 608 suas
1321 553 1573 610 dederet?
1654 560 1705 610 5.
1747 556 1929 628 Neque

105 658 250 714 enim
294 662 377 712 est
419 655 519 712 hoc
561 653 1009 711 dissimulandum
1031 695 1046 718 ‚
1085 654 1225 727 quod
1264 653 1538 710 obscurari
1574 671 1678 710 non
1725 662 1926 728 potest,

107 756 199 814 sed
233 772 359 830 prae
385 755 537 812 nohis
563 754 870 812 serendum:
910 753 1179 810 trahimur
1202 770 1388 809 omnes
1419 753 1594 809 laudis
1625 754 1832 819 studio,
1872 763 1926 811 et

105 859 341 932 optimus
371 858 599 931 quisque
630 858 862 913 maxime
894 854 1063 928 gloria
1101 854 1347 917 ducitur;
1385 854 1620 910 insidet¹
1663 856 1924 927 quaedam

106 961 161 1016 in
201 958 402 1032 optimo
433 974 644 1031 quoque
675 958 878 1022 virtue,
916 972 1053 1028 quae
1098 962 1280 1011 noctes
1311 960 1366 1010 et
1396 954 1512 1010 dies
1542 955 1784 1011 animum
1817 956 1924 1028 glo·

105 1060 218 1116 riae
249 1057 485 1114 stimulis
510 1058 774 1122 concitat,
813 1063 974 1128 atque
1005 1054 1284 1119 admonet,
1325 1071 1427 1109 non
1461 1071 1586 1110 cum
1620 1056 1761 1111 vitae
1793 1063 1924 1111 tem·

0 1207 1 1215 ,
104 1175 230 1232 pore
267 1174 383 1213 esse
427 1156 802 1212 dimittendam
847 1156 1405 1211 commemorationem
1446 1155 1678 1209 nominis
1725 1156 1924 1221 nostri,

0 1326 1 1330 η
104 1259 196 1316 sed
222 1274 348 1314 eum
374 1257 519 1311 omni
546 1256 858 1328 posteritate
885 1254 1305 1326 adaequandam.
1371 1255 1482 1324 Ego
1501 1261 1523 1293 ²
1563 1271 1693 1309 vcro
1713 1256 1922 1319 omnia,

0 1391 1 1423 2
101 1374 238 1433 quae
275 1355 553 1430 gerebam,
594 1354 701 1411 iam
741 1362 857 1410 tum
893 1355 950 1409 in
987 1353 1218 1425 gerendo
1256 1370 1508 1426 spargere
1541 1371 1626 1410 me
1665 1372 1726 1409 ae
1759 1355 1922 1411 disse·

0 1476 1 1530 ;
102 1457 308 1513 minare
345 1454 648 1512 arbitrabar
681 1455 736 1510 in
769 1453 914 1509 orbis
954 1460 1128 1509 terrae
1175 1454 1488 1509 memoriam
1521 1456 1920 1526 sempiternam.

0 1542 1 1549 ἵ
103 1557 242 1614 Haec
275 1571 400 1612 vero
424 1555 537 1611 sive
561 1570 594 1611 a
620 1571 739 1610 meo
765 1570 927 1610 sensu
953 1560 1073 1626 post
1099 1560 1326 1609 mortem
1353 1553 1607 1609 abfutura
1629 1561 1743 1618 est,
1780 1556 1922 1619 sive,

102 1664 164 1714 ut
195 1655 577 1730 sapientissimi
611 1654 854 1711 homines
893 1660 1248 1727 putaverunt,
1287 1651 1354 1707 ad
1393 1652 1627 1726 aliquam
1667 1655 1771 1709 mci
1806 1671 1923 1727 par·

101 1766 209 1822 tem
242 1755 558 1831 pertinebit,
598 1772 742 1813 nunc
775 1754 991 1828 quidem
1017 1762 1164 1811 certe
1189 1755 1515 1826 cogitatione
1543 1754 1774 1827 quadam
1808 1773 1920 1828 spe·

95 1875 199 1932 que
230 1857 478 1916 delector.

171 2060 263 2117 111.
341 2065 393 2116 6.
434 2061 621 2130 Quae⁸
661 2076 830 2133 quum
858 2061 933 2115 ita
965 2061 1104 2123 sint,
1143 2059 1422 2132 epistolam
1444 2065 1464 2098 ⁴
1506 2059 1731 2114 Lucceio
1766 2059 1919 2122 misi,

94 2177 229 2235 qua,
268 2177 416 2218 meas
448 2178 534 2217 res
566 2167 629 2216 ut
659 2161 947 2224 scriberet,
987 2160 1186 2231 rogavi.
1267 2161 1383 2215 Ac⁵
1423 2176 1527 2214 non
1563 2159 1810 2222 verebar,
1852 2176 1920 2214 ne

94 2260 549 2318 assentatiuncula
595 2259 826 2332 quadam
870 2260 1128 2332 aucupari
1176 2259 1346 2331 ipsius
1396 2261 1628 2332 gratiam
1673 2258 1884 2315 viderer
1903 2301 1917 2323 ,

94 2378 261 2436 quum
306 2360 405 2416 hoe
449 2359 871 2416 demonstrarem
893 2403 907 2425 ,
958 2377 1045 2415 me
1083 2360 1150 2414 ab
1189 2361 1303 2431 ipso
1348 2360 1688 2432 potissimum
1733 2362 1915 2416 ornari

90 2460 453 2534 celebrarique
484 2460 635 2517 velle.
711 2460 893 2533 Neque
923 2460 1068 2516 enim
1102 2461 1148 2514 is
1178 2466 1297 2515 erat
1328 2458 1620 2524 LucceiuS,
1657 2459 1782 2532 qui,
1820 2462 1914 2532 qui

0 2636 2 2642 y
87 2568 258 2628 esset,
298 2562 560 2626 nesciret,
600 2567 655 2617 et
686 2561 780 2634 qui
813 2578 917 2616 non
951 2578 1041 2616 eos
1074 2561 1274 2632 magis,
1313 2561 1408 2633 qui
1455 2561 1631 2633 ipsum
1672 2576 1777 2615 non
1822 2559 1910 2616 ad·

85 2664 444 2728 mirarentur,
483 2661 722 2728 invidoS,
773 2678 936 2735 quam
974 2679 1092 2727 θος,
1131 2662 1226 2734 qui
1265 2660 1582 2726 laudarent,
1621 2668 1910 2716 assentato-

84 2779 172 2819 res
203 2762 586 2820 arbitraretur:
626 2779 800 2835 neque
830 2769 1011 2818 autem
1044 2779 1143 2832 ego
1181 2778 1303 2816 sum
1337 2762 1412 2816 ita
1444 2760 1692 2826 demenS,
1733 2766 1795 2816 ut
1825 2777 1913 2815 me

0 2856 4 2938 f
84 2863 441 2936 sempiternae
485 2862 685 2935 gloriae
723 2879 820 2935 per
863 2879 987 2918 eum
1032 2861 1395 2917 commendari
1436 2861 1627 2926 velim,
1665 2860 1759 2933 qui
1804 2876 1910 2915 non

83 2965 197 3036 ipse
229 2978 441 3035 quoque
478 2963 535 3018 in
566 2979 654 3019 me
685 2962 1105 3018 commendando
1143 2963 1413 3034 propriam
1448 2961 1649 3032 ingenii
1682 2960 1908 3031 gloriam

83 3068 460 3136 consequatur.
542 3067 592 3118 7.
632 3063 813 3135 Neque
844 3063 989 3122 euim
1023 3061 1320 3117 Alexander
1360 3060 1448 3115 ille
1481 3059 1686 3131 gratiae
1718 3077 1909 3116 caussa

0 3231 5 3255 ÷
83 3164 151 3218 ab
177 3163 357 3237 Apelle
395 3164 736 3236 potissimum
771 3164 918 3234 pingi
952 3170 1005 3218 et
1039 3180 1068 3216 a
1102 3163 1331 3235 Lysippo
1366 3160 1494 3230 fingi
1535 3159 1775 3222 volebat;
1815 3160 1906 3216 sed

129 3415 180 3472 ⁰¹)
212 3411 323 3458 lbid.
361 3426 397 3456 e.
432 3415 506 3458 11.
555 3413 680 3469 §29.
729 3440 787 3449 —-
836 3411 1021 3473 ⁸)1hid.
1066 3431 1101 3457 c.
1132 3414 1202 3457 12.
1251 3412 1377 3468 §30.
1427 3436 1486 3445 -—
1527 3412 1569 3469 ³)
1618 3409 1726 3454 lbid.
1777 3411 1903 3467 531.

77 3491 119 3550 4)
149 3489 203 3535 ad
229 3493 319 3537 Att.
339 3491 409 3537 lv.
449 3494 490 3536 6.
524 3491 608 3547 M.
644 3517 700 3527 —-
733 3495 774 3550 5)
808 3491 939 3551 Epist.
975 3490 1027 3535 ad
1055 3488 1284 3534 Lucceium
1319 3488 1391 3545 (ad
1426 3492 1543 3535 Fam.
1564 3492 1609 3535 V.
1644 3492 1715 3533 12.
1751 3492 1856 3546 336.)
