2210 3970
241 238 349 291 560
703 252 1033 289 ANNALES
1090 251 1600 291 CICERONIANI.

236 382 456 445 Verres;
495 382 617 453 qui,
665 381 891 436 simulac
937 383 1175 454 primum
1223 382 1273 436 ei
1311 383 1520 436 occasio
1562 384 1675 438 visa
1719 390 1830 449 est,
1879 401 2063 440 aversa

232 484 458 555 pecunia
491 480 734 553 publica,
772 482 1044 537 consulem
1065 525 1081 549 ,
1121 482 1450 547 exercitum,
1483 488 1681 537 sortem
1711 484 2062 555 provinciam-

235 600 339 655 que
378 583 631 638 deseruit.
671 601 727 637 11.
769 601 814 637 c.
838 587 889 638 6.
933 586 1020 638 16.
1061 601 1107 638 c.
1136 587 1220 638 16.
1258 587 1346 638 44.
1387 600 1435 638 c.
1461 587 1548 638 19.
1589 587 1681 638 52.

291 684 378 729 Cic.
411 684 458 728 in
488 685 607 729 Vei-r.
637 685 736 729 Act.
763 697 815 728 11.
848 687 893 728 L.
913 698 942 729 1.
977 700 1013 729 c.
1033 687 1074 729 4.
1111 688 1183 729 11.
1246 683 1552 745 Reperiemus,
1584 685 1628 728 si
1658 684 1797 728 istum
1826 685 1973 729 vivum
2005 685 2067 729 ad

231 760 362 806 aliud
393 761 610 806 iudicium
642 759 882 820 perducere
905 762 1180 821 poterimus,
1213 761 1375 822 quibus
1393 761 1655 822 probemus,
1688 762 1828 806 istum
1858 762 1907 806 in
1930 778 2064 822 quae-

227 846 358 883 stura
386 839 620 899 pecuniam
645 837 876 897 publicam
907 840 980 883 Gn.
1017 838 1204 882 Carboni
1233 837 1409 883 consuli
1439 837 1592 883 datam
1621 839 1860 883 avertisse.-
1902 839 2064 900 quibus

222 915 599 975 persuadeamus,
622 915 763 958 istum
789 913 935 958 alieno
960 916 1134 959 nomine
1152 921 1183 958 α’
1207 914 1516 974 quaestoribus
1539 915 1748 972 urbanis,
1776 904 1896 976 quoil
1910 917 2064 977 priore

227 993 410 1036 Actione
437 991 666 1037 didicistis
681 1024 695 1048 .,
721 993 960 1052 pecuniam
991 993 1248 1039 abstulisse.
1310 991 1424 1038 lbid.
1454 1009 1490 1038 ο,
1509 996 1583 1038 13.
1615 996 1688 1040 31.
1756 994 1975 1051 Quaestor
2005 1011 2060 1038 ea·

226 1077 410 1114 senatus
434 1069 635 1114 consulto
645 1071 925 1131 provinciam
949 1072 1139 1116 sortitus
1162 1086 1222 1116 es.
1275 1070 1450 1131 Obtigit
1473 1070 1560 1115 tibi
1579 1068 1852 1127 consularis,
1884 1079 1936 1115 ut
1962 1088 2062 1117 cum

227 1148 406 1194 consule
441 1151 515 1195 Cn.
536 1149 727 1195 Carbone
750 1165 869 1194 esses
894 1154 1075 1210 eamque
1090 1149 1368 1211 provinciam
1388 1148 1620 1194 obtineres.
1652 1175 1714 1182 —
1749 1148 1885 1193 Carbo
1912 1151 2062 1211 gravi·

228 1234 295 1271 ter
323 1226 520 1285 ferebat,
550 1228 643 1272 sibi
669 1231 946 1289 quaestorem
971 1228 1185 1290 obtigisse
1212 1227 1427 1272 hominem
1452 1225 1679 1288 singulari
1710 1226 1897 1272 luz-‘uria
1926 1235 2062 1288 atque

227 1305 405 1350 inertia.
483 1306 790 1352 Verumtamen
839 1305 1026 1350 ornabat
1073 1322 1172 1350 eum
1224 1294 1453 1367 beneficiis
1505 1301 1719 1350 omnibus.
1791 1292 1854 1349 Ne
1883 1305 2060 1352 diutius

226 1389 421 1436 taceam,
454 1382 651 1442 pecunia
689 1383 910 1428 attributa
926 1416 940 1440 ‚
979 1392 1213 1429 numerata
1244 1391 1325 1429 est.
1399 1382 1642 1443 Profectus
1672 1389 1741 1428 est
1770 1391 1982 1444 quaestor
2009 1384 2060 1429 in

218 1460 510 1520 provinciam.
589 1461 716 1504 Venit
748 1468 1032 1522 exspectatus
1073 1461 1122 1506 in
1161 1460 1358 1506 Galliam
1399 1460 1462 1506 ad
1503 1461 1746 1506 exereitum
1785 1460 2060 1505 consularem

227 1553 325 1581 cum
347 1537 552 1597 pecunia.
627 1538 827 1582 Simulae
848 1540 1051 1599 primum
1087 1538 1130 1582 ei
1159 1539 1329 1583 occasio
1359 1535 1470 1584 visav
1490 1546 1560 1584 est
1590 1565 1650 1573 —-
1681 1553 1838 1582 aversa
1866 1540 2059 1600 pecunia

217 1615 405 1676 publica
419 1617 630 1676 quaestor
645 1617 880 1674 consulem,
898 1618 1161 1675 exercitum,
1175 1625 1338 1662 sortem
1348 1607 1711 1678 provinciamque
1725 1615 1933 1660 deseruit.
1949 1615 2056 1660 thid.

225 1698 323 1737 Act.
356 1706 408 1738 11.
442 1697 485 1737 L.
506 1706 576 1739 111.
610 1710 647 1739 c.
675 1697 746 1739 76.
779 1699 884 1740 177.
948 1695 1282 1741 Pseudo-Ascua.
1315 1694 1363 1740 in
1389 1689 1487 1741 Act.
1510 1707 1623 1757 ,1..p.
1641 1693 1746 1742 129.
1799 1693 1934 1738 Carbo
1963 1695 2058 1738 Ma-

224 1771 379 1815 rianae
395 1772 553 1832 partis
583 1771 677 1816 dux
708 1772 912 1834 idemque
938 1772 1096 1818 consul
1120 1772 1322 1818 desertus
1335 1766 1546 1834 ‘Arimini
1571 1781 1641 1818 est
1666 1790 1695 1816 a
1709 1779 1953 1834 ..quaestore
1976 1787 2058 1816 suo

231 1850 386 1905 Verre,
417 1848 643 1909 spoliatus
662 1853 854 1911 pecunia
879 1851 1088 1913 publiea,
1121 1868 1255 1913 quam
1278 1857 1487 1912 quaestor
1512 1851 1560 1896 in
1587 1853 1783 1896 eaeeroitu
1807 1851 1859 1895 de
1885 1851 2059 1895 aerario

225 1934 500 1987 sumpserat,
545 1945 681 1988 quum
713 1929 775 1973 ad
805 1930 981 1975 Sullam
1007 1929 1087 1975 ille
1118 1931 1333 1974 transiret
1355 1928 1564 1990 proditor
1592 1930 1798 1991 partium
1836 1929 2057 1978 Mariana·

223 2020 336 2049 rum.
398 2003 635 2052 Scholiasta
658 2011 837 2054 Gronov.
867 2008 916 2053 in
943 2011 1041 2053 Act.
1060 2020 1091 2053 1.
1124 2024 1164 2069 p.
1183 2010 1287 2052 387.
1319 2006 1682 2068 Depeculatorem
1712 2006 1944 2062 aerarii,
1967 2018 2058 2067 pu·

207 2081 364 2126 'blicae
389 2084 607 2143 pecuniae
623 2115 638 2139 ‚
681 2101 815 2145 quam
837 2084 1034 2144 furatus
1066 2093 1160 2141 est,
1201 2100 1337 2146 quum
1369 2091 1580 2145 quaestor
1616 2092 1732 2130 esset
1762 2084 1971 2129 Carbonis
2012 2086 2056 2129 G.

231 2162 410 2218 Verres,
443 2163 523 2222 qui
547 2162 780 2208 Marianus
791 2162 912 2222 suit.
973 2165 1094 2209 Dum
1119 2169 1216 2219 erat
1236 2162 1394 2224 consul
1409 2162 1459 2207 in
1489 2163 1666 2215 Gallia,
1700 2170 1908 2224 quaestor
1923 2161 2057 2220 suit,

224 2246 268 2282 et
309 2239 489 2284 sublata
523 2241 717 2301 pecunia
750 2241 938 2302 publiea
974 2257 1106 2286 suum
1142 2241 1365 2288 consulem
1401 2240 1628 2300 deseruit,
1672 2248 1716 2286 et
1747 2240 1810 2287 ad
1840 2239 2056 2286 Sullanas

225 2318 479 2380 transfugit
496 2327 671 2380 partes.
699 2317 782 2376 [Cf.
815 2319 870 2363 ad
903 2334 940 2363 a.
964 2321 1067 2364 674.
1101 2320 1169 2378 2.]

975 2540 1293 2549 ————-——

973 2552 1293 2560 ———--

524 2718 781 2774 ANNUS
832 2718 1075 2774 VITAE
1124 2717 1544 2776 CICERONIS
1600 2719 1760 2776 XXV.

223 2915 260 2943 a.
280 2902 390 2947 uc.
724 2901 837 2941 Coss.
873 2901 915 2942 C.
952 2900 1142 2941 MARIUS
1177 2902 1220 2944 C.
1254 2903 1299 2943 F.
1885 2917 1921 2944 a.
1939 2903 1988 2944 A.
2007 2904 2050 2944 C.

257 2992 366 3036 672.
842 2976 844 2978 ’
881 2976 956 3034 eu.
992 2993 1227 3034 PAanJs
1260 2994 1424 3035 mano
1457 2994 1531 3035 111.
1935 2996 2010 3037 82.

298 3121 361 3196 (¹)
404 3119 551 3176 Sulla
590 3138 716 3176 cum
757 3122 1094 3177 exercituin
1134 3123 1346 3178 Italiam
1384 3141 1684 3197 regressu8‚
1724 3124 1913 3178 occisis
1950 3125 2048 3178 ini·

219 3223 411 3287 miciS,
463 3221 651 3276 urbem
700 3222 920 3276 Romam
971 3224 1165 3299 recipit
1209 3230 1263 3279 et
1302 3224 1720 3298 pulcherrimam
1764 3225 2045 3279 victoriam

133 3327 135 3329 ’
217 3339 428 3376 summa
459 3322 706 3393 inquinat
740 3321 1075 3377 crudelitate.
1117 3341 1159 3378 1.
1194 3342 1243 3381 c.
1269 3329 1361 3379 54.
1401 3329 1524 3381 108.
1563 3322 1640 3380 111.
1676 3342 1722 3379 c.
1749 3328 1840 3381 52.
1880 3329 2004 3381 101.

278 3415 467 3467 Velleius
502 3436 551 3467 11.
583 3438 619 3468 c.
638 3425 712 3468 26.
745 3426 788 3467 1.
836 3422 1006 3467 Deinde
1049 3423 1251 3467 consules
1298 3424 1434 3469 Carbo
1466 3423 1647 3469 tertium
1684 3433 1729 3468 et
1770 3426 1812 3468 G.
1846 3426 2043 3481 Marius‚

217 3500 381 3561 septies
405 3499 602 3545 consulis
627 3499 786 3560 filius,
817 3492 957 3545 annos
987 3508 1122 3548 natus
1154 3515 1268 3548 xxvx
1303 3501 1378 3560 [cf.
1397 3503 1542 3549 Livius
1559 3505 1634 3565 Ep.
1654 3506 1776 3562 86.],
1809 3506 1878 3548 vir
1904 3505 2044 3549 animi
