2210 3970
190 231 295 282 546
464 299 466 301 Ι
652 241 981 279 ANNALES
1035 241 1546 278 CICERONIANI.

257 371 447 419 Velleius
483 385 530 415 11.
562 386 602 414 e.
635 373 706 415 18.
741 374 780 416 1.
814 368 1130 425 Mithridates,
1160 370 1376 413 Ponticas
1407 385 1513 424 rem,
1546 394 1604 402 —
1637 376 1852 429 occupata
1882 370 2022 424 Asia,

197 451 452 510 necatisque
482 450 531 493 in
564 463 615 491 ea
646 446 847 490 omnibus
876 447 1049 492 civibus
1079 447 1318 502 Romanis,
1350 471 1411 482 --
1442 463 1589 506 quum¹
1611 446 1828 491 terribilis
1858 447 2024 491 Italiae

198 545 373 589 quoque
403 526 626 571 videretur
657 524 913 580 imminere,
955 533 1074 570 sorte
1104 524 1276 569 obvenit
1307 523 1465 569 Sullae
1495 524 1607 567 Asia
1627 523 1875 584 provincia.
1938 526 2026 568 Eu-

198 615 309 667 trop.
344 619 387 649 v.
420 620 456 648 c.
487 606 527 647 4.
576 604 789 648 Gaussam
821 602 933 646 bello
963 603 1090 647 civili
1133 605 1179 649 C.
1196 603 1367 647 Marius
1398 603 1546 647 semies
1593 617 1680 646 cos.
1709 600 1844 646 dedit.
1916 602 2027 645 Nam

200 699 336 742 quum
369 682 501 726 Sulla
532 680 689 725 consul
717 688 869 725 contra
892 681 1202 726 Mithridatem
1229 689 1442 743 gesturus
1474 680 1661 735 bellum,
1692 679 1774 740 qui
1804 678 1958 721 Asiam
1985 685 2030 721 et

199 761 411 805 Achaiam
441 765 759 819 occupaverat,
800 758 1079 815 mitteretur,
1110 759 1241 818 isque
1273 759 1516 803 exercitum
1546 759 1596 802 iu
1631 756 1871 817 Campania
1894 752 2031 817 paul·
2114 753 2117 755 ’

201 838 338 900 lisper
376 842 572 891 teneret,
613 843 668 878 ut
699 834 806 878 belli
843 834 1038 878 Socialis
1068 858 1128 871 —
1158 834 1381 895 reliquiae
1411 835 1702 891 tollerentur,
1745 833 1919 879 Marius
1949 830 2030 875 ad·

191 915 421 973 sedavit,
468 920 521 956 ut
551 912 648 971 ipse
680 911 751 954 ad
770 911 932 955 bellum
963 910 1323 956 Mithridaticum
1351 910 1617 958 mitteretur.
1697 911 1876 972 Appian.
1911 914 1955 956 B.
1985 911 2030 955 C.

203 1006 233 1035 1.
268 1008 303 1035 e.
323 996 396 1035 55.
427 989 632 1047 Ἐπειδή
668 989 1013 1051 Μιθριδάτης,
1051 989 1078 1034 ό
1108 993 1197 1035 τοῦ
1231 991 1429 1036 Πόντου
1457 994 1539 1036 καὶ
1573 989 1730 1035 ἄλλων
1758 987 1916 1035 ἐθνῶν
1949 987 2030 1047 βα-

201 1071 396 1136 σιλεύς,
446 1068 496 1122 ἐς
523 1072 778 1123 ,Βιθυνίαν
807 1071 892 1115 καὶ
925 1071 1136 1131 Φρυγίαν
1172 1071 1255 1114 καὶ
1291 1068 1376 1127 τήν
1406 1069 1586 1131 ὅμορον
1630 1067 1805 1126 αὐταῖς
1853 1069 2031 1112 Ἀσίαν

200 1148 448 1209 ἐνέβαλεν,
486 1156 546 1184 4-
578 1149 779 1200 Σύλλας
809 1147 897 1209 μὲν
937 1147 1191 1194 ὑπατεύων
1227 1146 1370 1205 ἔλαχε
1411 1154 1694 1211 στρατηγεῖν
1729 1149 1813 1204 τῆς
1853 1147 2030 1197 Ἀσίας

202 1232 283 1274 καὶ
315 1229 459 1275 τοῦδε
485 1232 572 1274 τοῦ
597 1227 968 1290 Μιθριδατείου
996 1227 1227 1289 πολέμου.
1293 1224 1354 1272 ld'.
1383 1231 1429 1272 Β.
1455 1226 1600 1272 Mithr.
1624 1241 1659 1271 c.
1678 1227 1751 1269 22.
1796 1222 2032 1285 Ῥωμαῖοι

199 1309 263 1364 δ’,
300 1308 350 1358 ἕξ
384 1299 440 1353 οὗ
479 1310 562 1365 τῆς
600 1306 790 1369 πρώτης
838 1308 995 1354 αὐτοῦ
1032 1306 1271 1370 ὁρμῆς-τε.
1294 1309 1376 1354 καὶ
1410 1304 1461 1359 ὃς
1502 1305 1587 1364 τήν
1619 1290 1794 1350 Ἀσίαν
1824 1303 2031 1365 ἐσβολῆς

203 1389 478 1443 ἐπύθοντο,
525 1390 806 1451 στρατεύειν
850 1387 924 1432 ἐπ’
960 1386 1111 1433 αὐτὸν
1157 1385 1492 1448 ἐψηφίσαντο·
1527 1411 1587 1418 -
1620 1384 1950 1446 κληρουμένων
1982 1382 2037 1430 δὲ

202 1468 296 1528 τῶν
329 1466 547 1524 ὑπάτων,
582 1467 725 1525 ἔλαχε
764 1465 852 1526 μὲν
887 1469 1163 1529 Κορνήλιος
1191 1467 1394 1525 Σύλλας
1426 1463 1597 1527 ἄρχειν
1629 1466 1712 1522 τῆς
1744 1467 1919 1516 Ἀσίας
1953 1465 2036 1510 καὶ

202 1551 430 1610 πολεμεῖν
460 1549 523 1612 τῷ
549 1547 858 1610 Μιθριδάτῃ.
924 1545 1145 1592 Plutarch.
1169 1547 1289 1595 Sull.
1311 1563 1347 1592 c.
1365 1550 1406 1591 7.
1437 1549 1480 1590 1.
1525 1546 1650 1591 Τότε
1666 1541 1719 1590 δὲ
1742 1571 1803 1579 —-
1825 1542 2038 1602 ἐπτόητο

201 1634 257 1689 τῇ
285 1627 447 1692 γνώμῃ
477 1627 596 1690 πρὸς
627 1628 712 1686 τὸν
731 1623 1104 1688 Μιθριδατικὸν
1135 1627 1368 1686 πόλεμον.
1433 1625 1784 1678 ’Λντανίστατο
1817 1620 1871 1668 δὲ
1901 1621 2035 1684 αὐτῷ

201 1710 396 1769 Μάριος
440 1706 535 1753 ὑπὸ
560 1708 854 1766 ιδοξομανίας
893 1708 974 1751 καὶ
1013 1708 1324 1766 φιλοτιμίας.
1356 1730 1415 1738 -
1446 1706 1548 1749 Καὶ
1579 1706 1668 1749 τοῦ
1709 1703 1886 1748 Σύλλα
1915 1702 2038 1764 πρὸς

205 1788 289 1838 τὰς
311 1785 557 1838 ἐπιλιπεῖς
583 1787 781 1848 πράξεις
807 1784 1101 1847 ὁρμήσαντος
1124 1787 1196 1837 εἰς
1225 1783 1282 1830 τὸ
1311 1782 1668 1843 στρατόπεδον,
1702 1782 1855 1835 αὐτὸς
1878 1784 2034 1827 οἰκον·

207 1866 302 1927 ρῶν
347 1864 649 1911 ἐτεκταίνετο
680 1866 765 1924 τήν
801 1864 1166 1925 ὀλεθριωτάτην
1211 1861 1400 1920 ἐκείνην
1442 1865 1524 1908 καὶ
1556 1863 1650 1908 ὅσα
1678 1863 1954 1922 σύμπαντες
1989 1862 2038 1906 οἱ

203 1946 413 2005 πόλεμοι
443 1945 526 2003 τήν
561 1943 752 2005 Ῥώμην
785 1944 876 1990 οὐκ
906 1941 1122 2003 ἔβλαψαν
1149 1940 1543 2005 ἀπεργασαμένην
1567 1934 1762 1986 στάσιν.
1825 1939 1944 1984 Conf.
1973 1939 2038 1984 ld.

204 2028 305 2069 Mar.
341 2040 378 2068 c.
406 2027 480 2068 34.
511 2024 683 2068 Orosius
718 2037 761 2068 v.
794 2039 830 2067 ο.
855 2026 928 2068 19.
962 2021 1101 2070 Valer.
1134 2024 1240 2065 Max.
1274 2033 1345 2065 ιη.
1375 2035 1412 2063 ο.
1441 2022 1552 2064 8.,5.
1615 2019 1769 2064 Florus
1796 2030 1868 2063 111.
1898 2034 1937 2065 c.
1964 2020 2038 2063 21.

205 2101 447 2164 Cybulski,
479 2101 534 2146 de
564 2101 692 2146 Bello
728 2100 862 2145 Civili
893 2099 1099 2144 Sullano.
1131 2097 1273 2143 Beroi-
1290 2100 1426 2143 1838.
1459 2101 1520 2144 8⁰.

283 2255 345 2330 (2)
389 2256 446 2310 P.
485 2255 784 2327 Sulpicium
828 2252 1060 2318 Rufum,
1115 2220 1632 2324 tribunum'plebis,
1673 2251 1767 2324 qui
1801 2266 1898 2323 pro
1936 2250 2048 2305 Ma-

209 2358 289 2411 rio
339 2360 525 2411 contra
578 2355 781 2411 Sullam
835 2354 1041 2417 stabat,
1098 2353 1342 2434 quotidie⁴
1384 2354 1790 2408 concionantem
1844 2351 2051 2406 audivit
2134 2388 2137 2390 -

213 2458 412 2512 Cicero,
454 2475 489 2510 1.
520 2473 565 2510 c.
590 2459 679 2509 51.
720 2459 844 2509 101.

276 2557 361 2601 Cic.
378 2560 502 2599 Brut.
520 2570 558 2597 c.
580 2555 651 2598 49.
671 2555 774 2596 182.
806 2551 972 2596 Iisdem
1004 2551 1102 2606 fere
1132 2553 1403 2614 temporibus
1429 2561 1576 2597 aetate
1605 2553 1845 2608 inferiores
1864 2551 2050 2612 paullo,

218 2650 351 2695 quam
382 2631 533 2675 Iulius
551 2663 565 2685 ,
608 2628 689 2672 sed
715 2629 925 2688 aequales
949 2628 1266 2690 propemodum
1289 2629 1487 2689 fuerunt
1523 2632 1565 2675 C.
1596 2632 1752 2684 Cotta,
1785 2630 1838 2674 P.
1855 2628 2053 2689 Sulpici-

217 2728 305 2766 us,
342 2710 392 2768 Q.
430 2707 659 2762 Valerius,
691 2714 774 2753 cet.
806 2733 868 2740 —-
899 2708 978 2750 Ex
1006 2706 1076 2749 his
1107 2708 1235 2751 Cotta
1258 2715 1301 2752 et
1329 2708 1562 2768 Sulpicius
1589 2725 1724 2766 quum
1747 2723 1839 2750 meo
1863 2705 2054 2761 indicio,

220 2798 315 2833 tum
348 2788 568 2838 omnium,
593 2783 745 2844 facile
763 2786 943 2846 primas
973 2783 1266 2830 tulenmt.—-
1284 2790 1410 2832 ο.55.
1444 2789 1550 2831 203.
1583 2787 1692 2830 Fuit
1723 2785 1956 2845 Sulpicius
1986 2783 2059 2827 vel

219 2867 410 2910 maxime
441 2865 660 2918 omnium,
692 2879 802 2923 quos
832 2862 1009 2925 quidem
1041 2880 1118 2924 ego
1150 2864 1423 2920 audiverim,
1464 2863 1652 2926 grandis
1684 2870 1758 2919 et,
1804 2869 1858 2906 ut
1887 2862 1956 2905 ita
1987 2861 2055 2905 di-

220 2960 343 3017 cam,
383 2942 584 3002 tragicus
616 2952 779 2990 orator.
814 2946 950 2991 Vox
987 2961 1124 3004 quum
1153 2959 1343 3007 magna,
1388 2951 1485 2990 tum
1515 2944 1670 2987 suavis
1712 2950 1756 2987 et
1786 2940 2056 3003 splendida;

217 3010 375 3084 qestus
418 3029 462 3065 et
499 3029 647 3066 motus
689 3023 885 3085 corporis
924 3024 993 3069 ita
1023 3029 1265 3078 venustus,
1311 3028 1365 3065 ut
1400 3028 1544 3065 tamen
1577 3019 1638 3064 ad
1657 3021 1845 3080 forum,
1879 3036 1965 3063 non
1997 3018 2059 3062 ad

221 3103 396 3146 scenam
437 3102 679 3146 institutus
718 3096 974 3157 videretur,⁸
1013 3102 1204 3146 incitata
1235 3107 1280 3143 et
1309 3098 1550 3153 volubilis,
1594 3115 1670 3142 nec
1713 3115 1764 3142 ea
1801 3093 2054 3142 redundans

224 3189 370 3225 tamen
408 3196 496 3224 nec
526 3180 840 3245 circumfluens
877 3180 1035 3225 orat-io.
1117 3179 1325 3223 Crassum
1365 3178 1438 3224 hic
1466 3176 1657 3222 volebat
1667 3175 1876 3220 imitari·
1857 3209 1872 3230 ,
1925 3176 2053 3219 Cotta

224 3258 416 3323 malebat
461 3243 725 3304 Antonium:
771 3257 851 3302 sed
884 3257 942 3301 ab
989 3256 1067 3301 hoc
1104 3257 1173 3300 vis
1220 3256 1374 3300 aberat
1418 3254 1630 3310 Antonii,
1682 3253 1833 3296 Crassi
1873 3252 1928 3296 ab
1970 3251 2052 3295 illo
2082 3286 2093 3293 -

226 3316 377 3397 lepos.
409 3319 505 3370 -—¹—
513 3352 548 3380 c.
568 3318 642 3380 2'8.
676 3338 780 3381 204.
818 3337 964 3395 Atque
1003 3334 1052 3378 in
1086 3333 1156 3377 his
1188 3334 1438 3378 oratoribus
1469 3316 1591 3376 illud
1619 3328 2052 3374 animadvertendum

223 3418 321 3470 osb,
347 3399 493 3474 posse
511 3420 607 3457 esse
631 3429 852 3470 summos,
886 3413 968 3473 qui
990 3413 1114 3456 inter
1142 3428 1191 3457 se
1219 3413 1316 3456 sint
1342 3404 1606 3455 dissimiles.
1668 3408 1796 3452 Nihil
1817 3409 1931 3452 enim
1958 3415 2049 3451 tam

219 3492 470 3549 dissimile,
503 3508 635 3552 quam
669 3493 796 3536 Cotta
828 3491 1061 3552 Sulpicio,
1094 3498 1138 3535 et
1168 3498 1352 3550 uterque
1384 3488 1648 3548 aequalibus
1682 3488 1780 3532 saie
1800 3487 2048 3548 plurimum
