2210 3970
600 251 656 304 L.
682 251 743 305 x.
788 269 832 303 ο.
857 249 942 302 1v.
988 248 1025 320 g
1052 252 1084 302 9
1123 279 1199 288 -
1240 247 1324 302 v1.
1368 247 1520 319 315.
1902 251 2009 301 459

180 420 185 423 ·
253 402 317 457 V.
404 405 486 456 11.
530 402 757 474 Itaque¹
799 401 933 457 mihi
973 415 1183 472 semper
1224 398 1703 470 Peripateticorum
1738 396 2012 452 Academi-

100 507 109 515 “
179 518 344 575 aeque
402 502 730 558 consuetudo
769 502 835 557 de
887 500 1133 557 omnibus
1174 498 1334 555 rebus
1388 499 1441 553 in
1494 498 1792 552 contrarias
1831 504 2010 569 partes

179 602 475 658 disserendi
516 619 619 657 non
660 603 724 656 oh
759 619 875 657 eam
910 616 1154 657 caussam
1191 599 1361 655 solum
1403 599 1641 671 placuit,
1683 597 2013 670 quod‘alitcr

177 719 283 758 non
312 707 524 776 posset,
584 703 713 774 quid
750 705 803 757 in
840 719 945 757 una
979 716 1190 775 quaque
1229 716 1288 755 re
1321 697 1613 754 verisimile
1653 706 1830 763 esset,
1871 699 2011 753 inve-

176 803 318 863 niri:
357 802 450 858 sed
491 802 651 857 ctiam
675 845 690 866 ,
731 802 869 875 quod
900 809 1040 857 esset
1061 818 1123 858 ea
1155 803 1389 856 maxima
1422 799 1635 856 dicendi
1669 800 2010 854 exercitatio:

175 917 282 976 qua
316 903 565 976 princeps
599 920 729 959 usus
763 911 844 959 cst
866 903 1208 964 Aristoteles,
1250 918 1410 976 quem
1426 908 1463 967 ²,
1505 893 1727 973 excepto
1760 900 1978 956 Platone
2002 943 2015 963 ,

173 1001 320 1058 haud
353 1003 464 1058 scio
499 1019 566 1058 an
607 1010 756 1060 recte
789 1004 1018 1060 dixerim
1059 1004 1358 1077 principem
1399 1001 1855 1075 philosophorum.
1899 1001 2014 1056 Ari·

175 1102 426 1159 stoteles⁸
459 1105 603 1159 enim
642 1104 875 1177 plurima
915 1105 1228 1161 adiumenta
1261 1111 1423 1178 atque
1452 1108 1770 1159 ornamenta
1809 1101 2015 1157 submi-

175 1205 437 1261 nistravit
465 1205 591 1260 huic
631 1206 772 1270 arti,
833 1211 928 1260 et⁴
982 1204 1373 1269 adolescenteS‚
1416 1220 1521 1260 non
1574 1204 1641 1258 ad
1680 1202 2015 1276 philosopho-

172 1312 298 1362 rum
336 1302 542 1360 morem
572 1306 809 1360 tenuiter
842 1304 1171 1369 disserendi,
1226 1304 1318 1359 sed
1354 1302 1421 1358 ad
1454 1304 1665 1375 copiam
1699 1302 1977 1357 rhetorum
2000 1344 2014 1366 ,

166 1403 229 1459 'in
277 1408 566 1476 utramque
599 1400 827 1476 'partem
849 1446 864 1468 ,
914 1410 976 1458 ut
1017 1404 1263 1459 ornatius
1295 1409 1350 1457 et
1390 1402 1611 1458 uberius
1650 1401 1758 1455 dici
1799 1409 2013 1473 posset,

165 1504 429 1561 exercuit.
488 1507 599 1559 '1‘2.
654 1503 857 1559 Deinde
877 1509 900 1542 ⁵
937 1519 1062 1559 eum
1105 1505 1199 1576 qui
1240 1503 1412 1558 secuti
1466 1508 1595 1557 sunt
1636 1502 2015 1574 Peripateticiss

164 1600 332 1662 'eliam
369 1604 505 1661 hae'c'
532 1605 684 1679 ipsa,
723 1620 860 1677 quac
898 1606 1115 1678 propria
1158 1609 1435 1659 oratorum
1470 1610 1735 1676 putantiu·
1756 1602 2015 1658 vessc'ad-

164 1707 432 1764 iumenta'
441 1709 624 1781 atique
634 1714 952 1763 ornamenta
986 1706 1235 1771 dicendi,
1277 1706 1343 1761 ab
1376 1722 1432 1760 se
1460 1707 1570 1778 peti
1601 1706 1828 1760 vincunt
1860 1721 2011 1777 opor·

162 1812 314 1871 tere}
353 1819 416 1865 ac
454 1824 560 1866 non
572 1809 763 1865 solum
797 1808 1049 1875 meliora,
1090 1807 1183 1863 sed
1211 1809 1376 1863 ctiam
1410 1806 1582 1862 multo
1615 1805 1771 1879 plura
1806 1807 2009 1861 Aristo·

163 1892 326 1966 telem
346 1894 893 1984 Theophrastumque
926 1910 992 1965 de
1032 1909 1118 1965 his
1156 1909 1353 1975 rebuS,
1393 1924 1557 1981 quam
1597 1923 1783 1963 omnes
1822 1907 2003 1963 dicen-

159 1993 221 2065 di
244 2003 572 2084 magistros}
613 2012 895 2086 scripsisse
914 2011 1223 2068 ostendunt.
1283 2011 1513 2067 Nostra⁷
1533 2017 1716 2065 autem
1744 2010 2005 2065 memoria

163 2099 562 2184 Philfflg'qiiem·
591 2101 688 2168 'nos
721 2110 1031 2185 frequenter
1069 2111 1407 2177 audivimus,
1448 2111 1694 2166 instituit
1734 2110 1838 2165 alio
1876 2118 2010 2165 tem·

162 2211 291 2284 'pore
311 2194 608 2268 ’rhetorum
648 2218 933 2286 praecepta
965 2211 1206 2278 tradere,
1248 2212 1351 2267 alio
1389 2210 1847 2284 philosophorum.
1927 2209 2007 2284 Ad

162 2295 334 2382 quam
384 2307 827 2369 consuetudinem
871 2329 905 2368 a
961 2312 1321 2368 familiarihus
1382 2312 1581 2367 nostris
1638 2311 1895 2377 adducti,
1949 2313 2004 2367 in

159 2395 481 2467 Tusculano
508 2413 698 2485 saepe,
731 2413 900 2485 'quod
941 2396 1129 2469 datum
1176 2421 1262 2468 est‘
1299 2397 1556 2487 temporis
1600 2411 1752 2468 nobis
1772 2454 1788 2478 ,
1849 2414 1903 2467 in
1943 2429 2005 2467 eo

161 2512 609 2585 consumpsimus.

156 2728 161 2734 ’
231 2698 346 2769 Ἦ.
399 2714 498 2768 x1'5.'
535 2713 911 2786 Quamquam⁰
938 2730 1044 2769 non
1069 2731 1258 2771 sumus
1286 2717 1488 2787 ignari,
1530 2716 1731 2771 multos
1761 2715 2001 2771 studiose

156 2799 343 2869 contra
382 2829 478 2870 nos
529 2813 803 2878 dicturos;
862 2815 1003 2888 quod
1062 2818 1236 2872 vitare
1284 2816 1431 2871 nullo
1478 2816 1636 2871 modo
1686 2818 1963 2890 potuimus
1984 2859 1998 2881 ,

158 2914 264 2970 nisi
291 2913 426 2969 nihil
461 2916 679 2970 omnino
719 2915 1094 2973 scriberemus.
1173 2917 1389 2973 Etenim
1430 2917 1475 2971 si
1517 2917 1810 2981 orationes,
1863 2932 1998 2988 quas

155 3033 252 3072 nos
283 3016 650 3071 'multitudinis
691 2997 891 3074 iudicio
924 3018 1141 3090 probari
1180 3019 1489 3074 volebamus
1559 3017 1856 3090 (popularis
1913 3023 1997 3071 est

155 3116 301 3173 enim
350 3117 442 3173 illa
474 3117 709 3173 'facultas
731 3162 744 3184 ,
786 3126 839 3174 et
878 3119 1100 3176 effectus
1126 3106 1475 3193 'eloquentiae
1522 3127 1604 3175 est
1657 3119 1996 3174 audientium

65 3265 79 3305 .'
157 3217 518 3291 approbatio);
558 3219 648 3273 sed
685 3221 729 3273 si
765 3221 1170 3292 reperiebantur
1204 3220 1482 3286 nonnulli,
1525 3222 1618 3293 qui
1653 3220 1787 3275 nihil
1814 3220 1995 3276 lauda-

217 3402 257 3457 ¹)
287 3402 410 3446 Tusc-
429 3403 484 3445 11.
518 3404 616 3444 c·3.
648 3403 731 3457 §a
763 3429 820 3435 —-
855 3406 895 3461 2)
928 3405 981 3448 de
1013 3404 1152 3450 Finib.
1187 3409 1236 3448 B.
1272 3412 1315 3448 et
1349 3406 1401 3447 Μ.
1436 3406 1484 3446 v.
1519 3418 1555 3445 c.
1585 3406 1624 3446 3.
1660 3403 1746 3459 97.
1781 3427 1839 3435 —
1869 3403 1910 3459 ⁵)
1944 3402 1998 3445 ds»

157 3480 324 3523 Invent.
358 3482 391 3524 1.
409 3495 445 3524 c.
475 3482 515 3522 5.
538 3480 560 3535 §
584 3482 621 3522 7.
659 3506 712 3511 —
751 3482 791 3539 4)
811 3486 962 3529 Orator
988 3499 1024 3528 c.
1045 3487 1114 3527 14.
1138 3484 1160 3540 ᾗ
1182 3485 1251 3526 46.
1287 3509 1343 3514 —-
1379 3483 1418 3538 5)
1436 3483 1558 3525 Tusc.
1585 3484 1639 3524 11.
1662 3495 1697 3523 c.
1718 3495 1752 3523 c.
1783 3484 1823 3524 3.
1844 3482 1866 3537 ᾗ
1887 3483 1991 3525 9,-

154 3557 194 3615 5)
225 3556 278 3602 de
312 3561 428 3606 Orat.
461 3563 493 3602 Ι.
523 3576 556 3603 c.
587 3562 656 3603 10.
694 3561 806 3615 3543.
842 3589 900 3597 -
937 3565 974 3620 7)
1002 3564 1122 3605 Tusc.
1146 3563 1198 3603 11.
1228 3578 1261 3604 c.
1289 3565 1327 3604 3.
1369 3561 1449 3618 §a
1486 3586 1541 3593 -—
1578 3560 1618 3616 S)
1655 3556 1761 3602 lbid.
1789 3576 1822 3601 υ.
1847 3562 1883 3602 1.
1906 3560 1928 3615 §
1949 3562 1989 3605 3.
