2210 3970
245 278 352 329 728
713 287 1047 326 ANNALsss
1105 286 1608 324 crcnnonmnl.

242 438 334 467 νοι.
375 446 431 454 --
470 436 504 464 c.
524 421 595 465 29.
627 422 667 463 3.
701 417 819 464 Ko'w
853 420 1008 476 τούτῳ
1045 415 1073 462 ὁ
1105 417 1319 469 Κάσσιος
1350 414 1396 468 ἐξ
1430 431 1481 461 τε
1516 413 1598 473 τήν
1629 412 1744 460 ὁδὸν
1772 414 1842 459 δι’
1872 406 1925 473 ἧς
1959 415 2074 462 ἀπο-

240 500 540 565 πορὲύεσθαι
558 497 757 559 ἔμελλον
775 497 975 555 ἐλόχισε
993 533 1006 555 ‚
1041 496 1303 542 κάνταῦθα
1330 493 1586 553 ἐπιφανείς
1602 510 1749 552 σφισι
1773 499 1876 554 μετ’
1900 493 2074 557 ὀλίγων

243 579 291 632 ἒς
321 596 371 624 τε
404 579 572 629 δίωξιν
602 579 788 630 αὐτούς
819 577 1117 642 ὑπηγάγετο,
1155 579 1238 621 καὶ
1270 575 1759 638 περιστοιχισάμενος
1801 573 1976 625 ἄλλους
2021 590 2071 619 τε

244 661 326 704 καὶ
362 658 451 703 τὸν
484 658 698 715 Ὤσάκην
731 655 1027 703 ἀπέκτεινεν.

318 746 404 820 (²¹)
448 747 671 800 Interim
712 746 859 799 venit
894 744 1147 808 Bibulus,
1188 749 1251 797 ut
1287 742 1474 816 Syriae
1513 746 1813 813 praeesset,
1855 741 1948 811 qui
1981 741 2075 794 tri·

241 847 430 920 umphi
464 847 756 918 cupiditate
784 845 1081 907 adductuS,
1125 844 1264 898 male
1297 860 1411 898 rem
1452 843 1618 914 gessit
1652 859 1776 897 cum
1812 840 2072 896 hostibus,

242 965 331 1003 vn.
362 965 411 1003 c.
435 951 523 1000 21.
562 951 650 1000 59.
692 963 737 999 c.
763 950 854 1000 50.
885 949 975 999 80.

303 1047 388 1091 Cic.
417 1045 471 1090 ad
500 1049 551 1090 M.
570 1044 765 1090 Caelium
791 1044 866 1101 (ad
893 1047 1012 1088 Fam.
1044 1055 1095 1087 11.
1117 1047 1188 1087 10.
1218 1044 1283 1101 2.)
1317 1040 1511 1085 Bibulus
1532 1041 1807 1102 provinciam
1834 1050 2075 1102 acceperat.

243 1124 411 1169 caelius
453 1123 506 1168 acl
535 1124 667 1168 Cicer.
697 1123 771 1181 (ad
798 1126 918 1167 Fam.
955 1134 1057 1165 vm.
1093 1125 1134 1165 6.
1173 1123 1237 1179 4.)
1281 1119 1476 1163 Bibulus
1507 1120 1555 1163 in
1587 1120 1754 1162 Amano
1787 1120 1933 1162 nescio
1966 1118 2079 1180 quid

243 1200 616 1245 cohorticularum
650 1201 817 1245 amisit.
883 1201 975 1243 Hoc
1009 1200 1074 1246 sic
1105 1198 1364 1241 nuntiatum
1392 1203 1472 1241 est.
1537 1196 1619 1241 cic.
1649 1196 1703 1240 ad
1733 1200 1827 1240 Att.
1854 1209 1938 1240 VH.
1963 1199 2005 1241 2.
2036 1200 2076 1240 8.

244 1279 362 1335 Sed‚
411 1287 464 1322 ut
503 1278 625 1322 nihil
658 1294 815 1339 magno
853 1293 979 1337 opere
1021 1283 1246 1330 metuam,
1299 1274 1465 1318 Parthi
1493 1274 1683 1334 faciunt
1709 1307 1720 1327 ,
1779 1275 1859 1334 qui
1902 1283 2079 1335 repente

243 1358 458 1403 Bibulum
490 1357 747 1401 semivivum
780 1355 1072 1415 reliquerunt.
1138 1351 1214 1395 Dio
1237 1364 1307 1398 XI..
1342 1356 1469 1397 c.30.
1505 1356 1546 1397 1.
1593 1355 1730 1412 ζ’Λμα
1763 1350 1816 1399 δὲ
1852 1344 1996 1405 οὗτος
2026 1352 2080 1411 (ό

243 1438 490 1498 Πάκορος)
537 1434 891 1497 ἅνακεχωρήκει
925 1434 1007 1477 καὶ
1043 1430 1070 1476 ὁ
1101 1429 1343 1490 Βὶβουλος
1384 1429 1534 1492 ἄρξων
1568 1434 1651 1489 τῆς
1685 1435 1870 1495 Συρίας
1914 1431 2079 1491 ἀφίκε-

248 1507 304 1563 Ῑιο
337 1542 420 1560 -.
467 1517 548 1559 καὶ
584 1514 734 1565 αὐτὸς
761 1512 849 1574 μὲν
885 1512 935 1559 ἔν
972 1511 1152 1572 ἠσυχίᾳ
1185 1508 1241 1555 τὸ
1277 1507 1492 1566 ὑπήκοον
1529 1510 1751 1575 διήγαγε,
1789 1513 1906 1564 τούς
1934 1510 1986 1558 δὲ
2020 1512 2079 1571 δή

245 1596 480 1657 Πάρθους
513 1592 588 1639 ἐπ’
627 1593 864 1650 ἀλλήλους
894 1591 1093 1654 ἔτρεψεν
1115 1608 1125 1618 ·
1158 1589 1546 1652 Ὀρνοὸαπάντην
1577 1591 1664 1652 γάρ
1696 1609 1807 1636 τινα
1832 1592 2082 1653 σατράπην

247 1673 530 1734 ἀχθόμενον
555 1673 619 1736 τῷ
639 1671 827 1736 Ὀρώδῃ
852 1670 1333 1734 προσποιησάμενος,
1364 1668 1590 1715 ἀνέπεισε
1607 1669 1903 1734 διαγγέλλων
1923 1673 2003 1717 τόν
2033 1688 2084 1717 τε

246 1754 472 1815 Πάκορον
497 1751 705 1813 βασιλέα
726 1751 1009 1810 στήσασθαι
1040 1754 1122 1796 καὶ
1147 1749 1223 1796 ἐπ’
1254 1748 1440 1795 ἐκεῖνον
1458 1756 1561 1810 μετ’
1587 1749 1744 1797 αὐτοῦ
1768 1755 2083 1812 στρατεῦσαι.

326 1856 411 1931 (22)
455 1857 666 1919 Cicem,
698 1860 905 1909 vastato
926 1855 1161 1920 Amano,
1190 1853 1595 1919 Pindenissum,
1626 1854 1880 1926 oppidum
1906 1856 2081 1909 muni-

246 1941 519 2013 tissimum
548 1955 1087 2017 Eleutherocilicum,
1133 1955 1227 2009 diu
1257 1955 1506 2009 omnibus
1527 1954 1793 2009 machinis
1814 1972 2083 2028 oppugna-

247 2067 364 2114 tum
387 2101 401 2130 ,
437 2059 664 2130 septimo
694 2063 747 2110 et
769 2056 1179 2127 quadragesimo
1202 2055 1288 2110 die
1321 2057 1492 2128 cepit,
1535 2055 1909 2110 Saturnalibus
1933 2059 2006 2128 [a.
2030 2055 2081 2112 d.

247 2133 350 2215 inv.
383 2147 500 2213 Kal.
530 2158 742 2212 Ianuar.
784 2175 856 2205 =
899 2161 964 2209 17
1005 2155 1251 2211 Decemb.
1278 2159 1383 2210 703
1428 2173 1498 2204 =
1544 2158 1611 2209 10
1644 2155 1894 2211 Novemb.
1938 2161 2079 2215 51a.

247 2261 325 2334 C.]
363 2278 451 2314 v11.
479 2275 524 2313 c.
556 2262 643 2311 22.
688 2261 777 2311 60.
813 2274 859 2310 c.
886 2260 973 2310 29.
1019 2261 1106 2311 77.

309 2361 392 2405 Cic.
422 2361 475 2406 ad
504 2365 597 2405 Att.
619 2373 661 2403 v.
681 2361 753 2402 20.
777 2362 820 2402 5.
855 2359 941 2400 Nos
973 2356 1289 2401 Pindenissum
1307 2389 1321 2412 ‚
1355 2356 1476 2417 quod
1495 2356 1705 2418 oppidum
1733 2357 2085 2402 munitissimum

247 2438 672 2483 Eleutherocilicum
690 2436 883 2480 omnium
900 2436 1110 2479 memoria
1132 2435 1179 2478 in
1196 2435 1338 2478 armis
1343 2434 1476 2493 fuit,
1506 2436 1622 2495 (feri
1645 2436 1839 2479 homines
1867 2443 1911 2479 et
1933 2451 2083 2492 acres,

250 2525 292 2561 et
330 2517 532 2560 omnibus
574 2516 705 2559 rebus
737 2512 798 2556 ad
839 2512 1162 2571 defendendum
1194 2513 1374 2572 parati)
1424 2513 1646 2557 cinximus
1689 2513 1807 2556 vallo
1848 2520 1892 2556 et
1910 2512 2080 2572 fossa:

250 2611 407 2655 aggere
439 2595 633 2637 mazimo
659 2626 671 2647 ‚
722 2591 892 2645 vineis,
939 2598 1061 2634 turre
1089 2589 1338 2647 altissima,
1373 2607 1534 2651 magna
1567 2598 1880 2634 tormentorum
1924 2591 2080 2650 copia,

246 2671 405 2716 mult-is
422 2671 678 2732 sagittariis
695 2703 708 2727 ‚
741 2684 899 2729 magno
926 2667 1071 2711 labore
1083 2675 1379 2729 ffapparatu,
1414 2667 1573 2712 multis
1599 2668 1768 2712 sauciis
1792 2668 1981 2725 nostris,
2013 2668 2081 2712 in·

248 2748 412 2793 columi
437 2748 636 2793 exercitu
654 2780 667 2803 ‚
699 2748 924 2807 negotium
957 2746 1242 2804 confecimus,
1717 2739 1719 2742 V

329 2836 415 2909 (23)
459 2836 706 2906 Acceptis
738 2834 968 2905 denique
1001 2834 1273 2888 obsidibus
1307 2850 1339 2888 a
1374 2833 1656 2888 Tibaranis
1677 2876 1691 2899 ‚
1732 2835 1825 2905 qui
1863 2833 2079 2888 finitimi

250 2943 402 2990 erant
452 2934 990 2989 Eleutherocilicihus
1022 2977 1038 3000 ‚
1099 2935 1396 2989 exercitum
1450 2933 1655 2989 dimisit
1714 2935 1766 2988 in
1828 2934 2078 2999 hiberna;

237 3036 444 3109 'quibus
486 3036 794 3108 praeposuit
844 3036 904 3105 Q.
930 3034 1187 3098 fratren];
1241 3037 1354 3107 ipse
1389 3035 1706 3090 Laodiceam
1750 3053 1806 3091 se
1843 3037 2079 3108 recepit,

247 3137 474 3192 daturus
508 3136 582 3189 ibi
617 3142 796 3206 togam
838 3152 1030 3206 puram
1063 3135 1249 3202 Quinti
1284 3135 1406 3190 filio.
1451 3154 1541 3191 vn.
1588 3153 1631 3190 c.
1659 3140 1748 3190 22.
1793 3140 1881 3191 61.

308 3228 392 3272 cie.
432 3226 487 3271 ad
525 3230 619 3271 Att.
652 3238 697 3270 v.
730 3228 802 3270 20.
833 3229 875 3269 5.
918 3226 1031 3269 Hinc
1068 3227 1309 3270 exercitum
1343 3227 1391 3270 in
1436 3225 1616 3270 hiberna
1654 3227 1756 3287 agri
1787 3227 1901 3271 male
1923 3228 2083 3288 pacati

247 3304 544 3349 deducendum
576 3305 742 3362 Quinto
767 3303 919 3361 fratri
950 3303 1120 3348 dabam.
1184 3307 1289 3365 Ipse
1320 3321 1387 3348 me
1419 3303 1682 3348 Laodc'ccam
1708 3304 1984 3364 recipiebam.
2019 3330 2079 3339 --

247 3386 288 3428 9.
322 3385 449 3444 Ego,
498 3400 634 3444 quum
661 3380 922 3425 Laodiceam
956 3397 1130 3438 venero,
1172 3382 1364 3440 Quinto,
1407 3383 1574 3426 sororis
1615 3390 1718 3427 tuae
1742 3382 1878 3443 filio,
1931 3390 2078 3444 togam

239 3477 403 3522 puram
452 3460 604 3505 iubeor
651 3459 755 3503 dare
768 3479 785 3512 ;
832 3460 908 3503 cui
949 3458 1203 3503 moderabor
1243 3459 1523 3522 diligentius.
1598 3460 1710 3505 lbid.
1753 3463 1828 3504 21.
1869 3463 1910 3504 6.
1952 3461 2078 3522 Ego,
2147 3452 2149 3454 ,

247 3538 432 3582 aestivis
464 3538 706 3596 confecti-5,
744 3538 959 3595 Quintum
987 3537 1180 3595 fratrem
1213 3538 1408 3584 hibernis
1436 3547 1480 3584 et
1513 3539 1696 3584 Ciliciae
1720 3539 1940 3599 praefeci.
