2210 3970
804 216 1010 254 Annus
1060 215 1110 254 υ.
1157 217 1202 254 c.
1259 203 1385 254 648.
1902 203 2007 255 517

185 350 286 396 urbi
325 357 368 395 ot
409 345 641 393 hominum·
659 343 814 402 famae
853 362 905 390 ac
942 345 1244 401 sermonibus3
1281 361 1416 406 quam
1445 345 1530 391 tibi
1567 344 1674 390 illos
1712 347 2021 407 competitores

188 435 289 473 tuos
306 425 567 489 peregrinos
590 421 734 467 videri
748 439 922 469 necesse
938 424 1048 483 erit,
1078 424 1162 483 qui
1183 424 1275 468 iam
1301 439 1358 468 ez·
1381 431 1477 469 tota
1502 423 1646 469 Italia
1671 422 1853 482 delecti,
1877 433 2021 470 tecum

189 505 242 551 de
270 506 430 550 honore
461 499 596 563 cst-de,
621 501 741 545 omni
770 501 992 563 dignitate
1023 501 1304 549 contendunt.
1366 500 1509 547 Schol.
1542 500 1644 546 nob.
1666 501 1719 547 ad
1742 517 1846 547 eum
1874 503 2020 548 locum

190 601 232 645 p.
252 586 355 628 363.
407 579 653 627 Novitatem
688 578 908 624 Ciceronis
931 579 1067 625 multi
1089 579 1270 639 quidem
1293 595 1377 641 per
1398 578 1487 623 illa
1512 586 1710 641 tempora
1742 581 2023 626 contumeliis

191 662 366 724 agitare
405 656 666 715 voluerunt,
714 665 767 703 ut
813 660 1010 706 Catilina
1049 664 1093 703 et
1139 656 1320 703 Clodius
1363 665 1407 703 et
1442 658 1571 720 ipse,
1618 660 1823 719 quamvis
1854 658 2024 720 collega

183 734 360 798 suerit,
396 735 440 781 C.
459 736 693 782 Antonius.
761 737 899 782 Cuius
920 735 1167 783 virtutibus
1188 734 1430 781 obtrectare
1451 751 1537 780 non
1552 743 1786 797 poterant,
1818 737 1916 781 eius
1944 736 2024 781 1⁸⁸⁸·

191 812 430 860 militatem
470 812 694 858 natalium
727 813 946 859 maledica
977 813 1271 860 insectatione
1306 811 1560 873 carpebant.
1635 814 1928 859 Notissimum
1959 820 2028 859 est

192 900 340 940 autem
363 888 523 951 fuis‘se
558 892 805 939 Ciceronem
835 892 1015 938 natione
1048 890 1260 938 Vulscum
1288 891 1461 953 Arpina
1490 892 1736 954 municipio
1751 925 1766 950 ‚
1804 891 1922 938 unde
1950 892 2028 938 illi

189 969 407 1038 quaedam
438 970 782 1033 peregrinitatis
819 970 875 1016 ab
907 970 1180 1017 inrisoribus
1209 970 1556 1016 concinnabatur
1585 970 1796 1031 infamia.
1861 973 1947 1017 Nee
1978 972 2028 1017 in

184 1051 439 1115 praesentis
465 1066 651 1096 caussae
683 1049 851 1095 iudicio
883 1053 1135 1110 Torquatus
1157 1055 1440 1110 pepercerat,
1463 1047 1602 1107 sacta
1632 1050 1850 1094 mentione
1871 1066 2025 1112 regum

189 1129 523 1192 peregrinorum
560 1127 795 1189 Tarquinii
825 1135 869 1173 et
892 1129 1072 1173 Numae.
1134 1126 1220 1172 cic.
1236 1142 1312 1188 pro
1329 1125 1471 1172 Plane.
1494 1142 1531 1172 c.
1549 1129 1623 1172 2⁸.
1647 1128 1720 1172 59.
1769 1126 2024 1186 Quaesisti,

193 1206 399 1267 (Cassi),
431 1213 586 1252 utrum
614 1206 728 1251 mihi
748 1213 985 1268 putarem,
1017 1204 1184 1267 equitis
1213 1204 1403 1249 Romani
1422 1203 1561 1266 filio,
1583 1204 1845 1263 faciliorem
1869 1205 2029 1264 juisse

195 1284 258 1330 ad
286 1282 595 1346 adipiscendos
629 1283 814 1329 honores
847 1284 965 1328 viam
981 1314 997 1340 ,
1045 1298 1105 1327 an
1124 1281 1343 1341 suturam
1368 1295 1464 1326 esse
1486 1281 1599 1342 filio
1632 1296 1727 1326 meo
1743 1314 1758 1338 ,
1799 1282 1883 1343 qui
1913 1289 2031 1328 esset

192 1361 385 1431 familia
411 1360 651 1407 eonsulari.
722 1358 786 1405 ld.
820 1358 875 1405 de
905 1363 1087 1422 Harusp.
1120 1375 1230 1422 resp.
1262 1375 1300 1406 e.
1326 1363 1369 1405 8.
1399 1361 1471 1404 1⁷.
1540 1357 1645 1403 Vidi
1677 1360 1794 1404 enim
1830 1359 2031 1406 hesterno

195 1438 273 1485 die
300 1424 542 1528 quemdam
570 1443 952 1483 murmurantem:
1000 1441 1131 1498 q‘uem
1171 1435 1352 1482 aiebant
1391 1450 1583 1499 negare,
1615 1436 1747 1496 serre
1776 1454 1845 1483 me
1870 1453 2029 1501 posse,

195 1508 375 1581 quia,
385 1530 524 1588 quum
561 1513 631 1560 ab
659 1510 742 1560 hoc
779 1514 927 1563 eodem
969 1514 1277 1578 impurissimo
1309 1513 1545 1576 parricida
1589 1514 1786 1578 (Clodio)
1820 1533 2031 1580 rogarer,

196 1595 328 1641 caius
358 1593 498 1640 essem
526 1590 752 1649 civitatis,
784 1591 1022 1655 respondi,
1054 1607 1147 1650 me,
1172 1590 1471 1655 probantibus
1501 1600 1546 1638 et
1574 1595 1699 1639 vobis
1729 1601 1774 1640 ct
1804 1596 2032 1656 equitibus

197 1659 441 1730 Romanis,
485 1671 583 1718 eius
613 1684 742 1728 esse,
780 1686 896 1731 quae
922 1685 1071 1717 carere
1101 1686 1170 1717 me
1200 1686 1288 1717 non
1313 1672 1552 1734 potuisset.
1618 1672 1682 1719 ld.
1709 1671 1819 1720 Phil.
1839 1685 1908 1720 m.
1932 1688 1970 1719 c.
1988 1677 2031 1720 6.

196 1754 272 1799 15.
312 1738 490 1808 Videte,
520 1763 657 1811 quam
688 1748 990 1812 despiciamur
1013 1765 1184 1808 omnes,
1217 1750 1300 1811 qui
1322 1765 1480 1797 sumus
1506 1765 1531 1795 e
1554 1750 1837 1813 municipiis,
1870 1750 1923 1796 id
1940 1758 2032 1810 eet,

197 1844 347 1876 omnes
378 1827 529 1891 plane.
596 1827 771 1888 Quotus
799 1827 916 1873 enim
955 1827 1149 1889 quisque
1190 1835 1392 1874 nostrum
1432 1845 1520 1876 non
1547 1830 1661 1875 est?
1728 1830 1909 1878 Sallust.
1940 1836 2033 1878 Cat.

199 1906 470 1966 enfil-*5013
495 1904 575 1955 ubi
603 1905 696 1962 ille
726 1906 922 1967 (Cicero)
952 1904 1154 1964 assedit,
1200 1906 1400 1953 Catilina
1430 1933 1492 1943 —
1523 1924 1625 1954 voce
1654 1909 1854 1972 supplici
1874 1919 2035 1973 postu·

199 1985 334 2062 lare,
353 1983 516 2058 Patres
550 1984 795 2055 conscripti
822 2000 877 2030 ne
908 1983 1023 2046 quid
1050 1983 1105 2031 de
1135 1999 1185 2030 se
1215 1991 1375 2030 temere
1399 1984 1656 2045 crederent5
1688 2014 1749 2023 —
1779 2005 1836 2035 ne
1865 1990 2039 2036 esistu-

199 2047 371 2110 marent
387 2096 402 2122 ‚
439 2052 540 2109 sibi
561 2062 760 2126 patricio
808 2062 976 2108 homini
1005 2088 1066 2098 —
1093 2061 1274 2124 perdita
1310 2061 1539 2126 republica
1578 2081 1691 2128 opus
1731 2082 1856 2124 esse,
1898 2084 2037 2127 quum

202 2139 302 2187 e'am
318 2135 526 2187 'servaret
565 2141 624 2186 Μ.
659 2137 837 2185 Tullius
866 2139 1121 2200 inquilinus
1158 2141 1271 2186 civis
1301 2142 1429 2187 urbis
1458 2144 1633 2189 Romae.
1703 2145 1887 2206 Appiam.
1919 2149 1965 2191 B.
1990 2148 2036 2192 C.

206 2232 258 2265 11.
275 2235 312 2264 c.
329 2221 372 2264 2.
390 2221 433 2269 2.
466 2220 750 2270 Κατιλίνας,
765 2217 812 2264 δ’
833 2216 985 2265 αὑτὸν
1001 2217 1052 2273 ἐς
1078 2218 1225 2283 ὕβριν
1252 2220 1347 2269 τῶν
1362 2219 1603 2283 ἑλομένων
1626 2220 1958 2282 &uincentem
1985 2240 2038 2279 ες

207 2295 298 2360 μὲν
314 2296 554 2362 ἀγνωσίαν,
569 2297 758 2364 γένους,
793 2299 997 2347 καινὸν
1020 2297 1268 2362 ὀνομάζων
1283 2315 1296 2329 ·
1331 2301 1565 2360 (καλοῦσι
1588 2301 1631 2348 δ’
1651 2300 1708 2349 οὕ
1719 2319 1781 2348 τω
1800 2304 1918 2358 τούς
1949 2302 2035 2363 ἀφ’

207 2376 424 2436 ἑαυτῶν,
456 2376 569 2435 ἀλλ’·
599 2378 662 2433 ,οὐ
698 2379 792 2426 τῶν
821 2378 1097 2443 προγόνων,
1133 2381 1448 2443 γνωρίμους)
1479 2380 1530 2435 ἐς
1559 2379 1615 2429 δὲ
1643 2381 1805 2433 ξενίαν
1829 2385 1914 2441 τῆς
1944 2386 2041 2432 πό-

206 2459 350 2515 λεως,
383 2459 807 2522 Ἰγκουιλῖνον,
840 2448 876 2523 ᾧ
898 2457 1078 2522 ῥήματι
1102 2461 1340 2507 καλοῦσιν
1359 2464 1479 2514 τούς
1494 2458 1807 2515 ἐνοικοῦντας
1823 2458 1875 2508 ἓν
1899 2461 2039 2511 ἀλλο-

206 2540 372 2601 voionus
399 2539 606 2591 οἰκίαις.

282 2639 357 2716 (⁵)
387 2640 588 2697 Eodem
633 2648 815 2699 autem
854 2644 1151 2717 municipio
1190 2643 1332 2716 quod
1374 2651 1526 2700 ortus
1565 2653 1683 2701 erat
1719 2646 1774 2702 C.
1808 2647 2039 2715 Marius,

204 2761 252 2799 ιε
263 2742 385 2819 qui
431 2743 628 2820 septies
674 2744 882 2800 consul·
902 2743 1036 2809 fuit,
1088 2762 1289 2818 magno
1328 2745 1383 2800 id
1422 2745 1526 2801 sihi
1563 2746 1716 2803 ducit
1754 2747 1960 2806 honori.
2004 2770 2039 2808 1.

205 2847 787 2907 ο.·11.281,·1ν..050.
826 2849 914 2902 76.
953 2864 1002 2902 v.
1042 2851 1206 2903 c.56.
1238 2851 1327 2904 95.

223 2976 225 2993 2
268 2942 409 2989 Valer.
433 2943 607 2988 fluxim.
631 2957 685 2989 11.
707 2960 745 2989 c.
763 2947 806 2989 2.
823 2948 865 2990 3.
912 2936 1184 3008 Conspicuae
1196 2947 1452 3007 felicitatis
1480 2949 1694 3010 Arpinum
1718 2952 2011 3012 municipium
2023 2975 2043 3009 ‚-

208 3022 302 3069 sive
344 3020 599 3066 litterarum
621 3020 1000 3082 gloriosissimum
1036 3032 1374 3087 contemptorem
1405 3028 1659 3087 [Marium]‚
1690 3030 1785 3074 sive
1814 3030 2042 3076 abundan-

210 3101 437 3147 tissimum
459 3100 641 3159 fontem
673 3101 964 3160 [ciceronem]
996 3102 1165 3148 intueri
1197 3104 1314 3149 licet.
1360 3103 1476 3150 Conf.
1496 3118 1560 3150 Vl.
1592 3122 1629 3151 c.
1648 3109 1690 3151 9.
1722 3110 1796 3152 14.
1858 3108 2040 3155 Sallust.

211 3185 229 3226 1
237 3197 306 3242 ug
338 3195 376 3225 c
395 3183 468 3225 63.
502 3181 552 3223 Is
575 3181 644 3237 (C.
662 3178 858 3237 Marius)
873 3186 1010 3224 natus
1028 3188 1072 3225 ct
1089 3197 1258 3226 omnem
1266 3183 1515 3244 puer⁸t⁸am
1529 3184 1691 3244 Arpini
1713 3184 1849 3231 altus.
1890 3187 2041 3235 Aunel.

192 3258 358 3303 ,Victor
383 3257 438 3303 de
462 3258 549 3302 Vir.
577 3256 643 3302 ill.
667 3273 704 3302 c.
722 3260 795 3302 67.
832 3259 874 3301 C.
892 3259 1086 3316 Marius,
1114 3262 1279 3322 septies
1305 3261 1482 3318 consul,
1513 3263 1813 3324 Arpinas—.
1874 3265 2043 3311 Plinius

212 3335 515 3382 R.N.x'11111.
546 3353 584 3380 c.
607 3338 679 3380 11.
713 3339 786 3380 53.
833 3337 876 3380 C.
900 3337 1075 3382 Marius
1107 3365 1167 3373 —
1198 3339 1278 3383 ille
1310 3348 1462 3384 arator
1496 3341 1690 3403 Arpinas
1723 3351 1766 3387 et
1789 3344 2040 3405 manipula·

171 3475 177 3483 ι
212 3412 278 3456 ris
303 3413 571 3475 Imperator.
633 3413 965 3461 Iuvenal.w11.
995 3419 1100 3461 245.
1146 3418 1341 3478 Arpinas
1371 3418 1493 3464 alius
1528 3419 1781 3466 Volscorum
1814 3423 1861 3467 in
1897 3431 2043 3467 monte

213 3488 381 3537 solebat
404 3492 588 3537 Poscere
616 3491 831 3538 mercedes
863 3491 1007 3539 alieno
1038 3494 1186 3542 lassus
1210 3504 1360 3542 aratro
1378 3513 1459 3539 -ε
1493 3499 1579 3543 liic
1603 3506 1749 3546 tamen
1774 3508 1817 3546 et
1846 3501 2052 3547 Cimbros.
