2150 3990
194 293 1921 325 mmmmfllmvvmwmmmnmmmm-U.

806 1273 1004 1328 LIBER
1046 1271 1324 1328 SEXTUS.

238 1474 278 1532 1.
362 1480 417 1530 1.-
450 1472 712 1530 Reditus¹
748 1487 874 1527 vero
899 1487 1052 1528 meus
1084 1472 1177 1544 qui
1207 1470 1399 1538 suerit,
1432 1474 1556 1544 quis
1590 1473 1835 1545 ignorat?
1876 1474 1942 1533 de
1964 1481 1987 1515 ²

163 1592 268 1649 quo
318 1582 372 1633 et
410 1574 637 1649 populus
669 1573 940 1629 Romanus
979 1589 1085 1628 non
1125 1590 1269 1628 nunc
1309 1574 1546 1646 primum
1585 1575 1796 1641 audiet,
1834 1583 1890 1632 et
1928 1579 1984 1634 in

161 1678 359 1733 exteris
390 1674 697 1732 nationibus
735 1689 906 1745 usque
943 1672 1011 1728 ad
1040 1672 1259 1728 ultimas
1293 1680 1465 1730 terras
1498 1683 1848 1749 pervagatum
1882 1685 1982 1735 est.

163 1776 267 1834 Sed
285 1782 329 1842 ⁸⁴,
381 1776 484 1832 etsi
533 1774 712 1831 omnia
761 1780 857 1829 aut
907 1774 1109 1847 scripta
1153 1790 1270 1830 esse
1315 1773 1381 1829 ab
1433 1775 1554 1831 aliis
1604 1777 1839 1833 arbitror
1889 1784 1984 1835 aut

160 1876 323 1933 etiam
362 1874 568 1933 nuntiis
604 1890 668 1930 ae
707 1889 924 1928 rumore
955 1873 1184 1946 perlata,
1226 1882 1404 1931 tamen
1438 1892 1501 1932 ea
1533 1878 1767 1934 scribam
1806 1878 1985 1944 brevi,

158 1993 294 2051 quae
332 1975 532 2034 multos
570 1981 699 2048 puto
737 1974 1078 2047 potissimum
1116 1991 1182 2030 ex
1222 1976 1357 2031 meis
1389 1975 1587 2033 litteris
1624 1979 1759 2035 velle
1791 1997 1981 2052 cogno·

161 2094 339 2143 scere,
396 2081 500 2133 ιιι*
544 2061 761 2132 νῖᾱθειηῑ
812 2091 899 2130 me
956 2076 1012 2130 in
1063 2076 1350 2148 pristinam
1395 2093 1573 2134 meam
1626 2078 1948 2151 dignitatem
1970 2124 1984 2145 ‚

159 2178 307 2235 brevi
339 2183 579 2251 tempore
605 2175 802 2231 doloris
834 2176 1139 2241 interiectu,
1172 2175 1496 2249 reipublicae
1528 2195 1655 2235 voce
1687 2197 1805 2236 esse
1835 2197 1982 2237 revo-

161 2286 359 2335 catum.

238 2384 289 2436 2.
330 2378 508 2435 Pridie
526 2384 549 2417 ⁸
586 2377 762 2434 Nonas
802 2376 946 2433 Sext.
987 2376 1323 2451 Dyrrhachio
1361 2393 1483 2433 sum
1522 2380 1794 2452 profectus
1814 2425 1829 2447 ,
1869 2384 1985 2455 ipso

162 2480 391 2548 inovdie,
430 2496 536 2553 quo
566 2479 652 2534 lex
683 2484 767 2533 est
797 2477 906 2533 lata
933 2477 998 2533 de
1036 2477 1207 2533 nobis.
1282 2478 1631 2536 Brundisium
1663 2484 1787 2538 veni
1818 2482 1984 2539 Nonis

161 2583 305 2638 Sext.
346 2586 493 2654 qu0⁶
543 2578 679 2636 mihi
717 2577 1022 2634 advenienti
1062 2585 1338 2651 tamquam
1379 2581 1545 2634 totius
1592 2581 1777 2638 Italiae
1822 2591 1985 2656 atque

161 2658 329 2756 insius
359 2682 566 2756 patriae
593 2680 868 2735 dexteram
902 2685 1256 2751 porrexerunt
1288 2679 1614 2735 Brundisini.
1694 2682 1772 2737 lbi
1793 2689 1816 2721 ⁷
1848 2685 1981 2739 mihi

159 2782 386 2839 Tulliola
443 2797 564 2837 mea
609 2779 713 2835 suit
757 2786 971 2853 praesto
1009 2811 1085 2820 —
1121 2796 1283 2851 quam
1305 2784 1326 2818 ⁸
1384 2797 1450 2835 ex
1499 2783 1817 2852 gravissimo
1863 2791 1980 2840 tum

160 2884 400 2955 primum*
446 2880 710 2937 desiderio
752 2879 1008 2953 luctuque
1060 2874 1311 2952 conspexi
1364 2913 1423 2921 —
1462 2881 1627 2935 natali
1647 2888 1670 2919 ⁹
1721 2899 1818 2938 suo
1869 2886 1985 2957 ipso

15 2997 17 3009 ’
59 3031 63 3039 .
160 2983 245 3039 die
259 3004 282 3048 ,r
313 2982 407 3054 qui
439 2997 570 3037 casu
602 2979 743 3036 idem
778 2979 971 3036 natalis
1002 2987 1118 3036 erat
1150 2980 1503 3036 Brundisinae
1536 2981 1804 3038 coloniae:
1845 3001 1982 3056 quae

221 3259 260 3316 ¹)
275 3272 350 3319 pro
371 3256 514 3302 Sextio
536 3271 573 3303 c.
591 3259 664 3302 63.
698 3257 723 3315 9
745 3258 844 3302 131.
862 3281 918 3291 —-
940 3258 975 3315 ²)
993 3256 1038 3300 in
1069 3254 1240 3301 Verrem
1268 3259 1363 3301 Act.
1386 3259 1440 3301 11.
1463 3259 1507 3302 L.
1525 3259 1595 3303 lv.
1627 3272 1663 3302 c.
1681 3260 1753 3304 28.
1787 3262 1812 3318 §
1831 3263 1903 3307 64.
1922 3289 1980 3296 —

159 3332 200 3392 ⁸)
231 3333 286 3379 ad
317 3338 410 3380 Att.
435 3338 506 3382 lv.
536 3338 579 3380 1.
609 3336 693 3392 §4.
727 3361 784 3368 -
816 3334 858 3392 4)
889 3349 964 3395 pro
994 3334 1138 3380 Sextio
1169 3350 1206 3380 c.
1222 3338 1295 3379 23.
1330 3336 1444 3391 952.
1480 3361 1537 3368 —
1570 3337 1611 3394 ⁵)
1642 3335 1695 3381 ad
1719 3339 1811 3383 Att.
1835 3341 1907 3385 lv.
1936 3342 1980 3386 1.

159 3411 252 3468 94.
278 3436 337 3446 -—
369 3413 410 3471 ⁶)
442 3427 518 3474 pro
549 3410 692 3457 Sextio
723 3413 850 3456 263.
883 3412 909 3469 9
936 3414 1037 3456 131.
1071 3438 1129 3445 -
1164 3415 1203 3471 7)
1234 3412 1289 3457 ad
1321 3416 1413 3458 Att.
1448 3416 1517 3461 lv.
1552 3417 1591 3460 1.
1620 3416 1704 3471 94.
1740 3441 1797 3450 -
1832 3418 1871 3475 8)
1904 3433 1979 3479 pro

158 3487 299 3554 sextio
331 3503 366 3534 c.
401 3492 474 3536 63.
507 3492 532 3548 ς
561 3493 662 3535 131.
697 3516 755 3524 -
786 3492 827 3550 ⁹)
858 3489 910 3535 ad
952 3493 1045 3535 Λα.
1078 3492 1147 3535 1v.
1182 3494 1223 3534 1.
1258 3491 1340 3546 §a
