2150 3990
541 213 704 268 1,.111.
748 231 792 267 e.
819 213 855 267 1.
901 214 995 285 §5
1036 243 1109 252 --
1149 212 1307 268 «2111.
1351 213 1389 285 ,ς
1415 218 1462 268 s.
1830 220 1924 271 101

107 363 299 438 genere
325 367 653 438 eloquentiae
680 355 1000 427 delectetur,
1042 365 1236 418 neseio.
1318 364 1553 427 Tamen,
1594 366 1638 417 si
1673 367 1764 435 qui
1799 384 1921 420 acu-

108 468 268 522 tiores
303 467 356 521 in
397 468 648 522 concione
693 470 979 528 steterant,
1033 463 1097 518 de
1130 464 1264 535 ,lege
1316 465 1526 533 agraria
1567 465 1745 519 nescio
1794 466 1923 535 quid

106 566 332 620 voluisse
358 581 481 619 eum
509 565 686 620 dicere
719 563 1146 637 suspicabantur.
1229 563 1527 635 Aliquando
1554 564 1768 619 tandem
1786 607 1799 626 ,
1840 582 1925 619 me

104 665 413 734 designate,
466 664 548 719 lex
583 665 637 719 in
678 664 950 737 publicum
991 663 1322 735 proponitur.
1402 663 1742 719 Concurrunt
1776 665 1926 719 iussu

104 780 221 819 meo
259 763 439 836 plures
471 781 591 819 nino
626 772 862 838 tempore
893 763 1126 820 librarii:
1167 763 1491 836 descriptam
1531 763 1701 836 legem
1742 765 1806 820 ad
1843 783 1927 821 me

105 861 352 918 afferunt.
449 866 500 918 6.
543 863 699 918 Omni
754 863 852 920 hoc
896 864 1108 920 ,ratione
1160 864 1479 919 confirmare
1526 881 1770 937 possum,
1831 865 1930 920 boc

105 962 283 1019 animo
315 978 401 1018 me
421 962 487 1018 ad
509 962 786 1034 legendam
820 963 991 1035 legem
1024 964 1554 1037 cognoscendamque
1575 966 1812 1030 venisse,
1841 950 1930 1029 ut,

107 1063 166 1117 si·
197 1079 316 1117 eam
348 1061 551 1134 populo·
580 1063 1033 1118 accommodatam
1072 1070 1233 1136 atque
1272 1064 1460 1120 utilem
1494 1082 1610 1120 esse
1643 1065 1931 1121 intellexis-

109 1179 250 1227 sem,
302 1168 498 1240 auetor
527 1163 644 1217 eius
677 1169 838 1233 atque
877 1163 1091 1219 adiutor
1124 1180 1314 1219 essem.
1394 1165 1507 1219 Non
1554 1166 1698 1219 enim
1739 1172 1935 1220 natura

111 1277 282 1333 neque
307 1260 532 1316 discidio
559 1278 730 1332 neque
763 1261 883 1315 odio
909 1262 1126 1333 penitus
1160 1262 1323 1316 insito
1355 1262 1554 1318 bellum
1582 1265 1761 1318 nescio
1792 1264 1936 1334 quod

110 1361 268 1432 babet
298 1366 607 1433 susceptum
647 1360 957 1416 consulatus
996 1378 1121 1416 cum
1164 1362 1473 1426 tribunatu,
1513 1364 1639 1435 quia
1685 1380 1936 1435 persaepe

78 1461 376 1519 'seditiosis
409 1467 570 1533 atque
611 1460 866 1533 improbis
901 1459 1134 1515 tribunis
1167 1460 1336 1533 plebis
1367 1461 1491 1517 boni
1525 1470 1579 1517 et
1612 1461 1775 1519 sortes
1813 1481 1935 1519 con-

113 1561 638 1627 sules‘obstiterunt,
678 1567 732 1616 et
771 1561 898 1633 quia
931 1561 1012 1615 vis
1054 1560 1344 1618 tribunicia
1378 1580 1781 1636 nonnumquam
1823 1564 1937 1619 libi-

35 1664 39 1669 ’
114 1662 227 1718 dini
258 1662 472 1726 ‚restitit
510 1661 796 1730 consulari,
875 1661 989 1717 Non
1031 1668 1356 1734 potestatum
1396 1662 1807 1728 dissimilitudo,
1847 1664 1938 1720 sed

117 1763 417 1820 animorum
450 1762 740 1834 disiunctio
772 1761 1158 1817 dissensionem
1189 1760 1330 1817 facit.
1417 1742 1422 1746 ¹

190 1948 280 2019 1'11.
364 1968 411 2020 7.
455 1964 640 2036 ltaque
687 1964 783 2020 hoc
832 1964 1009 2019 animo
1050 1963 1220 2034 legem
1268 1966 1473 2036 sumpsi
1523 1966 1576 2019 in
1618 1982 1839 2029 manuS,
1883 1974 1941 2020 ut

117 2081 234 2120 eam
267 2081 518 2136 cuperem
552 2081 666 2120 esse
699 2070 878 2136 aptam
919 2064 1098 2136 populi
1133 2065 1356 2119 Romani
1392 2065 1686 2120 commodis
1718 2073 1772 2120 ct
1805 2067 1942 2120 eius-

118 2163 290 2227 modi,
330 2180 506 2236 quam,
526 2163 739 2229 consul,
780 2181 866 2228 re,
908 2181 1012 2218 non
1047 2165 1313 2227 oratione,
1354 2164 1655 2236 populariS,
1695 2172 1749 2219 et
1784 2165 1940 2221 hone·

117 2270 198 2320 ste
229 2250 284 2321 et
327 2263 556 2319 libenter
593 2270 770 2336 posset
796 2263 1093 2319 defendere.
1174 2265 1346 2336 Atque
1380 2282 1478 2335 ego
1505 2282 1534 2319 a
1569 2266 1741 2337 primo
1768 2267 1943 2338 capite

117 2363 251 2436 legis
301 2381 470 2436 usque
519 2363 588 2420 ad
627 2371 929 2420 extremum
969 2365 1202 2438 reperio,
1254 2364 1389 2419 nihil
1423 2365 1570 2420 aliud
1616 2366 1942 2436 cogitatum,

114 2462 445 2521 nihilaliud
484 2470 824 2536 susceptum,
878 2464 1012 2519 nibil
1046 2463 1192 2519 aliud
1239 2472 1451 2529 aetum,
1502 2466 1605 2520 nisi
1654 2474 1714 2521 ut
1757 2466 1940 2522 decem

116 2581 269 2637 reges
318 2563 549 2631 aerarii,
590 2557 935 2637 vectigalium
958 2607 971 2630 ,
1021 2566 1419 2638 provinciarum
1461 2568 1701 2622 omnium
1724 2609 1738 2632 ,
1780 2569 1945 2623 totius

109 2659 467 2738 reipublicae,
519 2682 839 2737 regnorum,
890 2658 1182 2720 liberorum
1223 2665 1572 2738 populorum,
1611 2667 1758 2722 orbis
1796 2668 1943 2724 deni-

121 2780 223 2838 que
248 2771 518 2821 terrarum
550 2765 753 2821 domini
787 2766 1248 2822 constituerentur
1281 2766 1415 2837 legis
1453 2768 1697 2838 agrariae
1729 2769 1943 2825 simula-

120 2867 262 2926 tione
314 2873 479 2939 atque
527 2866 758 2922 nomine.
851 2870 903 2922 8.
948 2866 1260 2940 Scriptum¹
1323 2875 1440 2922 erat
1484 2869 1656 2945 enim:
1716 2888 1844 2932 Quae
1898 2889 1947 2924 nv

118 2984 399 3034 nummrm,
460 2984 680 3030 ouasoun
726 2985 776 3022 m
822 2985 1058 3029 commus
1107 2986 1374 3024 necsnvmi
1428 2986 1635 3032 veum,
1693 2987 1947 3025 nenucmr

69 3079 72 3083 '
119 3085 335 3124 somnos
378 3085 502 3132 Quos
540 3086 748 3133 veum,
789 3087 850 3123 nr
886 3086 952 3123 ns
995 3086 1151 3124 Aenos
1183 3086 1478 3132 Assicsmr,
1518 3086 1692 3130 cuneus
1730 3088 1779 3124 m
1813 3088 1949 3125 Locis

123 3186 323 3225 vnum:
366 3176 456 3235 ut,
495 3186 664 3242 quum
699 3176 862 3224 totam
900 3169 1110 3225 Italiam
1141 3170 1404 3225 militibus
1431 3171 1544 3223 suis
1573 3148 1949 3243 occupassent.

56 3308 64 3315 -
122 3269 271 3324 nobis
299 3287 402 3325 non
435 3271 590 3325 modo
617 3270 897 3341 dignitatis
931 3271 1269 3333 retinendae,
1313 3270 1402 3323 scd
1438 3270 1503 3323 ne
1531 3269 1796 3326 libertatis
1828 3274 1944 3343 qui-

122 3417 330 3436 -uu—

187 3501 224 3556 ¹)
255 3497 306 3544 de
336 3498 366 3544 l.
401 3498 578 3560 Agraria
615 3502 646 3543 l.
682 3517 716 3545 c.
739 3506 776 3545 6.
813 3503 925 3556 3317.
