2210 3970
289 300 393 352 760
748 309 1076 348 ANNALES
1134 307 1652 347 CICERoNlANl.

279 450 517 488 cesserunt.
558 468 615 475 —
650 441 849 501 Denique
887 457 1022 501 quum
1065 439 1380 484 interkalarem
1425 455 1616 483 mensem
1656 439 1823 499 viginti
1855 425 1995 483 duum
2034 439 2109 484 vel

278 519 442 581 viginti
463 519 601 563 trium
628 517 797 563 dierum
824 518 1014 562 alternis
1039 517 1169 559 annis
1196 515 1303 559 addi
1322 516 1597 576 placuisset,
1630 524 1682 560 ut
1705 516 1853 560 civilis
1879 532 2020 560 annus
2047 517 2109 561 ad

280 596 529 640 naturalem
563 603 912 656 exaequaretur,
955 595 1003 637 in
1035 609 1178 637 mense
1201 594 1491 653 potissimum
1523 595 1761 639 Februario
1792 596 1911 638 inter
1946 596 2107 639 Termi-

280 673 406 718 nalia
448 681 492 718 et
523 673 815 734 Regifugium
846 672 1165 716 interkalatum
1197 679 1294 725 επ,-
1340 671 1473 732 idque
1505 671 1584 715 diu
1606 672 1812 731 factum,
1840 673 2108 732 priusquam

280 754 544 808 sentiretur,
577 769 715 797 annos
743 751 895 795 civiles
922 750 1154 810 aliquanto
1181 748 1466 793 naturalibus
1498 766 1593 793 esse
1614 750 1816 793 maiores.
1885 748 2014 806 Quod
2037 748 2111 792 de·

283 831 439 876 lictum
478 839 531 875 ut
563 832 881 892 corrigeretur,
906 827 1204 890 pontificibus
1236 827 1389 870 datum
1422 835 1490 871 est
1521 829 1745 888 negotium
1777 843 2009 887 eorumque
2040 843 2111 870 ar-

280 909 414 954 bitrio
444 908 745 953 interlcalandi
782 909 898 951 ratio
924 907 1160 967 permissa.
1226 904 1317 948 Sed
1353 905 1506 948 horum
1539 905 1742 965 plerique
1775 905 1826 948 ob
1858 903 2006 948 odium
2039 903 2111 947 vel

274 989 494 1049 gratiam,
537 1002 624 1045 quo
662 986 764 1046 quis
798 987 1069 1046 maqistratu
1112 982 1250 1025 citius
1281 981 1425 1025 abiret
1465 981 1689 1026 diutiusve
1718 981 1993 1042 fungeretur
2030 988 2112 1025 aut

277 1064 450 1126 publici
475 1063 689 1108 redemtor
715 1081 769 1107 ea·
796 1065 903 1107 anni
929 1060 1236 1124 magnitudine
1267 1060 1315 1103 in
1346 1058 1466 1103 lucro
1494 1059 1701 1103 damnove
1728 1067 1868 1120 esset,
1894 1059 2006 1120 plus
2031 1059 2116 1102 mi-

278 1159 415 1187 nusve
447 1159 501 1186 ea·
530 1142 713 1186 libidine
742 1141 1081 1194 interbalando,
1115 1157 1206 1183 rem
1232 1138 1321 1183 sibi
1352 1137 1412 1181 ad
1436 1136 1740 1198 corrigendum
1765 1136 2020 1180 mandatam
2045 1135 2115 1180 ul-

281 1230 351 1266 tro
397 1221 705 1282 depravarunt.
785 1220 990 1279 Adeoque
1038 1221 1292 1265 aberratum
1334 1226 1431 1274 est,
1479 1224 1532 1260 ut
1576 1217 1618 1260 G.
1668 1216 1857 1270 Caesar,
1897 1214 2117 1274 pontifex

282 1300 534 1354 maximus,
582 1314 663 1342 suo
697 1311 768 1341 111.
801 1305 844 1341 et
876 1300 934 1342 M.
965 1299 1146 1341 Aemilii
1176 1297 1334 1359 Lepidi
1366 1294 1630 1351 consulatu,
1673 1301 1726 1338 ut
1756 1301 1873 1336 retro
1906 1291 2116 1336 delictum

280 1377 544 1438 corrigeret,
592 1375 702 1419 duos
734 1391 903 1419 menses
941 1375 1257 1420 interkalarios
1300 1375 1470 1419 dierum
1508 1373 1801 1433 sexaginta
1833 1377 2036 1430 septem
2067 1369 2117 1412 in

281 1471 471 1500 mensem
508 1454 782 1498 Novembrem
821 1463 865 1498 et
897 1454 1173 1498 Decembrem
1204 1454 1532 1514 interponeret,
1571 1466 1707 1511 quum
1737 1450 1828 1492 iam
1859 1463 2004 1492 mense
2035 1449 2116 1491 Fe-

283 1532 461 1578 bruario
510 1531 625 1576 dies
670 1541 784 1576 tres
829 1540 879 1576 et
914 1532 1126 1592 viginti
1167 1531 1483 1576 interkalasset
1516 1528 1779 1588 faceretque
1818 1543 1915 1569 eum
1949 1541 2114 1570 annum

282 1611 454 1656 dierum
471 1624 615 1655 cnxlv
629 1643 642 1665 ,
674 1608 814 1653 simul
818 1608 1058 1668 providens
1083 1608 1378 1668 infuturum,
1406 1624 1459 1652 ne
1481 1608 1643 1652 iterum
1660 1612 1894 1649 erraretur.
1935 1606 2114 1648 Sueton-

283 1693 396 1734 Caes.
424 1705 460 1733 c.
490 1692 563 1732 40.
597 1690 802 1747 (Caesar)
823 1688 983 1745 fastos
1010 1687 1236 1744 correxit,
1270 1687 1363 1731 iam
1388 1685 1569 1747 pridem
1599 1683 1710 1726 vitio
1734 1682 2010 1743 pontificum
2032 1697 2118 1742 per

283 1765 585 1811 interlcalandi
618 1765 842 1810 licentiam
875 1766 983 1810 adeo
1017 1767 1245 1823 turbatos,
1286 1774 1339 1810 ut
1369 1779 1508 1825 neque
1535 1762 1744 1805 messium
1776 1760 1920 1815 feriae
1952 1761 2119 1806 aestati

283 1861 422 1905 neque
448 1843 766 1888 vindemiarum
799 1853 1010 1889 autumno
1042 1851 1344 1905 competerent.
1378 1868 1437 1877 ·-
1477 1843 1573 1900 Quo
1602 1849 1750 1885 autem
1781 1840 1926 1900 magis
1962 1839 2010 1882 in
2033 1854 2119 1899 po-

282 1916 451 1966 sterum
482 1938 537 1964 ea·
575 1921 788 1964 Kalendis
819 1922 1050 1966 Ianuariis
1087 1923 1212 1965 novis
1255 1928 1497 1981 temporum
1531 1920 1648 1964 ratio
1684 1924 1963 1978 conqruewt,
1997 1917 2114 1960 inter

282 1999 559 2044 Novembrem
595 2015 646 2042 ac
691 2000 967 2043 Decembrem
1013 2014 1202 2043 mensem
1235 1999 1458 2042 interiecit
1501 1997 1610 2042 duos
1654 1995 1794 2052 alios,
1837 1995 2029 2056 fuitque
2071 1994 2115 2037 is

284 2093 457 2131 annus,
491 2092 576 2137 quo
611 2076 715 2120 haec
752 2078 1158 2131 constituebantur,
1205 2076 1513 2136 quindecim
1555 2075 1810 2117 mensium
1841 2090 1939 2118 cum
1981 2074 2119 2117 inter·

287 2155 482 2211 kalario,
518 2157 598 2217 qui
629 2172 685 2199 ex
712 2155 1025 2200 consuetudine
1051 2157 1099 2200 in
1122 2173 1220 2199 eum
1244 2171 1408 2198 annum
1434 2152 1666 2197 inciderat.
1730 2151 1909 2196 Macrob.
1938 2153 2115 2196 Saturn.

286 2247 317 2278 Ι.
345 2237 470 2278 c.14.
503 2237 543 2278 1.
578 2236 909 2296 Nonnumquam
936 2253 1019 2296 per
1047 2235 1244 2297 gratiam
1278 2232 1584 2287 sacerdotum,
1619 2233 1698 2293 qui
1723 2232 1981 2292 publicanis
2014 2247 2118 2292 pro-

277 2311 404 2371 ferri
439 2311 511 2355 vel
534 2313 743 2357 imminui
774 2314 974 2358 consulto
1009 2314 1116 2357 anni
1147 2311 1243 2356 dies
1275 2310 1508 2366 volebant,
1541 2310 1666 2354 modo
1699 2310 1851 2354 auctio
1895 2305 2019 2353 modo
2051 2326 2120 2353 re-

287 2390 451 2435 tractio
479 2389 650 2434 dierum
667 2391 954 2453 proveniebat
971 2424 983 2445 ,
1019 2398 1062 2434 et
1084 2390 1167 2434 sub
1195 2390 1339 2450 specie
1366 2388 1684 2432 observationis
1712 2388 1955 2449 emergebat
1980 2389 2123 2432 maior

287 2467 568 2526 confusionis
595 2470 780 2513 occasio.
844 2469 935 2513 Sed
959 2476 1122 2529 postea
1159 2469 1202 2511 C.
1231 2468 1392 2510 Caesar
1424 2481 1592 2509 omnem
1629 2465 1739 2510 banc
1777 2467 2122 2510 inconstantiam

288 2554 530 2606 temporum
556 2562 714 2606 vagam
746 2547 889 2590 adhuc
926 2556 967 2590 et
991 2547 1205 2589 incertam
1236 2545 1284 2587 in
1317 2543 1512 2588 ordinem
1538 2551 1686 2587 statae
1718 2543 1998 2605 definitionis
2029 2560 2121 2588 coe·

285 2626 381 2686 git,
416 2624 642 2668 adnitente
673 2624 760 2667 sibi
792 2627 850 2668 M.
870 2624 1022 2668 Flavio
1050 2623 1196 2666 scriba
1229 2648 1309 2665 —-.
1374 2622 1497 2682 Ergo
1530 2623 1572 2666 C.
1595 2623 1779 2678 Caesar,
1803 2621 2032 2665 exordium
2046 2637 2121 2666 no-

289 2718 370 2746 vae
396 2700 691 2746 ordinationis
722 2701 922 2746 initurus
956 2701 1051 2745 dies
1083 2715 1259 2754 omnes,
1300 2699 1380 2759 qui
1412 2698 1555 2742 adhuc
1586 2701 1886 2758 confusionem
1910 2708 2122 2761 poterant

282 2779 462 2838 facere,
497 2781 795 2840 consumpsit:
830 2796 964 2840 eaque
985 2796 1031 2823 re
1049 2779 1233 2838 factum
1261 2785 1357 2833 est,
1390 2784 1442 2820 ut
1469 2793 1640 2821 annus
1672 2779 2024 2837 confusionis
2045 2778 2122 2822 ul-

291 2859 456 2903 timus
498 2857 552 2900 in
589 2856 1017 2918 quadringentos
1049 2854 1418 2918 quadraginta
1451 2859 1723 2914 tres-[rect.
1747 2858 1963 2918 quinque]
2006 2855 2124 2900 dies

294 2935 558 2981 tenderetur.
623 2934 701 2978 Dio
729 2948 860 2979 XLIII.
893 2951 929 2979 c.
960 2940 1034 2980 26.
1070 2941 1112 2982 1.
1159 2936 1322 2981 Ταῦτά
1352 2952 1402 2980 τε
1433 2934 1762 2995 ἐνομοθέτησε
1800 2934 1851 2994 (ὁ
1874 2940 2118 2998 Καῖσαρ),
2166 2993 2170 3002 y
2206 2928 2210 2944 ⁴

239 3040 244 3044 ·
295 3020 378 3062 καὶ
423 3017 509 3068 τὰς
541 3014 717 3075 ἡμέρας
750 3014 841 3059 τῶν
871 3014 993 3060 ἐτῶν
1028 3016 1086 3062 oi·
1117 3016 1272 3078 πάντῃ
1307 3013 1636 3078 ὁμολογούσας
1666 3019 1813 3074 σφίσι
1857 3014 2005 3077 (πρὸς
2032 3015 2121 3078 γὰρ

296 3098 383 3148 τὰς
418 3098 501 3153 τῆς
527 3094 730 3153 σελήνης
757 3095 1011 3156 περιόδους
1045 3095 1119 3142 ἔτι
1151 3097 1232 3142 καὶ
1264 3098 1378 3141 τότε
1409 3097 1525 3149 τούς
1553 3100 1703 3158 μῆνας
1728 3089 1865 3160 ἦγον)
1895 3094 2124 3154 κατεστή-
2181 3102 2195 3110 ”

295 3192 418 3222 σατο
443 3173 493 3226 ἐς
523 3174 607 3220 τὸν
637 3178 725 3219 νῦν
749 3176 947 3236 τρόπον,
981 3174 1122 3221 ἑπτοὶ
1150 3176 1245 3221 καὶ
1275 3174 1554 3233 ἑξήκοντα
1582 3176 1792 3237 ἡμέρας
1824 3173 2113 3236 ἐμβαλὼν,
2179 3202 2199 3214 υ

296 3257 414 3302 ὅσαι
437 3270 525 3315 περ
549 3252 597 3305 ἒς
631 3253 714 3311 τήν
746 3253 1097 3319 ἀπαρτιλογίαν
1130 3255 1422 3318 παρέφερον.
1487 3258 1622 3316 ”Ηὸη
1654 3254 1741 3317 μὲν
1774 3257 1860 3319 γάρ
1888 3272 2015 3307 τινες
2040 3255 2122 3301 καὶ

295 3336 492 3386 πλείους
527 3332 713 3391 ἔφασαν
747 3333 1082 3395 ἐμβληθῆναι,
1116 3336 1171 3383 τὸ
1199 3338 1240 3383 δ’
1275 3336 1460 3396 ἀληθὲς
1493 3337 1647 3389 οὕτως
1679 3335 1796 3394 ἔχει.
1873 3335 1988 3380 Conf.
2023 3338 2121 3380 Sca-

293 3413 437 3474 liger,
470 3411 522 3455 de
553 3413 788 3458 Emendat.
826 3418 1019 3476 Tempor.
1053 3420 1096 3461 L.
1117 3431 1180 3462 lv.
1209 3434 1249 3477 p.
1269 3420 1372 3460 228.
1419 3416 1642 3471 Petavius,
1677 3415 1728 3460 de
1751 3415 1964 3458 Doctrina
2004 3416 2126 3457 Tem-

293 3507 392 3554 por.
421 3494 465 3535 L.
491 3504 553 3535 [v.
579 3496 655 3536 c.1
693 3501 736 3537 et
763 3497 805 3537 2.
855 3497 1004 3537 Franc.
1038 3493 1264 3538 Blanchini
1285 3529 1297 3549 ‚
1333 3495 1524 3538 Dissert.
1549 3494 1601 3538 de
1632 3492 1889 3538 Calendario
1912 3499 1956 3535 et
1992 3490 2126 3553 Cyclo
2175 3509 2182 3522 ν

305 3568 519 3614 Caesari-50
552 3573 732 3630 Romae,
760 3575 893 3617 1703.
914 3571 959 3617 s0.
996 3573 1158 3630 [deler‚
1178 3574 1420 3620 Handbuclz
1437 3574 1512 3618 der
1533 3571 1816 3632 Chronologie
1838 3584 1875 3615 Τ.
1892 3582 1906 3612 1
1915 3581 1940 3612 1.
1960 3585 1999 3629 p.
2023 3569 2123 3611 119.
