2210 3970
528 237 584 294 L.
609 238 670 294 x.
714 255 758 294 ο.
784 238 892 295 xv.
937 238 1067 310 §57
1109 268 1186 278 -
1223 238 1429 293 axvi
1474 238 1512 311 g
1541 243 1627 294 40.
1889 244 1993 295 475

168 389 402 462 primum
426 430 440 453 ,
481 396 542 444 ut
581 390 769 447 vellem
810 390 1033 455 docere,
1074 390 1199 446 deos
1239 406 1389 452 esse;
1430 389 1657 455 deinde,
1698 389 1882 461 quales
1916 410 1993 446 es·

166 496 315 552 sent;
354 497 495 556 tum,
530 491 596 546 ab
635 489 721 547 his
755 491 1020 548 mundum
1061 492 1204 562 regi;
1244 497 1548 563 postremo,
1590 490 1870 546 consulere
1909 508 1998 548 cos

169 590 331 646 rebus
369 590 636 648 humanis
721 597 809 647 59.
850 593 987 648 Est¹
1034 598 1215 648 autem
1257 589 1387 646 haec
1421 589 1753 662 perdifficilis
1790 598 1847 645 et
1885 607 2000 663 per·

169 689 396 747 obscura
428 693 670 764 quaestio
690 692 756 748 de
791 700 986 749 natura
1005 693 1263 751 deorum:
1305 709 1441 765 quae
1480 699 1535 747 ct
1566 692 1634 748 ad
1667 693 1999 764 agnitionem

165 791 332 846 animi
384 791 749 863 pulcherrima
787 800 869 849 est
908 801 962 848 et
1014 793 1080 848 ad
1119 792 1500 849 moderandam
1539 793 1853 866 religionem
1908 810 1995 848 ne·

164 891 412 948 cessaria.
493 893 569 949 De
597 911 702 966 qua
734 901 842 950 tam
876 896 1055 950 variae
1087 902 1215 951 sunt
1247 894 1683 951 doctissimorum
1711 893 1991 950 hominum

167 997 396 1065 tamque.
425 992 792 1067 discrepantes
820 996 1118 1051 sententiae
1138 1038 1154 1061 ,
1195 1002 1257 1051 ut
1295 1013 1490 1069 magno
1522 1003 1842 1068 argumento
1881 1012 1997 1051 esse

164 1090 389 1158 debeat,
448 1109 731 1159 caussam,
785 1094 837 1150 id
881 1102 963 1151 est
1001 1097 1366 1168 principium,
1419 1096 1817 1170 philosophiae,
1876 1113 1993 1151 esse

161 1192 531 1259 inscientiam,
571 1195 971 1268 prudenterque
1003 1197 1350 1253 Academicos
1389 1215 1421 1254 a
1460 1199 1620 1254 rebus
1649 1196 1872 1253 incertis
1909 1215 1991 1253 as·

157 1295 461 1351 sensionem
493 1295 812 1351 cohibuisse.
895 1296 1034 1364 Quid
1077 1304 1160 1352 est
1198 1299 1343 1354 enirn
1384 1300 1689 1355 temeritate
1741 1297 1991 1370 turpius?

160 1400 256 1451 aut
291 1394 422 1467 quid
459 1400 571 1451 tam
605 1397 954 1451 temerarium
991 1404 1208 1470 tamque
1252 1396 1537 1469 indignum
1574 1398 1832 1470 sapientis
1871 1413 1992 1468 gra·

158 1495 326 1551 vitate
362 1500 525 1568 atque
574 1497 913 1562 constantia,
970 1513 1134 1569 quam
1187 1504 1282 1552 aut
1340 1495 1535 1552 salsum
1587 1497 1819 1562 sentire,
1871 1503 1992 1564 aut,

158 1594 301 1668 quod
339 1612 445 1652 non
481 1596 615 1652 satis
654 1595 926 1669 explorate
963 1603 1277 1670 perceptum
1310 1599 1383 1653 sit
1416 1605 1471 1653 et
1518 1598 1826 1670 cognitum,
1877 1598 1996 1653 sine

158 1694 268 1752 ulla
306 1694 641 1752 dubitatione
665 1695 985 1753 defendere?
1065 1697 1223 1754 Velut
1264 1699 1319 1753 in
1354 1698 1454 1755 hac
1487 1700 1801 1771 quaestione
1835 1698 1991 1772 pleri·

154 1811 262 1870 que
311 1795 477 1870 (quod
515 1797 751 1854 maxime
795 1797 1088 1855 verisimile
1127 1805 1210 1853 est
1248 1805 1303 1855 et
1355 1815 1462 1871 quo
1499 1815 1686 1856 omnes
1726 1798 1863 1855 duce
1901 1816 1993 1855 na·

157 1905 282 1956 tura
317 1896 593 1971 vehimur)
644 1897 772 1955 deos
828 1915 945 1956 esse
1002 1898 1291 1956 dixerunt:
1350 1899 1600 1958 dubitare
1645 1918 1704 1958 se
1744 1902 1994 1972 Protago-

155 2015 271 2056 ras:
313 1999 489 2056 nullos
525 2017 643 2056 esse
681 2002 900 2057 omnino
940 2000 1197 2074 Diagoras
1234 2000 1426 2058 Melius
1451 2008 1507 2059 et
1547 2002 1858 2058 Theodorus
1894 2004 1993 2076 Cy-

155 2100 406 2157 renaicus
438 2107 780 2174 putaverunt.
862 2102 965 2170 Qui
1002 2119 1129 2158 vero
1172 2102 1299 2159 deos
1338 2119 1455 2159 esse
1497 2102 1782 2168 dixerunt,
1841 2111 1993 2160 tanta

152 2207 284 2256 sunt
322 2201 380 2256 in
418 2201 678 2258 varietate
714 2217 778 2258 ac
817 2201 1182 2268 dissensione,
1237 2210 1299 2259 ut
1349 2219 1536 2259 eorum
1582 2203 1868 2260 molestum
1916 2206 1991 2260 sit

156 2302 501 2361 dinumerare
532 2303 843 2360 sententias⁰
923 2304 1058 2360 Nam
1098 2310 1152 2360 et
1191 2304 1258 2359 de
1290 2303 1480 2375 figuris
1525 2304 1777 2370 deorum,
1830 2311 1886 2359 et
1921 2304 1989 2361 de

153 2403 285 2458 locis
323 2409 486 2475 atque
516 2402 732 2459 sedibus
770 2410 824 2458 et
862 2405 1074 2460 actione
1104 2406 1247 2460 vitae
1275 2404 1446 2460 multa
1486 2404 1773 2469 dicuntum
1813 2404 1985 2478 deque

150 2504 239 2562 his
269 2520 484 2562 summa
519 2504 957 2578 philosophorum
991 2504 1322 2562 dissensione
1362 2513 1637 2562 certatur:
1679 2505 1821 2578 quod
1861 2523 1987 2562 vero

151 2603 387 2662 maxime
418 2619 534 2661 rem
573 2620 929 2678 caussamque
961 2606 1201 2662 continet
1220 2649 1235 2672 ,
1277 2613 1464 2663 utrum
1497 2606 1633 2662 nihil
1665 2614 1865 2679 agant,
1906 2609 1983 2662 ni-

151 2706 228 2762 hil
266 2705 587 2771 moliantur,
638 2707 785 2763 omni
844 2707 1123 2763 curatione
1173 2714 1227 2763 et
1286 2707 1754 2764 administratione
1799 2725 1984 2764 rerum

151 2813 378 2872 vacent,
418 2823 485 2862 an
518 2813 706 2862 contra
740 2806 807 2862 ab
847 2808 914 2862 iis
940 2815 994 2864 et
1026 2826 1057 2864 a
1089 2810 1356 2882 principio
1383 2812 1564 2865 omnia
1597 2810 1740 2865 sacta
1773 2817 1826 2865 et
1860 2827 1983 2865 con-

151 2909 343 2964 stituta
382 2909 519 2971 sint,
561 2914 615 2962 et
653 2906 719 2964 ad
758 2907 1034 2964 infinitum
1074 2916 1288 2983 tempus
1327 2917 1587 2981 regantur
1619 2916 1780 2982 atque
1809 2926 1986 2964 move-

149 3015 341 3074 antur,
382 3009 437 3064 in
477 3009 668 3081 primis
704 3024 901 3081 magna
933 3009 1194 3066 dissensio
1233 3018 1337 3066 est:
1380 3027 1548 3083 eaque
1560 3011 1685 3091 ⁴,uisi
1725 3010 1983 3066 diiudice-

149 3118 273 3176 tur,
315 3111 371 3164 in
404 3125 616 3165 summo
652 3124 834 3165 errore
867 3127 1082 3167 necesse
1114 3119 1196 3168 est
1237 3112 1480 3167 homines
1515 3118 1677 3183 atque
1711 3112 1767 3165 in
1812 3112 1982 3166 maxi·

150 3228 363 3267 marum
403 3227 587 3266 rerum
627 3213 960 3283 ignoratione
988 3216 1210 3269 versari.
1292 3218 1378 3268 40.
1415 3213 1554 3267 Sunt
1573 3213 1718 3267 enim
1743 3211 1981 3284 ⁴philoso-

150 3312 242 3384 phi
282 3320 335 3368 et
387 3313 640 3378 suerunt,
682 3315 774 3385 qui
815 3316 1029 3370 omnino
1069 3315 1270 3372 nullam
1316 3313 1510 3369 habere
1551 3320 1831 3371 censerent
1884 3314 1980 3368 hu-

150 3457 361 3476 —

213 3545 249 3600 ι)
283 3540 391 3585 lhid.
428 3545 458 3586 Ι.
492 3561 524 3589 c.
550 3550 583 3591 1.
621 3549 703 3603 §1
