2210 3970
2159 99 2210 136 ⁷⁴<

2164 54 2170 82 f.

2172 267 2210 325 ²³

2174 340 2210 386 ,ᾗ

282 280 388 332 788
753 291 1078 329 ANNALES
1137 292 1640 330 ClcERONlANI.
2184 342 2194 367 ⁴

283 440 399 467 nunc
431 423 543 466 milti
569 421 770 466 additum
803 428 882 464 est.
925 419 1036 463 lbid.
1054 432 1150 464 XVI.
1169 424 1210 464 3.
1245 424 1287 465 4.
1338 421 1481 465 Multa
1512 439 1579 465 me
1609 430 1780 467 movent
1804 425 1853 468 iu
1879 424 2100 482 discessu,
2179 443 2210 483 ,ᾗ

284 500 493 560 inprimis
532 499 804 554 mehercule,
847 497 965 558 quod
996 497 1228 559 disiungor
1259 516 1287 542 a
1330 507 1384 543 te.
1446 502 1591 543 Movet
1632 501 1766 544 etiam
1806 502 2105 561 navigationis
2185 483 2210 573 ἑ

290 578 413 621 labor
444 604 515 622 —-.
554 576 845 620 Consolantur
888 576 1022 619 liaeo:
1070 578 1160 618 Aut
1192 574 1475 635 proderimus
1517 575 1695 636 aliquid
1738 577 1956 633 Ciceroni,
1992 587 2102 635 aut,

285 663 500 716 quantum
523 655 693 716 profici
716 654 889 714 possit,
922 652 1228 697 iudicabimus,
1278 652 1460 714 Philipp.
1483 667 1513 697 1.
1545 670 1580 698 c.
1599 657 1641 698 2.
1662 657 1702 698 6.
1770 654 1913 712 Quum
1941 681 1998 688 —-
2028 655 2105 700 Ῐια-
2178 614 2210 766 se}

290 733 430 777 berem
468 734 542 776 ius
571 732 806 792 legationis
834 731 1017 775 liberum
1035 764 1047 786 ,
1081 748 1132 774 ea
1163 738 1305 774 mente
1337 730 1553 786 discessi,
1586 740 1639 776 ut
1670 731 1865 776 adessem
1896 733 2109 778 Kalendis

284 812 538 866 Ianuariis,
572 809 692 870 quod
719 809 900 853 initium
927 816 1107 852 senatus
1135 807 1315 868 cogendi
1331 808 1440 865 fore
1464 808 1707 853 videbatur.
1771 809 1991 854 Plutarch.
2023 810 2107 855 Cic.

287 894 416 935 e.43.
449 895 487 934 1.
552 889 731 940 Εὐθύς
764 881 849 932 οὖν
885 887 912 932 o‘
945 886 1205 937 Ἀντώνιος
1236 912 1296 918 -—
1330 889 1452 931 πᾶσι
1484 885 1571 945 μὲν
1599 881 1655 945 ἧν
1681 887 1914 949 φόβερος,
1951 915 2013 923 -
2045 888 2110 950 τῷ
2191 927 2203 949 ,

289 967 344 1015 δὲ
374 968 617 1030 Κικέρωνι
646 966 1002 1028 φοβερώτατος.
1035 993 1095 999 —-
1128 969 1229 1010 Καί
1257 967 1352 1010 πού
1378 983 1426 1010 τι
1456 966 1537 1011 καί
1566 969 1867 1029 προυπῆρχεν
1896 966 2108 1025 ὑποψίας

291 1047 461 1099 αὐτοῖς
491 1049 611 1108 πρὸς
645 1046 881 1103 ἀλλήλους
915 1048 1035 1092 κατὰ
1069 1046 1151 1104 τήν
1186 1046 1277 1090 τῶν
1305 1045 1423 1104 βίων
1465 1045 1793 1106 ἀνομοιότητα
1826 1050 1905 1091 καὶ
1940 1047 2112 1104 διαφο-
2141 1107 2145 1111 ,

291 1129 394 1189 ράν.
467 1129 628 1172 Ταῦτα
673 1125 839 1178 δείσας
893 1125 918 1171 ό
959 1125 1173 1187 Κικέρων
1220 1126 1411 1187 πρῶτον
1456 1123 1544 1184 μὲν
1593 1124 1782 1186 ὥρμησε
1827 1125 2113 1188 Δολοβέλλᾳ
2172 1147 2176 1158 -·

289 1209 643 1254 συνεκπλεῦσαι
690 1205 980 1266 πρεσβευτής
1021 1207 1093 1256 εἰς
1124 1209 1341 1266 Συρίαν·
1387 1202 1494 1249 ἐπεὶ
1529 1203 1575 1248 δ’
1610 1206 1658 1250 οἱ
1691 1205 1945 1264 μέλλοντες
1995 1205 2112 1252 ὖπα-
2174 1197 2195 1270 ’ᾗ

290 1290 453 1333 τείνειν
493 1290 596 1346 μετ’
642 1282 941 1339 Ἀντώνιον,
990 1290 1178 1345 (Ἵρτιος
1221 1287 1303 1329 καὶ
1334 1285 1562 1341 Πάνσας,
1597 1283 1764 1345 ἄνδρες
1807 1285 1988 1348 ἀγαθοὶ
2024 1290 2112 1332 καὶ
2167 1283 2188 1349 [’

289 1367 499 1426 ζηλωταὶ
542 1369 628 1411 τοῦ
676 1362 978 1425 Κικέρωνος,
1026 1362 1220 1409 ἐδέοντο
1252 1364 1316 1424 μή
1358 1367 1486 1422 σφᾶς
1520 1365 1834 1419 καταλιπεῖν,
1872 1364 2117 1422 ὑποδεχό-
2173 1419 2178 1424 [

288 1463 425 1507 μενοι
459 1447 749 1491 καταλύσειν
781 1442 1050 1490 ’Λντώνιον
1092 1442 1280 1489 ἐκείνου
1312 1445 1578 1506 παρόντος,
1614 1444 1643 1490 o‘
1680 1444 1723 1488 δ’
1754 1443 1863 1490 οὔτ’
1895 1444 2114 1492 ἀπιστῶν
2169 1439 2187 1494 Α,

290 1527 598 1571 παντάπασιν
633 1523 750 1570 οὔτε
781 1526 1024 1570 πιστεύων
1061 1522 1372 1583 Δολοβέλλαν
1408 1522 1494 1583 μὲν
1524 1524 1662 1570 εἴασε
1689 1527 1914 1586 χαίρειν,
1949 1524 2115 1585 ὁμολο-
2179 1519 2183 1546 ’[

288 1607 436 1668 γήσας
483 1602 536 1649 δὲ
581 1611 685 1654 τοῖς
732 1607 843 1665 περὶ
877 1604 964 1650 τὸν
1014 1609 1207 1664 ”Ἰρτιον
1241 1602 1296 1648 τὸ
1338 1601 1488 1665 θέρος
1527 1602 1579 1648 ἐν
1619 1603 1866 1662 Ἀθήναις
1898 1605 2114 1664 διάξειν,
2174 1623 2187 1653 ’,ν

292 1683 411 1730 ὅταν
444 1683 488 1727 δ’
523 1682 703 1727 ἐκεῖνοι
747 1684 1063 1746 παραλάβωσι
1110 1684 1193 1742 τήν
1226 1681 1406 1745 ἀρχήν,
1442 1682 1709 1742 ἀφίξεσθαι
1742 1686 1919 1740 πάλιν,
1960 1685 2116 1739 αὐτὸς

292 1766 410 1810 καθ’
446 1763 619 1809 ἑαυτὸν
651 1761 949 1813 ἐξέπλευσεν.
983 1762 1042 1807 Cf.
1077 1766 1108 1806 Ι.
1137 1766 1182 1807 F.
1217 1761 1450 1818 Eckhard,
1483 1762 1693 1807 Prolusio
1726 1762 1778 1807 de
1812 1762 2029 1825 legatione
2062 1764 2118 1809 li·
2190 1760 2197 1826 J

291 1843 423 1898 bera,
456 1844 584 1886 cuius
614 1842 776 1886 mentio
795 1842 864 1902 fit
894 1842 942 1885 in
970 1839 1196 1902 Epistolis
1233 1841 1463 1884 Ciceronis,
1508 1841 1693 1897 Isenaci,
1729 1843 1864 1887 1789.
1897 1842 1961 1888 4⁰.
2194 1835 2197 1842 [

368 1971 453 2045 (¹8)
497 1971 683 2042 Itaque
723 1988 768 2025 a.
801 1971 852 2024 d.
874 1989 962 2026 ΧΠ.
987 1969 1103 2023 Kal.
1149 1969 1333 2024 Sextil.
1384 1968 1481 2041 [Ξ
1505 1972 1570 2023 21
1593 1969 1737 2042 Iulii]
1787 1970 1934 2024 Velia
1964 1971 2119 2042 profi-

292 2073 532 2136 ciscens,
575 2072 665 2126 ubi
704 2072 755 2125 in
790 2073 906 2143 ipsa
946 2070 1286 2141 navigatione
1319 2069 1506 2140 Topica
1539 2068 1606 2124 ad
1642 2069 1952 2125 Trebatium
1989 2073 2120 2127 scri·

290 2174 432 2245 psit,
493 2173 759 2243 Rhegium
814 2179 866 2227 et
919 2171 1034 2226 Kal.
1093 2170 1235 2226 Sext.
1292 2170 1586 2244 Syracusas
1638 2171 1802 2226 venit.
1840 2190 1891 2226 x.
1947 2190 1992 2227 e.
2032 2177 2122 2228 24.
2194 2239 2196 2242 ⁸

294 2278 362 2328 67
400 2291 514 2345 sqq.

355 2393 438 2438 Cic.
482 2390 536 2436 ad
579 2388 750 2434 Trebat.
801 2389 876 2446 (ad
908 2393 1027 2434 Fam.
1054 2401 1138 2433 vu.
1171 2391 1245 2434 20.
1279 2389 1343 2446 3.)
1411 2388 1555 2443 Cura,
1599 2394 1652 2431 ut
1697 2387 1859 2433 valeas.
1893 2402 1996 2434 xm.
2018 2391 2122 2437 Kal.

295 2473 422 2515 Sext.
454 2472 540 2528 [-..:
566 2471 625 2512 20
654 2467 777 2525 Iul.].
816 2466 953 2511 Velia.
988 2465 1052 2510 Id.
1082 2465 1137 2510 ad
1170 2469 1263 2509 Att.
1292 2477 1390 2508 XVI.
1426 2468 1468 2508 6.
1497 2468 1539 2508 1.
1603 2465 1703 2526 Ego
1737 2465 1879 2510 aclliuc
1927 2469 2126 2530 (perveni

295 2550 410 2593 enim
448 2547 650 2590 Vibonem
691 2544 752 2587 ad
778 2545 947 2603 Sicam)
980 2542 1124 2602 magis
1152 2541 1400 2598 commode,
1435 2559 1572 2601 quam
1603 2551 1781 2588 strenue
1812 2545 2031 2605 navigavi.
2064 2571 2126 2580 —-—

304 2627 410 2670 Veni
436 2625 581 2685 igitur
611 2622 673 2666 ad
694 2623 842 2666 Sicam
869 2629 1018 2665 octavo
1046 2619 1118 2662 die
1145 2634 1167 2661 e
1194 2620 1460 2679 Pompeiano
1479 2653 1492 2675 ,
1527 2638 1663 2680 quum
1679 2638 1816 2666 unum
1843 2621 1958 2665 diem
1978 2623 2126 2668 Veliae

298 2704 609 2748 constitissem.
642 2726 702 2734 —
737 2711 797 2744 lx.
826 2698 925 2744 Kal.
960 2700 1095 2756 [Sext.
1127 2713 1190 2739 Ξ
1222 2700 1282 2741 24
1309 2699 1418 2756 Iul.]
1466 2699 1610 2759 igitur
1640 2698 1702 2742 ad
1737 2700 1897 2745 Sicam.
1960 2701 2034 2745 Ibi
2066 2729 2125 2737 -—-
2176 2736 2179 2739 .

299 2783 464 2830 obduxi
486 2788 718 2843 posterum
750 2778 877 2823 diem.
913 2776 1003 2820 Sed
1029 2775 1272 2837 putabam,
1305 2792 1442 2836 quum
1471 2776 1687 2837 Rhegium
1717 2779 1931 2823 venissem
1949 2812 1962 2835 ,
1985 2780 2126 2838 fore,
2177 2775 2179 2777 ’

299 2869 352 2908 ut
377 2860 475 2905 illic
506 2886 566 2893 -—-
598 2859 892 2919 cogitaremus
916 2862 996 2899 cet.
1045 2854 1110 2898 ld.
1144 2853 1199 2898 ad
1232 2853 1404 2898 Trebat.
1437 2854 1511 2912 (ad
1539 2858 1656 2899 Fam.
1685 2868 1771 2900 vu.
1798 2858 1890 2915 19.)
1959 2860 2014 2902 Ut
2029 2859 2130 2919 pri-
2180 2879 2191 2922 [ζ

299 2958 420 2986 mum
440 2938 565 2983 Velia
587 2938 797 2998 navigare
829 2934 981 2994 coepi,
1013 2932 1199 2976 institui
1229 2933 1424 2992 Topica
1449 2932 1717 2977 Aristotelea
1748 2935 2041 2990 conscribere,
2074 2937 2130 2980 ab

242 3045 246 3049 -
302 3018 406 3080 ipsa
434 3016 540 3059 urbe
577 3013 896 3067 commonitus,
932 3012 1242 3055 amantissima
1274 3008 1356 3052 tui.
1420 3009 1540 3052 Eum
1573 3009 1734 3054 librum
1767 3011 1852 3055 tibi
1881 3013 1987 3056 misi
2017 3014 2131 3058 Rhe·
2179 3018 2210 3081 <ff

298 3095 404 3156 gio,
437 3094 683 3153 scriptum,
716 3108 847 3151 quam
868 3089 1135 3151 planissime
1167 3103 1238 3131 res
1265 3085 1350 3130 illa
1382 3085 1518 3129 scribi
1538 3087 1708 3146 potuit.
1771 3089 1855 3131 Sin
1881 3089 1967 3132 tibi
1997 3107 2128 3150 quae·
2178 3084 2210 3159 [ι]

303 3171 405 3216 dam
441 3170 704 3215 videbuntur
746 3169 1028 3223 obscuriora,
1077 3167 1272 3227 cogitare
1321 3163 1517 3219 debebis,
1563 3163 1737 3208 nullam
1781 3173 1921 3210 artem
1963 3167 2128 3212 litteris

303 3253 399 3296 sine
435 3252 674 3311 interprete
705 3256 749 3292 et
780 3249 875 3291 sine
915 3245 1070 3306 aliqua
1114 3242 1428 3288 exercitatione
1462 3242 1640 3303 percipi
1667 3259 1813 3303 posse.
1876 3246 1971 3289 Non
2004 3245 2129 3307 longe
2172 3275 2209 3294 .

304 3330 497 3375 abieris.-
527 3345 633 3372 num
670 3327 743 3371 ius
779 3324 908 3369 civile
939 3331 1132 3367 vestrum
1161 3338 1215 3365 ecc
1250 3320 1380 3363 libris
1414 3321 1617 3380 cognosci
1639 3322 1834 3380 potest?
1867 3323 1946 3382 qui
1976 3339 2128 3382 quam·
2176 3309 2210 3380 {q

305 3424 438 3468 quam
461 3406 655 3467 plurimi
678 3411 808 3458 sunt,
843 3401 1057 3445 doctorem
1091 3407 1482 3458 iamenu-sumque
1520 3396 1784 3442 desiderant.
1852 3399 2128 3459 Quamquam
2182 3385 2210 3450 f

308 3493 359 3529 tu
387 3485 428 3527 si
455 3491 621 3527 attente
657 3482 801 3542 legeS,
836 3480 878 3522 si
914 3480 1124 3539 saepius,
1149 3494 1234 3539 per
1267 3484 1309 3519 te
1341 3475 1487 3518 omnia
1519 3491 1806 3535 consequere,
1838 3483 1891 3520 ut
1922 3485 2037 3521 certe
2061 3479 2128 3522 in·
2192 3478 2194 3482 ’

307 3561 498 3626 telligaS.
559 3561 621 3607 [d.
663 3559 843 3619 Philipp.
880 3571 907 3601 Ι.
953 3573 987 3601 c.
1019 3561 1058 3602 3.
1095 3559 1132 3601 7.
1203 3555 1346 3612 Quum
1396 3553 1715 3603 Brundisium,
1766 3551 1934 3612 iterque
1982 3550 2127 3607 illud,
