2210 3970
209 222 316 272 522
670 231 998 270 ANNALES
1055 231 1564 270 cicnnoniANr.

207 372 275 407 est
296 370 421 425 pura.
442 364 535 419 sic,
565 371 618 408 ut
650 363 810 407 Latine
843 361 976 421 loqui„
992 376 1134 422 paene
1165 359 1291 404 solas
1320 360 1555 417 videatur,
1584 359 1652 403 sic
1680 367 1830 404 autem
1857 362 2042 421 gravis,

207 449 260 486 ut
291 442 340 487 iu
371 440 597 502 singulari
627 440 849 501 diynitate
875 440 1019 483 omnis
1051 448 1196 483 tamen
1224 436 1348 481 adsit
1371 439 1628 484 humanitas
1658 454 1710 483 ac
1743 438 1878 499 lepos.
1924 438 2047 497 Quid

209 518 402 562 multa?
439 519 579 562 istum
610 518 799 563 audiens
829 518 1033 578 equidem
1075 517 1142 560 sic
1174 516 1376 561 iudicare
1407 517 1552 572 soleo,
1595 516 1820 577 quidquid
1858 524 1940 561 aut
1970 517 2049 563 ad-

212 595 381 640 dideris
423 603 505 640 aut
543 597 785 640 mutaveris
826 603 908 640 aut
939 594 1189 640 detraxeris
1206 626 1220 650 ‚
1268 595 1480 640 vitiosius
1518 603 1563 640 et
1593 594 1805 640 deterius.
1816 594 2050 652 futurum.

215 674 280 721 Id.
305 678 431 718 Brut.
457 690 493 719 c.
515 678 588 719 35.
619 678 723 719 133.
786 675 897 718 Fuit
926 673 1072 734 iqitur
1101 673 1151 716 in
1185 672 1343 717 Catulo
1374 689 1516 718 sermo
1547 674 1740 718 Latinus
1756 693 1774 727 ‚-
1804 689 1919 732 quae
1953 672 2053 717 laus

197 733 391 795 ⁸dicendi
420 769 507 796 non
537 751 770 795 mediocris
802 750 857 794 ab
889 749 1140 794 oratoribus
1164 750 1399 812 plerisque
1429 751 1630 814 neqlecta
1661 760 1743 796 est.
1768 778 1828 786 --
1855 753 1943 795 Nec
1977 751 2054 794 lia·

215 829 338 873 bitus
369 838 438 874 est
469 838 616 873 tamen
646 855 707 863 —-
743 826 932 871 Catulus
954 827 1170 887 princeps
1200 828 1249 871 in
1280 845 1462 873 numero
1486 837 1781 890 patronorum
1796 851 1814 884 ,-
1845 828 1926 872 sed
1955 835 2053 872 erat

219 907 352 963 talis,
397 916 476 963 ut,
523 923 661 966 quum
694 904 912 965 quosdam
941 903 1122 948 audires
1138 937 1152 960 ‚
1194 906 1276 965 qui
1306 913 1403 950 tum
1431 915 1560 951 erant
1580 915 1893 968 praestantes,
1937 906 2056 950 vide-

217 994 342 1029 retur
373 1001 469 1028 csse
500 984 715 1043 inferior:
747 999 885 1043 quum
907 990 1053 1026 autem
1077 982 1227 1043 ipsum
1251 983 1435 1028 audires
1465 985 1563 1030 sine
1588 987 1940 1048 comparatione,
1971 1002 2059 1030 non

219 1063 346 1106 modo
392 1070 624 1106 contentus
667 1077 786 1106 esses
803 1094 817 1117 ‚
859 1061 940 1105 sed
977 1059 1140 1105 melius
1175 1077 1262 1106 non
1299 1078 1548 1122 quaereres.
1612 1050 1745 1109 coiis.
1776 1078 1853 1124 pro
1885 1066 2061 1109 Murena

219 1144 347 1186 c.17.
382 1144 456 1185 36.
490 1157 565 1201 pro
595 1139 768 1184 Plancio
799 1155 836 1184 c.
855 1143 897 1183 5.
923 1141 996 1183 12.
1029 1142 1184 1201 Meyer.
1219 1141 1340 1186 Orat.
1376 1143 1502 1186 Rom.
1535 1143 1710 1202 Fragm.
1742 1153 1867 1186 xmv.
1899 1143 2062 1202 p.270.

287 1238 364 1318 (2)
408 1244 503 1298 His
550 1260 688 1300 GOSS.
743 1241 968 1297 Archias
1018 1227 1203 1314 poeta,
1261 1242 1547 1298 Antiochia
1595 1250 1779 1308 ortus,
1836 1244 2060 1298 Romam

223 1346 409 1410 venit,
466 1346 560 1417 qui
606 1343 935 1399 Cimbricum
989 1335 1187 1397 bellum
1237 1349 1291 1398 et
1319 1341 1770 1398 'Mithridaticum
1818 1343 2065 1399 versibus

223 1453 542 1519 persecutus
580 1453 693 1502 est:
749 1462 855 1518 quo
894 1443 1088 1505 deinde
1139 1443 1327 1500 Cicero
1363 1444 1556 1517 primis
1592 1446 1858 1518 pueritiae·
1909 1446 2066 1501 annis

224 1565 358 1612 usus
391 1555 472 1603 est
504 1548 813 1605 litterarum
854 1546 1085 1600 doctore.
1121 1562 1156 1599 1.
1200 1562 1246 1599 c.
1272 1549 1360 1600 17.
1403 1549 1471 1600 51
1497 1555 1614 1617 sqq.

224 1693 251 1711 ,ἶ
288 1648 430 1711 Schol.
463 1647 565 1693 Bob.
597 1647 652 1693 ad
684 1650 805 1692 Orat.
837 1662 914 1709 pro
947 1644 1104 1692 Archia
1137 1662 1178 1706 p.
1210 1649 1328 1705 353..
1346 1646 1399 1691 A.
1424 1646 1631 1690 Licinius
1670 1645 1860 1701 Archias
1889 1661 1937 1691 se
1967 1653 2063 1691 stu·

228 1727 320 1772 diis
342 1727 538 1788 poeticis
569 1717 749 1771 dedidit
773 1734 816 1770 et
847 1724 1070 1785 adprime,
1102 1731 1155 1767 ut
1186 1722 1440 1780 videbatur,
1473 1722 1688 1768 excelluit
1717 1724 1766 1768 iu
1799 1725 1878 1768 lwc
1906 1740 2066 1786 genere

234 1807 501 1868 litterarum.
565 1804 813 1864 Quinfikx.
837 1819 872 1848 c.
894 1806 934 1848 7.
963 1805 1037 1847 18.
1102 1802 1232 1846 Sicut
1263 1802 1312 1846 in
1343 1802 1611 1863 cogitatione
1637 1802 1965 1864 praecipimus,
1998 1802 2068 1846 ita

221 1880 506 1946 'facilitatem
557 1881 898 1943 extemporalem
940 1897 968 1924 a
1006 1880 1167 1941 parvis
1205 1880 1357 1924 initiis
1390 1879 1647 1943 paullatim·
1672 1880 1969 1942 perducemus
2011 1879 2073 1923 ad

230 1977 478 2009 summam:
511 1951 570 1997 -ζ
604 1977 742 2022 quum
782 1959 893 2003 lianc
928 1957 1198 2011 felicitatem
1227 1975 1315 2004 non
1339 1975 1480 2020 prosa
1510 1959 1636 2005 modo
1668 1960 1806 2005 multi
1845 1961 1939 2005 sint
1970 1976 2068 2015 con-

224 2041 399 2097 secuti,
433 2039 514 2084 sed
541 2038 677 2083 etiam
708 2037 926 2093 carmine,
956 2043 1011 2080 ut
1038 2039 1280 2099 Antipater
1308 2037 1525 2083 Sidonius
1556 2045 1609 2095 et¹
1630 2038 1837 2097 Licinius
1869 2038 2070 2083 Archias.

232 2106 619 2180 Quaesupersunt
659 2115 842 2161 Archiae
872 2114 1068 2160 carmina
1087 2112 1105 2171 ,’
1131 2114 1345 2176 leguntur
1376 2115 1422 2161 in
1443 2115 1632 2175 'AnthoL
1667 2120 1816 2175 Graec.
1850 2128 1888 2160 τ.
1915 2129 1966 2160 11.
2004 2115 2070 2160 ed.

231 2180 445 2254 Iacobsii‚
479 2205 524 2242 et
554 2197 601 2241 in
633 2194 775 2240 libro:
814 2196 871 2237 M.
910 2195 954 2237 T.
993 2194 1216 2238 Ciceronis
1251 2195 1407 2238 Oratio
1432 2211 1529 2257 pro
1550 2198 1600 2241 Α.
1619 2198 1669 2241 L.
1688 2193 1852 2239 Archia
1870 2231 1883 2253 ‚
1907 2200 2071 2255 poeta,

234 2293 333 2322 cum
373 2275 644 2320 carminibus
689 2272 878 2318 Archiae
920 2273 1082 2316 Graece
1122 2278 1166 2317 et
1205 2273 1378 2317 Latine.
1450 2273 1708 2318 Praemisso
1749 2281 1817 2317 est
1858 2269 2071 2333 Epistola

241 2355 408 2398 Critica
445 2353 498 2398 de
529 2369 578 2397 eo
610 2351 732 2414 quod
760 2350 950 2395 Archiae
974 2365 1213 2411 personam
1245 2357 1290 2395 et
1319 2348 1548 2412 inqenium
1577 2359 1752 2414 spectat
1768 2374 1788 2409 ,-
1832 2347 1985 2395 studio
2018 2352 2069 2395 Η.

234 2435 280 2476 C.
303 2434 353 2478 F.
373 2431 657 2477 Hiilsemann.
699 2429 959 2491 Lemgoviae
976 2431 1110 2474 1800.
1143 2431 1205 2473 8⁰.

319 2545 381 2620 (³)
424 2545 535 2600 Hoc
592 2560 733 2598 anno
790 2549 886 2597 aut
935 2541 1248 2613 superiore,
1299 2541 1430 2596 item
1481 2541 1703 2613 Arpini,
1753 2548 1914 2596 natus
1964 2558 2080 2596 esse

239 2645 456 2700 videtur
489 2645 549 2713 Q.
585 2645 799 2709 Cicero,
836 2642 1004 2697 Marci
1042 2641 1236 2703 frater;
1277 2657 1510 2713 quocum
1549 2641 1638 2696 hic
1677 2648 1739 2696 ut
1783 2642 2081 2714 plurimum

243 2748 297 2801 in
351 2745 495 2803 omni
534 2746 648 2800 vita
698 2741 1119 2799 familiarissime
1162 2741 1314 2796 vixit.
1357 2759 1393 2796 1.
1434 2758 1481 2796 c.
1516 2746 1604 2799 10.
1644 2745 1733 2796 25.
1775 2760 1822 2797 c.
1859 2745 1945 2798 12.
1987 2748 2075 2799 33.

245 2867 291 2904 c.
321 2854 405 2904 16.
441 2853 530 2903 47.
572 2866 618 2902 c.
643 2851 733 2902 57.
771 2849 895 2901 116.
933 2863 988 2900 11.
1023 2862 1069 2899 o.
1093 2847 1182 2900 54.
1219 2847 1311 2900 91.
1344 2860 1394 2899 v.
1430 2860 1477 2899 c.
1500 2847 1552 2900 8.
1592 2846 1678 2900 16.
1716 2861 1806 2900 vn.
1837 2850 1956 2901 c.5.
1990 2848 2076 2900 12.

245 2969 355 3007 vm.
390 2955 551 3005 c.-11.
587 2953 677 3004 24.
711 2948 802 3023 (lx.
836 2965 884 3002 c.
905 2950 956 3002 8.
999 2944 1117 3019 22.)

319 3055 541 3127 Praeter
580 3049 1039 3106 Commentarium
1075 3046 1141 3101 de
1182 3047 1442 3120 petitione
1474 3047 1786 3103 consulatus
1827 3049 1896 3122 (v.
1931 3046 1998 3101 ad
2032 3063 2081 3102 a.

246 3148 373 3210 690.
402 3153 504 3228 1.),
539 3152 629 3207 hie
656 3150 840 3206 Cicero
873 3147 1044 3204 multa
1078 3148 1297 3220 scripsit
1330 3154 1605 3220 poemata,
1636 3165 1865 3220 quorum
1899 3153 2079 3203 tamen

251 3255 362 3310 fere
394 3254 528 3325 nihil
565 3259 827 3325 superest.

315 3356 399 3400 cic.
432 3354 493 3400 ad'
521 3356 614 3404 Att.
649 3367 681 3398 1.
715 3357 788 3398 17.
822 3355 866 3396 2.
933 3350 1109 3408 Quanta
1149 3350 1213 3393 sit
1254 3349 1304 3393 in
1339 3348 1507 3407 Quinto
1537 3347 1695 3406 jratre
1734 3364 1828 3392 meo
1870 3350 2085 3405 comitas,

256 3443 426 3499 quauta
456 3433 716 3479 iucunditas
732 3465 746 3488 ‚
792 3446 926 3490 quam
957 3427 1108 3471 mollis
1139 3429 1316 3472 animus
1346 3435 1392 3471 et
1421 3426 1484 3472 ad
1510 3426 1811 3488 accipiendam
1849 3436 1894 3472 et
1921 3428 1983 3472 ad
2010 3428 2082 3472 de-

248 3513 496 3576 ponendam
528 3512 845 3573 offensionem‚
884 3506 1004 3553 nihil
1029 3507 1193 3552 attinet
1223 3523 1290 3550 me
1321 3504 1383 3549 ad
1411 3513 1478 3562 te,
1515 3504 1597 3563 qui
1627 3520 1680 3549 ea
1710 3506 1852 3562 nosti,
1885 3507 2084 3550 scribere.
