2150 3990
181 260 286 311 288
779 256 997 329 {emeno
1039 270 1108 309 ne
1151 266 1284 310 νιΤΑ
1323 264 1429 308 suit

178 407 249 461 tis
291 421 485 478 magna
531 405 722 480 populo
768 406 1004 462 Romano
1049 405 1183 460 bella
1227 404 1663 477 perniciosaeque
1713 401 1998 462 seditiones

175 506 648 563 denuntiabantur.
746 507 912 580 Inque
952 507 1036 561 his
1075 505 1324 560 omnibus
1362 519 1615 576 responsa
1654 502 1998 576 haruspicum

173 625 299 663 cum
353 608 584 682 Sibyllae
635 608 879 663 versibus
930 606 1312 678 congruebant.
1419 608 1540 660 104.
1595 603 1769 672 Quid?
1829 621 1999 676 quum

171 707 354 763 Cumis
400 709 582 781 Apollo
629 709 875 774 sudavit,
927 709 1137 780 Capuae
1176 706 1448 762 Victoria?
1504 705 1675 777 quid?
1717 710 1870 760 ortus
1907 721 2001 759 ane

169 807 397 882 drogyni
418 850 433 873 ‚
492 825 667 863 nonne
726 808 885 862 fatale
941 808 1208 880 quoddam
1267 811 1572 860 monstrum
1631 804 1775 860 suit?
1829 804 1997 876 quid?

168 925 336 980 quum
389 908 587 961 fluvius
625 913 834 961 atratus
873 908 1134 977 sanguine
1175 906 1373 961 fluxit?
1423 905 1594 979 quid?
1635 922 1804 976 quum
1843 921 2001 977 saepe

166 1006 404 1078 lapidum
424 1048 441 1071 ,
481 1007 761 1077 sanguinis
799 1022 1233 1079 nonnumquam,
1273 1013 1450 1061 terrae
1489 1006 1792 1070 interdum,
1832 1023 1997 1080 quon·

166 1107 288 1161 dam
323 1108 488 1162 etiam
525 1107 682 1162 lactis
715 1106 888 1162 imber
925 1107 1187 1162 defluxit?
1228 1106 1401 1178 quid?
1443 1122 1613 1179 quum
1645 1107 1705 1160 in
1741 1105 1998 1176 Capitolio

163 1208 305 1262 ictus
343 1207 645 1262 Centaurus
677 1205 743 1261 de
781 1206 927 1262 caelo
965 1213 1078 1272 est,
1117 1207 1175 1261 in
1206 1207 1472 1262 Aventino
1509 1212 1694 1279 portae
1732 1211 1788 1260 et
1825 1204 1996 1260 homi*

163 1307 293 1362 nes?
348 1306 569 1362 Tusculi
597 1305 754 1361 aedes
780 1306 1015 1362 Castoris
1039 1313 1095 1363 et
1119 1306 1376 1372 PolluciS,
1403 1306 1709 1381 Romaeque
1733 1304 1994 1361 Pietatis?

162 1422 339 1461 nonne
376 1412 432 1461 et
469 1405 781 1478 haruspices
820 1423 882 1461 ea
919 1406 1341 1478 responderunt,
1393 1423 1532 1478 quae
1569 1412 1865 1462 evenerunt
1884 1432 1912 1470 ,r
1939 1411 1995 1460 et

161 1506 216 1561 in
257 1505 491 1580 Sibyllae
528 1505 680 1561 libris
720 1506 935 1562 eaedem
975 1514 1218 1580 repertae
1256 1506 1648 1579 praedictiones
1674 1506 1840 1562 sunt?

174 1745 177 1747 ,
235 1706 368 1762 XLI.
452 1711 574 1763 105.
616 1708 729 1763 Iam
752 1714 769 1747 ¹
811 1725 938 1763 vero
975 1707 1371 1781 permultorum
1409 1690 1777 1781 exemplorum
1815 1715 1871 1763 et
1901 1725 1992 1764 ned

158 1812 272 1862 stra
322 1812 404 1861 est
455 1806 613 1878 plena
661 1807 989 1881 respublica,
1015 1815 1068 1863 et
1119 1809 1300 1864 omnia
1349 1825 1517 1882 regna
1563 1823 1856 1881 omnesque
1898 1826 1991 1883 po⁴

156 1907 270 1980 puli
316 1914 650 1982 cunctaeque
687 1915 904 1981 gentes,
952 1926 1222 1981 augurum
1262 1909 1555 1983 praedictis
1600 1910 1774 1966 multa
1808 1911 1994 1965 incre-

155 2007 395 2064 dibiliter
431 2026 558 2064 vera
596 2009 872 2065 cecidisse.
951 2010 1124 2078 Quis²
1169 2011 1314 2066 enim
1352 2018 1470 2077 est,
1522 2027 1684 2083 quem
1723 2027 1829 2065 non
1878 2026 1992 2066 mo·

154 2115 276 2164 veat
314 2109 632 2165 clarissimis
664 2112 1032 2166 monumentis
1063 2117 1263 2167 testata
1299 2113 1720 2185 consignataque
1757 2112 1991 2184 ant-iqui·-

152 2209 275 2264 tas?
355 2208 700 2265 Calchantem
720 2226 984 2282 augurem
1010 2211 1203 2267 scribit
1228 2211 1494 2268 Homerus
1513 2212 1671 2285 longe
1697 2213 1990 2285 optimum,

153 2327 385 2383 eumque
423 2311 616 2366 ducem
656 2310 844 2366 classis
876 2310 1044 2367 fuisse
1080 2311 1150 2367 ad
1187 2312 1349 2368 Ilium
1368 2355 1385 2379 ‚
1425 2313 1791 2386 auspiciorum
1821 2312 1990 2370 :credo

154 2411 408 2475 scientia,
448 2428 555 2465 non
580 2411 839 2466 locorum.
919 2412 1306 2484 Amphilochus
1337 2420 1392 2468 et
1418 2414 1632 2486 Mopsus
1665 2414 1988 2486 Argivorum

151 2527 306 2582 reges
345 2510 591 2575 fuerunt,
629 2511 723 2565 sed
761 2511 926 2566 iidem
955 2528 1228 2582 augures:
1268 2513 1417 2585 iique
1447 2513 1608 2568 urbes
1647 2514 1704 2568 in
1743 2528 1852 2568 ora
1874 2524 1986 2569 ma-

152 2611 337 2665 ritima
369 2609 584 2670 Ciliciae
612 2610 845 2665 Graecas
877 2610 1252 2667 condiderunt.
1328 2612 1505 2683 Atque
1535 2613 1700 2667 etiam
1733 2618 1857 2668 ante
1889 2611 1988 2668 hos

152 2710 511 2783 Amphiaraus
557 2716 612 2765 et
664 2710 928 2775 TiresiaS,
986 2726 1093 2764 non
1138 2709 1372 2765 humiles
1420 2717 1476 2766 et
1520 2710 1774 2781 obscuri,'
1812 2730 1985 2787 neque

150 2828 337 2870 eorum
375 2810 608 2876 simileS‚
648 2816 711 2865 ut
748 2810 891 2883 apud
928 2810 1168 2869 Ennium
1206 2816 1323 2875 est,

225 2910 318 2982 qui
355 2911 439 2964 sui
476 2919 720 2983 quaestus
757 2928 941 2965 caussa
976 2910 1127 2982 fictas
1165 2911 1414 2966 suscitant
1451 2911 1757 2977 sententiaa,

148 3010 243 3066 sed
274 3011 409 3069 clari
446 3018 501 3066 et
529 3018 864 3084 praestantes
895 3012 1028 3077 viri,
1069 3012 1163 3084 qui
1195 3012 1385 3068 avibus
1422 3016 1478 3068 et
1515 3013 1687 3084 signis
1719 3011 1983 3069 admoniti

150 3109 337 3171 futura
391 3111 656 3171 dicebant.
755 3111 996 3180 Quorum
1048 3111 1115 3167 de
1158 3112 1326 3168 altero
1371 3113 1537 3169 etiam
1589 3113 1731 3186 apud
1782 3112 1981 3168 inferos

154 3211 419 3268 Homerus
477 3213 554 3267 ait
577 3255 591 3277 ‚
650 3212 825 3269 solum
878 3230 1066 3286 sapere
1094 3257 1108 3278 ‚
1167 3221 1376 3270 ceteros
1425 3214 1743 3269 umbrarum
1795 3215 1981 3285 vagari

149 3311 322 3366 modo.
415 3313 802 3386 Amphiaraum
841 3320 1022 3370 autem
1063 3315 1141 3370 sic
1181 3314 1462 3370 honoravit
1502 3313 1646 3370 fama
1690 3314 1978 3380 Graeciae,

211 3544 247 3599 ¹)
279 3541 331 3586 de
355 3542 495 3603 Legib.
534 3548 584 3589 ll.
611 3560 645 3589 c.
670 3547 740 3588 13.
783 3545 897 3600 §33.
934 3570 990 3577 -
1025 3546 1063 3603 ⁹)
1093 3544 1146 3590 de
1179 3545 1368 3591 Divinat.
1399 3549 1432 3593 Ι.
1461 3544 1586 3593 (5.40.
1622 3547 1738 3604 §87-
