2158 4030
372 279 499 353 ·L.1.
544 296 587 331 c.
614 276 844 332 XXXIX.
889 275 927 348 S
959 279 1058 329 122
1100 306 1173 314 --
1213 294 1257 326 c.
1285 274 1386 328 XL.
1431 274 1467 347 §
1502 279 1616 326 1225.
1848 280 1914 328 55

92 433 273 495 enim,
326 417 436 502 qui⁴
473 427 684 483 horride
737 426 1043 498 inculteque
1095 425 1275 489 dicat,
1335 424 1489 479 modo
1543 424 1594 478 id
1647 423 1918 494 eleganter

92 531 472 602 enucleateque
500 530 687 594 saciat,
727 545 849 584 eum
878 527 1049 581 solum
1079 528 1254 581 Attice
1281 526 1491 581 dicere:
1527 533 1739 589 errant,
1779 525 1919 595 quod

91 631 290 692 solum3
329 630 469 702 quod
510 631 716 695 Attice,
755 646 858 684 non
907 628 1182 682 falluntur.
1264 629 1500 682 Istorum
1531 628 1678 681 enim
1723 625 1921 679 iudicio

90 731 138 785 si
165 730 337 784 solum
366 729 496 784 illud
525 736 607 784 est
641 730 908 793 Atticum,
951 746 1022 783 ne
1046 727 1275 782 Pericles
1309 726 1524 799 quidem
1553 726 1690 780 dixit
1717 726 1892 780 Attice
1910 769 1922 789 ‚

88 830 181 886 cui
231 830 438 903 primae
494 831 610 885 sine
660 829 1022 885 controversia
1081 827 1487 889 deserebantur;
1538 828 1630 898 qui
1677 828 1722 880 si
1773 828 1921 881 tenui

93 947 287 1002 genere
331 936 606 996 uteretur,
647 946 940 1001 numquam
988 929 1052 984 ab
1093 929 1448 1001 Aristophane
1493 934 1652 1000 poeta
1688 926 1926 998 fulgere,

95 1037 316 1096 tonare,
367 1031 690 1103 permiscere
742 1031 1019 1086 Graeciam
1073 1029 1250 1084 dictus
1302 1035 1458 1084 esset.
1552 1029 1706 1082 Dicat
1759 1027 1928 1098 igitur

95 1133 272 1188 Attice
304 1132 716 1187 venustissimus
751 1131 838 1186 ille
871 1132 1102 1203 scriptor
1134 1148 1196 1185 ac
1231 1130 1582 1203 politissimus
1616 1129 1820 1203 Lysias.
1854 1160 1930 1168 —

94 1233 229 1301 Quis
255 1233 399 1287 enim
434 1231 488 1286 id
516 1233 684 1303 possit
719 1231 948 1301 negare?
983 1263 1059 1271 -—
1090 1231 1219 1284 dum
1256 1230 1649 1301 intelliganiuS‚
1690 1230 1788 1284 hoc
1815 1246 1931 1284 esse

92 1331 336 1388 Atticum
381 1331 437 1384 in
481 1329 683 1402 Lysia,
732 1346 835 1383 non
871 1328 1011 1400 quod
1060 1331 1238 1383 tenuis
1289 1330 1361 1383 sit
1406 1337 1567 1400 atque
1614 1330 1930 1393 inornatus,

91 1431 187 1488 sed
221 1429 361 1504 quod
388 1429 522 1484 nihil
557 1429 748 1484 habeat
783 1429 1015 1484 insolens
1047 1437 1208 1502 atque
1243 1431 1502 1503 ineptum.
1582 1429 1780 1485 Ornate
1809 1448 1933 1483 vero

97 1539 151 1588 et
183 1531 420 1605 graviter
452 1537 505 1586 et
538 1531 752 1603 copiose
788 1529 967 1586 dicere
1000 1538 1094 1585 aut
1134 1531 1436 1586 Atticorum
1482 1531 1590 1595 sit,
1631 1537 1724 1584 aut
1759 1547 1824 1585 ne
1864 1531 1935 1584 sit

101 1632 390 1689 Aeschines
448 1648 579 1686 neve
624 1630 1006 1687 Demosthenes
1059 1633 1293 1687 Atticus,
1386 1635 1507 1686 124.
1564 1631 1702 1686 Ecce
1754 1639 1933 1686 autem

100 1732 267 1806 aliqui
313 1749 371 1788 se
415 1731 780 1806 Thucydidios
825 1750 942 1787 esse
999 1733 1356 1805 profitentur,
1418 1749 1613 1786 novum
1666 1731 1934 1804 quoddam

103 1833 474 1906 imperitorum
527 1839 581 1888 et
627 1832 932 1888 inauditum
984 1850 1172 1914 genuS.
1264 1833 1396 1888 Nam
1443 1834 1536 1905 qui
1599 1833 1811 1906 Lysiam
1859 1850 1935 1887 se-

101 1940 373 2007 quuntur,
412 1934 774 1990 caussidicum
804 1934 1090 2007 quemdam
1124 1941 1455 2006 sequuntur,
1497 1951 1600 1987 non
1638 1933 1787 1988 illum
1823 1935 1936 2005 qui·

100 2033 223 2090 dem
256 2034 494 2108 amplum
528 2042 688 2108 atque
715 2035 1006 2108 grandem,
1044 2035 1295 2091 subtilem
1330 2043 1385 2091 et
1417 2035 1714 2106 elegantem
1758 2042 1936 2090 tamen

103 2136 301 2218 etqui
348 2137 404 2191 in
456 2135 755 2192 forensibus
815 2138 1020 2191 caussis
1079 2138 1246 2208 possit
1298 2137 1569 2208 praeclare
1628 2138 1937 2191 consistere.

107 2234 449 2309 Thucydides
500 2242 678 2292 autem
731 2253 817 2291 res
863 2243 1040 2307 gestas
1087 2243 1141 2290 et
1187 2235 1322 2291 bella
1376 2243 1561 2291 narrat
1606 2244 1660 2291 et
1706 2236 1941 2309 praelia,

106 2336 342 2408 graviter
374 2353 500 2391 sane
533 2343 586 2391 et
625 2336 815 2408 probe,
856 2336 948 2391 sed
983 2336 1116 2390 nihil
1157 2335 1223 2390 ab
1256 2353 1317 2390 eo
1351 2336 1633 2390 transferri
1669 2345 1842 2408 potest
1875 2337 1939 2391 ad

106 2435 368 2492 forensem
402 2453 561 2491 usum
594 2444 648 2491 et
675 2436 972 2509 publicum.
1049 2437 1199 2509 Ipsae
1235 2436 1355 2491 illae
1381 2438 1665 2492 conciones
1699 2439 1774 2492 ita
1806 2439 1938 2493 mul-

103 2543 185 2592 tas
231 2536 430 2593 habent
473 2537 727 2593 obscuras
773 2537 1091 2610 abditasque
1133 2538 1459 2603 sententiaS,
1510 2540 1599 2593 vix
1648 2547 1708 2593 ut
1749 2540 1940 2594 intelli·

98 2644 328 2709 gantur:
355 2638 495 2711 quod
522 2646 604 2694 est
633 2640 687 2694 in
709 2641 948 2694 oratione
970 2639 1115 2694 civili
1137 2641 1330 2694 vitium
1359 2639 1441 2694 vel
1468 2641 1783 2696 maximum.
1839 2642 1938 2697 Na-

48 2772 52 2773 ff
105 2745 227 2794 etus
249 2746 265 2778 ¹
307 2756 429 2796 sum
456 2742 619 2796 etiam
637 2784 651 2806 ‚
684 2742 779 2813 qui
808 2740 1176 2813 Xenophontis
1202 2740 1435 2795 similem
1463 2758 1579 2796 esse
1606 2759 1662 2796 se
1690 2750 1937 2815 euperet;

98 2841 262 2895 cuius
306 2857 482 2896 sermo
519 2847 600 2897 est
648 2841 735 2897 ille
775 2841 992 2914 quidem
1039 2841 1195 2897 melle
1241 2841 1478 2906 dulcior,
1533 2842 1624 2897 sed
1672 2860 1702 2897 a
1745 2843 1939 2898 sorensi

105 2941 336 3013 strepitu
370 2942 781 2997 remotissimus⁸

183 3141 289 3197 XL.
372 3147 494 3198 125.
538 3144 662 3199 Post
683 3149 704 3182 2
738 3161 768 3199 a
802 3161 887 3201 me
922 3146 1047 3201 Asia
1083 3154 1194 3201 tota
1222 3151 1506 3218 peragrata
1534 3152 1614 3199 est
1644 3163 1770 3200 cum
1799 3164 1941 3201 sum·

109 3243 212 3296 mis
257 3243 473 3315 quidem
514 3246 815 3301 oratoribus
839 3290 852 3310 ,
892 3247 1214 3319 quibuscum
1257 3247 1545 3301 exercebar
1593 3249 1723 3319 ipsis
1762 3248 1943 3302 luben-

111 3342 280 3405 tibus;
320 3361 547 3415 quorum
583 3354 697 3400 erat
738 3349 986 3420 princeps
1021 3349 1299 3419 Menippus
1343 3347 1786 3411 Stratonicensis,
1829 3367 1945 3403 meo

114 3442 310 3498 iudicio
345 3451 453 3500 tota
488 3447 611 3502 Asia
648 3447 751 3502 illis
788 3449 1116 3520 temporibus
1152 3449 1567 3509 dise1·tissinms;
1609 3457 1656 3503 et
1679 3494 1691 3513 ,
1733 3452 1776 3503 si
1815 3450 1946 3503 nihil

177 3587 214 3642 ¹)
250 3585 352 3631 ibid.
386 3604 420 3631 c.
441 3590 481 3631 9.
517 3591 631 3647 §32
672 3616 723 3626 -·-
759 3594 795 3648 2)
826 3595 945 3637 Brut.
978 3593 1269 3647 c.91.§315.
