2150 3990
531 228 587 283 L.
613 228 671 283 v.
713 227 917 284 0.x1v.
960 228 999 301 3
1025 230 1095 282 57
1132 256 1206 267 -
1246 243 1290 281 c.
1316 226 1450 282 xv1.
1493 227 1532 300 g
1558 232 1644 284 45.
1908 233 2011 285 215

198 378 381 435 silium
419 378 485 436 de
518 380 741 436 interitu
777 380 869 435 Cn.
905 378 1158 450 Pompeii.
1239 377 1582 450 Pompeium¹
1618 379 1759 443 enim
1783 421 1797 443 ‚
1856 398 2013 451 quem

199 480 442 534 omnium
489 479 686 535 iudicio
723 479 877 552 longe
916 478 1213 552 principem
1254 494 1371 534 esse
1409 479 1647 533 civitatis
1684 477 1898 533 Clodius
1944 482 2017 533 vi-

201 578 387 645 debat,
439 579 645 635 diutius
683 579 851 635 furori
885 595 982 635 suo
1026 579 1237 635 veniam
1277 578 1532 634 daturum
1584 595 1689 634 non
1728 578 2016 635 arbitraba·

197 684 306 734 tur.
385 678 560 734 Ἰἰιιιί2
598 696 724 735 vero
762 679 933 736 clatus
971 686 1053 736 est
1090 696 1212 753 spe,
1251 696 1405 753 posse
1449 696 1530 744 se,
1582 681 1834 752 quoniam
1875 686 2018 752 toga-

195 783 314 832 tum
347 777 626 834 domestici
673 777 795 835 belli
835 780 1216 835 exstinctorem
1258 777 1460 835 nefario
1491 778 1693 835 scelere
1723 777 2019 843 foedasset,

195 875 347 932 illum
376 877 540 933 e'tiam
562 920 577 943 ,
618 877 769 934 illum
809 885 1154 935 externorum
1188 878 1446 936 bellorum
1481 879 1822 952 hostiumque
1860 880 2022 934 victo-

194 991 308 1033 rem
330 1018 346 1043 ,
386 976 638 1051 affligere.
718 982 806 1036 41.
848 979 951 1036 Sed
984 979 1312 1054 deprehensa
1344 986 1427 1036 est
1470 981 1527 1035 in
1558 978 1758 1053 templo
1789 980 2023 1036 Castoris

195 1075 286 1132 illa
306 1077 566 1136 scelerata
598 1085 653 1136 et
679 1097 847 1153 paene
879 1080 1107 1137 deletrix
1139 1081 1303 1137 huius
1335 1081 1548 1154 imperii
1570 1081 1699 1136 sica.
1778 1081 2022 1154 Compre-

197 1176 440 1234 hensus⁸
486 1183 569 1234 est
607 1195 795 1235 servus
827 1180 884 1236 P.
925 1179 1128 1246 Clodii,
1168 1170 1329 1253 quem
1364 1180 1453 1236 ille
1484 1180 1550 1235 ad
1582 1181 1675 1235 Cn.
1711 1180 2023 1254 Pompeium

196 1277 630 1335 interficiendum
669 1277 982 1340 collocaram
1033 1285 1088 1334 et
1122 1286 1331 1333 extorta
1374 1286 1458 1335 est
1495 1280 1771 1335 confitenti
1810 1281 1923 1334 sica
1962 1280 2027 1335 de

197 1374 464 1433 manibus.
543 1374 730 1431 Caruit
763 1374 876 1430 soro
908 1381 1091 1448 postea
1123 1376 1216 1432 Cn.
1243 1377 1557 1450 Pompeius,
1597 1379 1775 1433 caruit
1807 1385 1996 1434 senatu
2015 1423 2027 1443 ‚

193 1474 373 1533 &aruit
407 1472 651 1548 publico:
705 1478 795 1530 et⁴
834 1473 958 1541 ine,
1009 1475 1099 1531 cui
1140 1475 1288 1532 nulla
1326 1475 1564 1533 hostium
1608 1476 1737 1533 urbs
1770 1495 2025 1551 umquam

195 1558 300 1632 tun
339 1574 546 1640 clausa,
604 1574 698 1648 qui
737 1590 924 1631 omnes
961 1577 1270 1649 angustiaS,
1309 1592 1496 1633 omnes
1535 1577 1879 1642 altitudines,
1918 1594 2027 1633 om-

197 1676 348 1734 nium
381 1673 588 1730 obiecta
628 1673 734 1730 tela
773 1689 986 1748 semper
1022 1675 1075 1731 vi
1115 1682 1170 1732 et
1208 1677 1411 1734 virtute
1443 1676 1739 1752 perfregit,
1777 1678 2026 1734 obsessus

193 1779 276 1832 est
313 1776 427 1850 ipse
462 1773 608 1831 domi
640 1780 736 1832 et⁸
776 1775 936 1833 ianua
975 1793 1033 1834 se
1065 1793 1128 1834 ac
1168 1778 1472 1852 parietibus
1493 1821 1507 1847 ,
1548 1796 1653 1836 non
1694 1781 1812 1838 iure
1845 1779 2024 1853 legum

193 1873 625 1951 iudiciorumque
661 1875 818 1933 texit.

275 2076 414 2136 XVI.
488 2082 588 2136 42.
630 2081 692 2138 A.
713 2086 737 2120 ⁰
768 2080 820 2136 d.
850 2097 924 2138 iv.
957 2080 1072 2138 Kal.
1107 2079 1389 2138 Novembr.
1422 2081 1534 2137 de’
1569 2097 1689 2137 meo
1715 2081 1895 2137 reditu
1914 2088 2034 2137 octo

194 2177 400 2235 tribuni
452 2178 883 2253 promulgarunt.
965 2179 1046 2236 Ex
1091 2197 1199 2254 quo
1238 2180 1573 2236 intellectum
1611 2187 1723 2246 est,
1762 2179 1896 2236 mihi
1944 2180 2031 2236 ab·

192 2278 333 2334 senti
353 2294 459 2335 non
493 2281 726 2337 crevisse
746 2281 949 2337 amicos
968 2323 983 2346 ,
1024 2282 1080 2336 in
1102 2297 1165 2337 ea
1198 2282 1519 2355 praesertim
1541 2280 1757 2337 fortuna
1777 2323 1792 2346 ‚
1833 2283 1889 2337 in
1925 2299 2032 2355 qua

194 2378 398 2435 nonulli
430 2379 631 2445 etiam,
682 2397 817 2453 quos
863 2396 980 2437 esse
1017 2387 1333 2454 putaveram
1350 2423 1367 2446 ,
1418 2398 1523 2436 non
1563 2388 1752 2443 erant:
1792 2382 1885 2437 sed
1936 2398 2027 2438 eos

194 2476 527 2536 voluntatem
563 2495 777 2554 semper
808 2480 1052 2537 eamdem
1073 2523 1088 2547 ,
1126 2481 1432 2538 libertatem
1466 2498 1572 2536 non
1613 2481 1857 2537 eamdem
1899 2499 2033 2539 sem·

190 2592 287 2653 per
305 2576 572 2636 habuisse.
650 2580 784 2637 Nam
804 2598 870 2637 ex
897 2598 1086 2638 novem
1107 2582 1366 2647 tribuniS,
1404 2598 1539 2655 quos
1558 2588 1690 2637 tunc
1710 2580 2002 2639 habueram
2021 2626 2035 2647 ,

193 2695 335 2736 unus
351 2696 442 2737 me
467 2679 688 2738 ahsente
719 2681 947 2738 defluxit
966 2682 1134 2755 Ligur
1168 2685 1300 2746 iste;
1337 2683 1479 2757 quod
1511 2699 1808 2756 cognomen
1830 2683 1932 2738 sibi
1972 2701 2037 2740 ex

194 2777 465 2837 Aeliorum
487 2781 814 2854 imaginibus
834 2784 1096 2857 arripuit,
1136 2802 1243 2857 quo
1262 2785 1436 2857 magis
1468 2785 1702 2838 nationis
1733 2785 1852 2838 eius
1888 2801 2005 2839 esse
2024 2828 2038 2849 ,

193 2888 357 2952 quam
404 2882 648 2954 generis,
685 2883 976 2940 videretur.
1020 2889 1109 2941 43.
1131 2885 1244 2941 Ea⁸
1278 2892 1522 2941 veterum
1561 2883 1902 2940 tribunorum
1929 2885 2035 2958 ple-

195 2979 280 3035 bis
299 2981 506 3054 rogatio
540 2982 644 3036 tria
672 2984 850 3055 capita
869 2983 1088 3049 hahuit;
1112 3003 1283 3042 unum
1311 2986 1377 3043 de
1396 2985 1576 3042 reditu
1595 3001 1715 3039 meo
1735 3027 1750 3050 ‚
1771 2986 2033 3058 scriptum

197 3080 431 3137 incaute.
510 3081 653 3139 Nihil
688 3084 832 3139 enim
892 3086 1204 3142 restituitur
1238 3094 1452 3159 praeter
1490 3086 1766 3140 civitatem
1807 3092 1861 3140 et
1899 3087 2036 3142 ordi-

204 3219 418 3239 *—

259 3301 301 3360 ι)
333 3315 410 3363 pro
442 3300 575 3346 Domo
607 3316 685 3347 sua
710 3316 748 3346 c.
785 3302 860 3347 25.
891 3303 1007 3360 §66.
1043 3329 1100 3338 ——
1134 3305 1175 3363 Β)
1205 3303 1258 3348 de
1289 3300 1510 3363 Haruspic.
1535 3316 1645 3364 resp.
1672 3318 1712 3348 c.
1741 3305 1814 3349 23.
1844 3306 2034 3361 949.-

201 3380 243 3436 3)
273 3394 351 3441 pro
382 3378 538 3425 Milone
576 3395 612 3425 c.
657 3384 699 3426 7.
748 3382 773 3439 §
806 3381 878 3426 18.
912 3406 969 3416 ·-—
1002 3383 1044 3441 4)
1074 3381 1128 3427 de
1159 3379 1380 3441 llaruspic.
1420 3394 1604 3442 respons.
1637 3397 1674 3427 c.
1705 3384 1779 3429 23.
1813 3382 1840 3440 §
1870 3384 1942 3427 49.
1976 3409 2033 3415 —

199 3456 240 3514 ⁵)
274 3470 350 3515 pro
396 3455 552 3502 Milone
586 3473 622 3503 e.
656 3460 698 3503 ’7.
729 3458 755 3515 §
786 3461 859 3504 18.
894 3485 951 3492 ——
984 3461 1026 3518 ⁴3)
1058 3458 1113 3504 ad
1146 3462 1238 3505 Aa.
1274 3461 1351 3503 111.
1392 3460 1466 3503 23.
1497 3460 1523 3516 §
1553 3462 1591 3504 1.
1627 3486 1684 3494 —
1717 3463 1757 3517 7)
1790 3475 1864 3521 pro
1894 3461 2035 3506 Sextio

197 3548 232 3578 c,
261 3535 334 3578 32.
368 3535 393 3591 §
427 3536 498 3581 69.
534 3562 591 3569 —
625 3538 666 3597 8)
696 3534 749 3582 ad
774 3540 866 3582 Att.
900 3539 981 3582 111.
1028 3539 1101 3582 23.
1134 3538 1161 3594 §
1193 3540 1238 3583 2.
