2150 3990
421 208 474 264 L.
502 210 584 264 VI.
629 227 673 263 e.
701 206 882 263 XXVI.
926 205 964 279 §
990 211 1059 261 65
1100 238 1174 246 —-—
1213 223 1258 259 c.
1285 207 1493 262 xxvn.
1539 209 1577 281 §
1603 210 1690 261 68.
1865 212 1972 262 269

152 362 313 437 nimis
351 360 715 435 superioribus
752 358 940 415 diebus
968 357 1227 414 acerrime
1247 364 1639 430 oppugnasset,
1680 365 1889 423 tamen,
1929 363 1973 414 si

155 443 273 518 sine
306 461 412 518 ulla
440 478 558 517 mea
591 460 915 516 contumelia
946 459 1292 532 suscepisset,
1333 458 1604 513 tulissem:
1647 458 1768 524 sed,
1808 476 1976 530 quum

156 579 242 618 me
279 562 668 634 disputantem,
697 578 803 615 non
834 560 1182 616 lacessentem
1222 559 1487 623 laesisset,
1521 560 1727 623 exarsi,
1761 576 1865 613 non
1899 577 1978 614 so·

155 662 267 719 lum
305 662 609 735 praesenti,
650 661 843 726 credo,
896 661 1209 726 iracundia,
1246 671 1395 730 (nam
1434 676 1495 715 ea
1542 666 1653 715 tam
1694 659 1982 715 vehemens

158 759 380 817 sortasse
438 778 543 817 non
601 760 814 834 suisset)
875 761 1003 827 sed,
1060 777 1227 833 quum
1286 759 1557 815 inclusum
1617 759 1748 814 illud
1798 760 1982 816 odium

156 860 451 918 multarum
502 861 619 917 eius
658 862 713 916 in
763 878 851 916 me
890 862 1211 917 iniuriarum
1232 902 1248 927 ,
1300 859 1442 932 quod
1480 876 1578 931 ego
1617 876 1703 915 me
1735 859 1988 916 effudisse

156 979 314 1019 omne
346 962 648 1018 arbitrabar
661 1003 676 1028 ,
698 963 976 1019 residuum
997 969 1178 1019 tamen
1199 963 1460 1018 insciente
1481 978 1567 1017 me
1589 961 1801 1025 suisset;
1827 977 1985 1017 omne

158 1069 376 1137 repente
426 1064 690 1136 apparuit.
771 1067 859 1119 67.
903 1064 1018 1133 Quo
1057 1063 1273 1137 quidem
1325 1070 1566 1137 tempore
1602 1064 1719 1136 ipso
1765 1063 1985 1136 quidam

159 1163 437 1229 homineS,
483 1170 537 1218 et
576 1163 739 1219 iidem
777 1163 892 1229 illi,
932 1181 1065 1236 quos
1101 1181 1260 1237 saepe
1299 1170 1438 1219 nutu
1489 1164 1988 1236 significationeque

159 1262 388 1337 appello,
439 1280 608 1337 quum
660 1280 717 1318 se
773 1265 1073 1319 maximum
1119 1264 1359 1319 fructum
1398 1266 1604 1336 cepisse
1642 1264 1884 1320 dicerent
1922 1282 1988 1320 ex

158 1363 404 1423 libertate
450 1379 604 1428 mea,
637 1369 981 1435 meque‚tum
1028 1363 1258 1436 denique
1297 1364 1401 1419 sibi
1439 1381 1555 1419 csse
1595 1366 1772 1420 visum
1812 1365 1987 1437 reipu-

156 1463 361 1530 blicae,
394 1462 569 1536 qualis
619 1461 840 1518 fuissem
861 1504 876 1528 ,
916 1463 1231 1518 restitutum
1253 1506 1268 1528 ,
1308 1481 1585 1538 quumque
1617 1482 1680 1520 ea
1718 1467 1992 1521 contentio

158 1563 292 1621 mihi
331 1580 590 1637 magnum
629 1564 793 1620 etiam
820 1562 949 1619 soris
983 1563 1224 1621 fructum
1257 1564 1504 1628 tulisset:
1544 1566 1779 1639 gaudere
1816 1584 1875 1622 se
1913 1567 1991 1622 di-

159 1665 378 1731 cebant,
424 1664 559 1721 mihi
604 1671 659 1721 et
711 1664 864 1721 illum
922 1666 1243 1731 inimicum,
1295 1673 1350 1722 et
1399 1684 1525 1731 eos,
1565 1669 1659 1740 qui
1713 1669 1767 1722 in
1804 1668 1991 1726 eadem

159 1782 352 1824 caussa
388 1772 595 1832 essent,
640 1782 937 1839 numquam
977 1767 1178 1822 amicos
1229 1765 1456 1821 futuros
1538 1767 1778 1835 Quorum
1818 1770 1992 1842 iniqui

159 1883 432 1924 sermones
477 1883 647 1941 quum
693 1866 762 1923 ad
801 1883 887 1922 me
939 1883 1035 1940 per
1066 1867 1312 1923 homines
1350 1867 1757 1925 honestissimos
1796 1869 1994 1943 perser-

161 1974 386 2034 rentur‚
424 1984 699 2041 quumque
731 1968 1016 2041 Pompeius
1050 1969 1125 2024 ita
1164 1969 1562 2036 contendisset,
1609 1977 1671 2025 ut
1710 1970 1844 2025 nihil
1878 1987 1993 2027 um·

158 2085 326 2144 vquam
364 2068 538 2141 magis
555 2110 570 2134 ,
610 2074 670 2124 ut
716 2085 842 2124 cum
881 2070 1070 2124 Crasso
1108 2069 1341 2125 redirem
1376 2070 1433 2124 in
1472 2072 1704 2142 gratiam
1725 2113 1741 2137 ,
1779 2071 1995 2127 Caesar·

164 2185 402 2242 quewper
448 2168 658 2224 litteras
716 2170 954 2224 maxima
1011 2185 1068 2223 se
1125 2168 1370 2223 molestia
1413 2186 1478 2224 ex
1520 2169 1610 2225 illa
1656 2173 1997 2228 contentione

165 2268 420 2327 affectum
457 2268 784 2333 ostenderet;
824 2269 987 2325 habui
1027 2286 1133 2324 non
1172 2275 1478 2342 temporum
1518 2270 1692 2326 solum
1732 2274 1996 2329 rationem

166 2386 407 2425 meorum
428 2411 444 2435 ,
483 2368 576 2424 sed
621 2370 785 2424 etiam
819 2375 1079 2435 naturae,
1113 2369 1473 2441 Crassusque,
1513 2376 1575 2425 ut
1613 2372 1767 2442 quasi
1801 2377 1997 2429 testata

166 2469 358 2543 populo
398 2469 636 2525 Romano
680 2476 821 2525 esset
860 2475 1043 2524 nostra
1083 2470 1287 2541 gratia,
1327 2486 1494 2542 paene
1530 2487 1560 2524 a
1601 2471 1736 2525 meis
1794 2470 1998 2528 laribus

166 2571 580 2645 in‘pr'ovinciam
613 2576 697 2627 est
728 2569 1017 2643 profectus
1097 2570 1232 2626 Nam
1266 2587 1436 2643 quum
1476 2570 1611 2625 mihi
1645 2572 1996 2637 condixisset,

166 2671 410 2728 caenavit
442 2671 585 2745 apud
616 2688 704 2727 me
737 2671 793 2726 in
822 2671 931 2726 mei
963 2671 1148 2743 generi
1181 2669 1513 2742 Crassipedis
1535 2670 1722 2726 hortis.
1802 2672 1997 2741 Quam-

166 2772 349 2828 obrem
369 2773 487 2828 eius
507 2789 780 2839 caussam,
800 2783 996 2843 magna
1016 2772 1160 2827 illius
1175 2771 1637 2827 commendatione
1665 2781 1970 2846 susceptam
1984 2818 1997 2839 ‚

169 2871 381 2930 defendi
401 2875 456 2928 in
477 2880 685 2940 senatu,
706 2875 849 2929 sicut
862 2891 980 2930 mea
997 2874 1126 2930 fides
1140 2873 1459 2947 postulabat.
1503 2876 1591 2927 68.
1616 2873 1763 2941 Quae
1779 2880 1795 2911 ¹
1818 2882 2000 2930 autem

87 3005 90 3009 f
170 2992 202 3030 a
233 2991 320 3030 me
348 2980 597 3046 suscepta
633 2971 871 3029 defensio
908 2981 990 3029 est
1019 2974 1107 3029 illo
1140 2974 1388 3039 absente,
1421 2973 1655 3028 ostendit
1674 2979 1695 3010 ²
1735 2981 2000 3045 quantum

171 3093 353 3132 meum
393 3075 635 3130 studium
669 3081 810 3130 esset
841 3074 1122 3146 dignitatis
1154 3075 1316 3131 huius
1355 3075 1438 3129 vel
1470 3074 1701 3129 tuendae
1733 3075 1816 3130 vel
1837 3076 2001 3131 etiam

173 3175 462 3249 augendae.
541 3176 655 3232 Non
696 3175 840 3230 enim
880 3174 983 3230 fuit
1018 3183 1112 3231 aut
1151 3176 1418 3232 mediocre
1451 3180 1546 3229 aut
1585 3174 1875 3230 obscurum
1909 3183 2004 3231 aut

175 3277 466 3343 eiusmodi,
526 3277 668 3350 quod
727 3276 941 3332 silentio
988 3285 1163 3349 posset
1222 3278 1519 3350 praeteriri.
1600 3276 1732 3331 Nam
1785 3285 1840 3331 et
1879 3295 2004 3334 cum

236 3509 272 3567 ¹)
306 3506 438 3570 Epist.
456 3506 509 3554 ad
529 3511 578 3554 M.
600 3507 814 3554 Licinium
834 3509 1032 3552 Crassum
1054 3506 1128 3565 (ad
1149 3510 1265 3552 Fam.
1286 3508 1333 3550 V·
1354 3508 1394 3552 8.
1429 3507 1453 3565 ᾗ
1472 3509 1537 3566 5.)
1571 3533 1629 3542 --
1654 3510 1690 3567 ²)
1727 3506 1835 3555 lbid.
1866 3512 1901 3569 §.
1926 3513 1965 3555 1.
