2210 3970
129 225 146 232 “
198 217 307 269 542
718 231 1016 269 ANNALES
1056 232 1516 272 CICEROMANI.

270 360 331 435 (2)
376 360 756 416 Deficientihus
812 362 876 415 ob
921 369 1168 433 negatam
1218 364 1490 419 civitatem
1532 366 1690 419 sociis
1722 359 1909 431 Italis,
1965 367 2025 434 Q.

195 459 389 514 Varius
412 447 585 531 1egem
608 461 762 526 tulit,
803 469 861 516 ut
900 469 1252 534 quaereretur
1273 463 1337 518 de
1369 465 1461 529 iis,
1502 466 1592 536 qui
1615 466 1843 519 istorum
1873 483 2024 520 eona-

192 560 336 615 tihus
369 561 507 615 clam
545 561 789 634 palamve
826 562 1098 618 favissent.
1179 565 1294 632 Quo
1322 566 1378 619 in
1413 572 1650 638 tempore
1681 574 1898 621 senatus
1932 566 2023 621 de-

192 661 361 715 crevit
382 704 397 724 ‚
458 668 519 716 ut
554 679 661 717 una
709 663 825 735 lege
866 664 1027 720 Varia
1065 665 1328 720 iudicium
1368 673 1742 731 exerceretur,
1796 668 2023 732 ceteriS,

191 760 320 816 dum
356 762 624 818 tumultus
654 763 875 819 Italicus
903 772 1076 829 esset,
1117 765 1458 820 intermissiS.
1501 785 1535 820 1.
1571 783 1616 820 c.
1642 770 1729 821 51.
1769 769 1857 820 99.

252 862 393 907 Valer.
426 865 532 905 Max·
562 874 670 906 vul.
700 877 736 908 e.
766 865 805 905 6.
842 865 883 906 4.
935 862 985 920 Q.
1019 863 1211 918 Varius,
1232 872 1422 925 propter
1452 865 1684 910 obscurum
1715 867 1790 910 ius
1821 866 2022 910 civitatis

189 938 387 999 Hybrida
425 939 789 999 cognominatus,
834 938 1045 983 tribunus
1069 939 1218 999 plebis
1251 939 1388 1002 leqem
1419 940 1631 986 adversus
1667 944 2023 987 intercessionem

188 1015 457 1077 collegarum
479 1017 760 1078 perrogavit,
793 1033 884 1077 qua
911 1017 1091 1062 iubebat
1114 1019 1294 1078 quaeri,
1324 1035 1513 1080 quorum
1544 1019 1644 1064 dolo
1674 1020 1791 1064 mato
1822 1021 1935 1065 socii
1965 1021 2027 1064 ad

188 1111 313 1138 arma
353 1095 420 1139 ire
462 1096 605 1139 coacti
636 1102 782 1139 essent
798 1117 814 1149 ;
857 1111 1021 1156 magna
1061 1112 1161 1139 cum
1203 1096 1328 1141 clade
1365 1097 1665 1158 reipublicae:
1704 1097 1878 1151 Sociale
1909 1099 2025 1142 enim

181 1173 336 1234 prius,
370 1171 525 1216 deinde
561 1172 698 1217 Civile
725 1173 887 1218 bellum
919 1175 1147 1219 excitavit.
1213 1176 1364 1219 Ascon.
1383 1175 1430 1218 in
1451 1176 1672 1220 Scaurian.
1702 1191 1743 1236 p.
1763 1178 1836 1219 22.
1861 1174 2024 1219 Italico

189 1249 302 1295 bello
336 1258 518 1306 exorto,
558 1266 696 1310 quum
736 1251 788 1295 ob
830 1252 967 1295 sociis
1005 1259 1212 1313 negatam
1250 1252 1478 1297 civitatem
1507 1250 1721 1297 nobilitas
1765 1252 1815 1297 in
1852 1252 2025 1296 invidia

189 1335 334 1385 esset,
371 1327 422 1386 Q.
446 1328 637 1385 Varius,
671 1328 878 1373 tribunus
907 1328 1083 1390 plebis,
1118 1329 1255 1391 legem
1288 1331 1424 1387 tulit,
1455 1337 1510 1376 ut
1541 1338 1826 1390 quaereretur
1857 1329 1910 1374 de
1942 1330 2026 1386 iis,

187 1406 374 1467 quorum
408 1423 488 1467 ope
520 1406 758 1450 consiliove
789 1407 901 1450 socii
937 1415 1091 1452 contra
1118 1408 1340 1469 populum
1378 1409 1622 1463 Romanum
1652 1425 1779 1453 arma
1809 1409 2026 1470 sumpsis-

189 1493 299 1529 sent.
363 1485 427 1530 Id.
459 1485 504 1528 in
540 1485 779 1546 Cornelian.
814 1502 854 1545 p.
883 1487 956 1530 73.
1005 1485 1133 1530 Bello
1165 1485 1328 1531 Italico
1347 1521 1360 1543 ‚
1399 1486 1520 1548 quod
1539 1486 1645 1546 fuit
1675 1486 2026 1531 adolescentibus

188 1561 316 1619 illis,
361 1562 442 1622 qui
481 1570 576 1606 tum
607 1563 656 1607 in
697 1563 925 1624 republica
956 1563 1192 1624 vigebant,
1240 1581 1377 1626 quum
1408 1565 1544 1610 multi
1567 1565 1715 1622 >Varia
1748 1564 1841 1626 lege
1873 1565 2027 1624 inique

188 1640 525 1696 damnarentur,
559 1642 691 1701 quasi
716 1640 767 1684 id
788 1640 950 1684 bellum
976 1640 1076 1685 illis
1103 1642 1362 1687 auctoribus
1384 1644 1627 1704 conflatum
1659 1649 1800 1698 esset,
1833 1641 2026 1686 crebrae·

188 1735 274 1779 que
313 1718 585 1778 defectiones
615 1718 880 1763 Italicorum
909 1720 1256 1774 nuntiarentur,
1297 1727 1402 1764 tunc
1434 1720 1486 1764 ob
1517 1721 1616 1764 eius
1647 1719 1868 1764 tristitiae
1903 1735 2024 1763 occa·

186 1798 354 1841 sionem
394 1805 578 1841 senatus
619 1796 832 1853 decrevit,
874 1814 928 1841 ne
967 1797 1139 1842 iudicia
1156 1830 1170 1854 ,
1219 1796 1323 1841 dum
1370 1796 1594 1842 tumultus
1638 1796 1833 1842 Italicus
1879 1805 2024 1852 esset,

188 1882 507 1920 exercerentur.
574 1873 756 1935 Appian.
789 1877 836 1918 B.
854 1877 898 1919 C.
934 1889 965 1921 1.
998 1891 1035 1920 ο.
1054 1878 1126 1920 37.
1190 1876 1249 1920 Οἱ
1276 1876 1442 1928 ἱππεῖς
1474 1903 1534 1911 -
1566 1877 1784 1921 Κόϊντον
1808 1874 2024 1937 Οὗάριον

186 1953 435 2016 δήμαρχον
465 1952 663 2000 ἔπεισαν
691 1952 1063 2017 εἰσηγήσασθαι,
1099 1957 1286 2017 κρίσεις
1313 1951 1443 2002 εἷναι
1481 1957 1603 2002 κατά
1628 1956 1724 2001 τῶν
1762 1962 1867 2008 τοῖς
1891 1960 2026 2002 Ἰτα-

188 2032 393 2086 λιώταις
424 2031 507 2079 ἐπὶ
550 2034 607 2078 τά
649 2035 790 2079 κοινοὶ
822 2035 1042 2097 φανερῶς
1077 2033 1106 2093 ἢ
1149 2036 1310 2097 κρύφα
1346 2034 1696 2095 βοηθούντωνῡ
1739 2033 2025 2089 ἐλπίσαντες

189 2115 305 2167 τούς
334 2114 571 2166 δυνατούς
607 2114 823 2166 ἅπαντας
855 2112 1038 2161 αὐτίκα
1062 2118 1134 2168 εἰς
1169 2114 1380 2179 ἔγκλημα
1408 2115 1685 2175 ἐπίφθονον
1717 2113 2021 2173 ὑπάξεσθαι,

187 2197 270 2241 καὶ
299 2194 524 2240 δικάσειν
554 2190 643 2254 μὲν
676 2193 824 2240 αὐτοὶ
843 2228 855 2250 ,
882 2193 1158 2258 γενομένων
1189 2195 1234 2242 δ’
1258 2195 1455 2243 ἐκείνων
1487 2194 1727 2251 ἐκποδὼν,
1761 2196 2023 2243 δυνατώτε·

187 2292 272 2337 ρον
307 2272 381 2319 ἔτι
422 2277 507 2332 τῆς
545 2274 733 2326 πόλεως
775 2266 1036 2336 ἐπάρξειν(
1088 2274 1188 2322 ’Τὸν
1211 2263 1301 2337 μὲν
1325 2276 1385 2336 δὴ
1418 2277 1592 2338 νόμον,
1628 2274 2024 2340 ἀπαγορευόντων

186 2354 283 2401 τῶν
312 2352 487 2415 ἑτέρων
516 2352 772 2415 δημάρχων
801 2351 867 2412 μή
897 2356 1166 2411 τίθεσθαι,
1199 2357 1517 2419 περιστάντες
1551 2358 1599 2418 οἱ
1630 2355 1796 2410 ἱππεῖς
1827 2358 1922 2404 σύν
1949 2357 2025 2408 ξι-
2108 2363 2109 2366 ’
2190 2367 2210 2404 ,ι’

185 2432 379 2492 φιδίοις
401 2439 598 2494 γυμνοῖς
623 2430 889 2494 ἐκύρωσαν.

265 2545 328 2619 (³)
369 2544 486 2611 Qua
520 2544 642 2614 tege
679 2544 839 2599 multi
877 2545 1080 2625 nobiles
1118 2562 1289 2617 quum
1329 2549 1385 2600 in
1422 2547 1690 2603 iudicium
1726 2553 1903 2605 vocati
1944 2569 2021 2607 es-

186 2651 334 2710 sent,
373 2644 465 2699 alii
503 2650 691 2716 sponte
724 2645 781 2698 in
821 2645 1072 2700 exsilium
1111 2645 1395 2711 abierunt,
1435 2646 1556 2713 alii,
1599 2665 1704 2721 qua
1739 2667 1800 2706 se
1841 2651 2020 2709 desen-

186 2746 404 2811 derent,
443 2762 539 2817 pro
578 2762 635 2799 se
672 2745 778 2817 ipsi
814 2747 1111 2802 orationem
1150 2747 1474 2803 habuerunt.
1508 2767 1542 2803 1.
1578 2767 1623 2804 c.
1649 2755 1737 2812 51.
1777 2756 1863 2807 99.

248 2851 403 2892 Ascon-
434 2845 483 2890 in
512 2844 755 2891 ‘Corneliam
788 2845 818 2891 l.
840 2863 885 2891 zo.
934 2847 1116 2908 Appian.
1150 2852 1194 2893 B.
1225 2851 1269 2893 C.
1300 2861 1329 2894 1.
1361 2864 1397 2893 c.
1423 2851 1496 2893 37.
1539 2850 1622 2904 Ὦς
1651 2851 1694 2896 δ’
1718 2850 2019 2916 ἐκεκύρωτο,

191 2925 372 2973 αὐτίκα
411 2931 516 2977 τοῖς
555 2922 963 2983 ἐπιφανεστάτοις
1006 2926 1101 2971 τῶν
1135 2926 1408 2987 ,βουλευτῶν
1446 2926 1776 2993 ἐπεγράφοντο
1817 2934 2022 2998 κατήγο-

192 3023 285 3068 ροι.
338 3008 449 3052 Καὶ
477 3007 729 3064 Βηστίας
765 3003 880 3065 μὲν,
915 3005 1026 3051 οὐδ’
1050 3004 1372 3062 ὑπακούσας,
1403 3006 1527 3066 ἑκὼν
1558 3010 1782 3074 ἔφευγεν,
1822 3013 1894 3067 ὡς
1927 3015 2018 3062 οὐκ

191 3084 415 3132 ἐκδώσων
456 3083 632 3132 ἑαυτὸν
670 3083 725 3138 ἐς
766 3093 931 3148 χεῖρας
971 3085 1183 3150 ἐχθρῶν.
1263 3090 1365 3134 Καὶ
1396 3089 1656 3146 Κόττας,
1707 3083 1782 3137 ἐπ’
1823 3091 2016 3159 ἐκείνῳ,

189 3167 414 3227 παρῆλθε
437 3162 524 3225 μὲν
547 3162 602 3216 ἐς
627 3163 684 3210 τὸ
714 3165 1054 3229 δικαστήριον·
1085 3167 1439 3232 σεμνολογήσας
1469 3167 1524 3216 δὲ
1552 3169 1672 3232 ὑπὲρ
1703 3159 1769 3216 ὧν
1793 3170 2018 3220 §usual-i·

193 3260 355 3301 τευτο,
403 3247 484 3291 καὶ
517 3243 923 3307 λοιδορησάμενος
968 3254 1072 3300 τοῖς
1110 3249 1316 3295 ἱππεῦσι
1349 3250 1598 3311 φανερῶς,
1632 3249 1764 3311 ἐξῄει
1799 3255 1881 3310 τῆς
1923 3256 2019 3300 πό-

193 3327 308 3376 λεως
337 3326 418 3370 καὶ
445 3324 531 3370 ὅδε
547 3324 640 3387 πρὸ
666 3328 749 3382 τῆς
767 3326 948 3387 ψήφου.
1010 3331 1327 3389 Μούμμιος
1357 3330 1422 3386 δ’,
1462 3329 1489 3376 ὁ
1512 3330 1596 3389 τήν
1627 3332 1843 3378 Ἑλλάδα
1868 3332 2014 3391 ἑλὼν,

194 3405 403 3466 αἰσχρῶς
432 3403 735 3467 ἐνεδρευθεὶς
764 3405 856 3452 ὑπὸ
892 3407 986 3452 τῶν
1018 3407 1227 3465 ἱππέων,
1277 3408 1620 3471 ὑποσχομένων
1649 3412 1802 3458 αὗτὸν
1835 3413 2019 3461 ἀπολύω

192 3501 322 3543 σειν,
362 3488 628 3547 κατεκρίθη
667 3488 889 3549 φεύγειν,
930 3490 1010 3533 καὶ
1044 3487 1093 3532 ἐν
1125 3487 1269 3552 Δήλῳ
1311 3488 1579 3549 διεβίωσεν.
1647 3491 1729 3536 Cic.
1759 3510 1834 3554 pro
1857 3498 2016 3543 Scauro
