2210 3970
295 291 398 342 764
764 301 1087 338 ANNALES
1146 301 1649 338 cmnnoNiANi.

294 433 435 477 mavit
477 435 538 491 [v.
563 432 617 477 ad
647 448 684 476 a.
719 434 820 475 688.
854 433 949 489 9.]:
998 428 1157 474 Latine
1187 445 1287 474 vero
1321 431 1468 474 senior
1499 446 1695 492 quoque.
1739 437 1782 475 et
1815 432 1989 492 quidem
2014 442 2114 478 cum

295 511 550 556 consulibus
585 511 735 554 Hirtio
768 518 811 554 et
842 511 1024 565 Pansa3
1066 522 1178 567 quos
1221 506 1464 567 discipulos
1504 515 1548 551 et
1581 506 1772 568 grandes
1804 516 2115 569 praetextatos

296 588 491 632 vocabat.
565 588 649 632 Cic.
681 588 735 631 ad
770 588 906 647 Papir.
941 590 1120 630 Paetum
1153 584 1228 642 (ad
1262 588 1379 629 Fam.
1415 598 1478 629 lx.
1510 589 1580 630 16.
1619 590 1682 646 7.)
1725 587 1925 632 Hirtium
1962 604 2039 649 ego
2070 596 2115 633 et

298 665 578 710 Dolabellam
609 664 781 709 dicendi
806 664 1050 725 discipulos
1079 663 1238 717 liabeo,
1270 662 1482 706 coenandi
1512 664 1764 723 magistros.
1827 667 1945 709 Puto
1973 666 2118 722 enim,

300 751 344 787 te
375 742 587 799 audisse,
619 743 663 786 si
681 742 810 800 forte
835 742 896 786 ad
925 758 1001 785 vos
1033 742 1179 784 omnia
1194 739 1514 800 perferuntur,
1547 740 1653 784 illos
1680 728 1803 803 apud
1825 759 1892 786 me
1914 743 2119 788 declami-

300 829 420 876 tare,
464 837 532 864 me
563 820 687 881 apud
715 835 788 863 eos
830 821 1061 864 coenitare.
1142 818 1331 876 Quintil.
1363 830 1449 862 ΧΠ.
1481 833 1517 863 c.
1538 822 1610 863 11.
1637 823 1678 864 6.
1731 819 1853 877 Quid
1874 837 2011 882 porro
2054 819 2121 866 est

302 899 561 952 honestius,
604 914 737 958 quam
775 897 923 941 docere
956 896 1075 957 quod
1111 897 1274 957 optime
1305 896 1423 939 scias
1441 896 1468 938 ,⁹
1532 897 1608 940 Sic
1639 923 1700 930 —
1736 898 1881 941 Cicero
1912 921 1970 932 —
2000 899 2121 942 Pau-

300 992 397 1020 sam
417 1014 428 1034 ,
471 975 672 1018 Hirtium
689 1007 703 1030 ,
747 974 1023 1018 Dolabellam
1060 975 1108 1017 in
1144 989 1306 1016 morem
1336 974 1640 1033 praeceptoris
1682 976 1880 1019 exercuit
1921 974 2123 1036 quotidie
2206 990 2208 993 ·

300 1054 449 1098 dicens
475 1053 760 1112 audiensque.
792 1052 911 1097 Conf.
932 1066 1035 1096 vm.
1053 1068 1090 1095 e.
1109 1055 1150 1095 3.
1184 1054 1256 1095 54.
1319 1053 1478 1094 Seneca
1494 1054 1690 1096 Controv.
1718 1064 1747 1096 1.
1767 1056 1953 1097 Prooem.
1986 1070 2027 1114 p.
2047 1056 2120 1098 63.

299 1133 392 1193 Bip.
425 1134 510 1175 Nec
538 1132 780 1174 Ciceronem
802 1131 978 1192 quidem
1005 1137 1130 1174 aetas
1156 1128 1269 1171 mihi
1299 1129 1549 1188 eripuerat,
1580 1129 1660 1173 sed
1679 1129 1892 1174 bellorum
1922 1131 2124 1175 civilium

292 1213 434 1273 furor
463 1237 525 1248 —-
556 1213 680 1254 intra
708 1207 923 1253 coloniam
953 1223 1094 1250 meam
1119 1223 1187 1250 me
1213 1207 1446 1251 continuit.
1509 1206 1722 1267 Alioquin
1747 1207 1797 1251 in
1821 1207 1904 1251 illo
1935 1208 2123 1264 atriolo,

302 1293 351 1335 in
373 1307 458 1352 quo
485 1289 570 1333 duo
585 1287 775 1349 grandes
784 1293 1094 1347 praetextatos
1121 1284 1189 1327 ait
1206 1300 1351 1327 secum
1367 1283 1615 1328 declamare
1641 1284 1823 1342 solitos,
1847 1286 1980 1346 potui
2006 1285 2128 1331 illud

301 1368 543 1429 ingenium,
562 1365 681 1426 quod
695 1365 838 1409 solnm
841 1362 1040 1425 populus
1050 1364 1274 1406 Romanus
1284 1378 1373 1422 par
1387 1362 1573 1422 imperio
1585 1379 1666 1406 suo
1685 1363 1854 1420 habuit,
1871 1380 2126 1425 cognoscere

299 1473 361 1481 --
374 1478 386 1491 .
420 1443 708 1489 Declamabat
724 1450 873 1487 autem
897 1442 1043 1485 Cicero
1056 1474 1069 1498 ‚
1093 1456 1178 1484 non
1194 1440 1350 1501 quales
1365 1457 1480 1484 nunc
1498 1442 1820 1485 controversias
1837 1440 2026 1487 dicimus
2041 1450 2124 1488 cet.

380 1559 442 1634 (⁹)
485 1557 686 1613 Deinde
724 1555 939 1627 scripsit
972 1554 1206 1608 Laudem
1242 1554 1477 1616 Catonis,·
1517 1555 1608 1609 cui
1643 1554 1836 1610 Caesar
1855 1555 2127 1611 Anticato-

300 1677 426 1716 nem
465 1659 745 1732 opposuit,
786 1664 878 1719 ut,
916 1673 1052 1727 quae
1087 1655 1269 1710 Cicero
1309 1656 1521 1727 egregie
1554 1654 1698 1711 facta
1725 1655 2026 1723 laudasset,
2065 1674 2129 1712 ea

303 1768 398 1817 aut
445 1760 587 1816 sacta
632 1764 853 1831 negaret
909 1765 1002 1812 aut
1054 1757 1234 1811 minus
1292 1755 1602 1812 honorificis
1660 1757 1967 1813 nominibus
2017 1756 2128 1813 affi-

301 1860 490 1917 cienda
523 1877 638 1916 esse
669 1859 985 1914 declararet.
1027 1875 1100 1913 ix.
1137 1875 1181 1911 ο.
1207 1861 1294 1911 28.
1328 1862 1418 1912 81.
1496 1857 1661 1913 Cuius
1694 1857 1842 1914 falsis
1878 1859 2129 1914 crimina·

301 1959 540 2018 tionibus
595 1966 930 2023 commotUS,
984 1957 1050 2012 M.
1080 1957 1269 2011 Iunius
1318 1958 1520 2013 Brutus
1561 1957 1736 2015 denuo
1770 1958 1838 2014 ad
1876 1959 2130 2014 Catonem

302 2060 631 2117 avunculum
647 2075 806 2113 suum
823 2057 1018 2112 litteris
1035 2056 1413 2112 celebrandum
1431 2075 1487 2113 se
1506 2058 1749 2113 contulit.
1770 2078 1839 2114 lx.
1862 2077 1909 2114 e.
1931 2063 2018 2114 28.
2038 2064 2127 2114 85.

366 2162 533 2207 Gellius
557 2173 664 2205 1111.
691 2175 728 2203 c.
747 2161 818 2202 19.
838 2161 881 2203 3.
915 2160 972 2202 Μ.
995 2159 1126 2214 Cato,
1157 2174 1243 2201 non
1270 2165 1548 2219 cognomento
1563 2160 1707 2219 Nepos
1723 2188 1736 2209 ‚
1770 2157 1852 2202 sed
1874 2161 1932 2204 M.
1954 2159 2134 2204 Catonis

305 2241 495 2286 censorii
511 2256 567 2283 ex
586 2237 695 2299 filio
711 2252 867 2297 nepos,
891 2236 971 2297 qui
993 2243 1123 2296 pater
1130 2234 1238 2293 suit
1259 2238 1315 2280 M.
1337 2237 1516 2280 Catonis
1523 2236 1748 2297 praetorii
1768 2237 1881 2292 viri,
1913 2238 1993 2297 qui
2020 2237 2133 2282 bello

305 2319 432 2363 civili
461 2318 613 2362 Uticae
648 2330 793 2359 necem
819 2314 910 2357 sibi
935 2313 1090 2375 gladio
1121 2331 1256 2358 manu
1288 2330 1373 2358 sua
1395 2314 1642 2369 conscivit5
1673 2313 1725 2358 de
1752 2316 1881 2359 cuius
1902 2317 1998 2360 vita
2019 2315 2132 2360 liber

308 2406 376 2443 est
421 2400 479 2442 M.
517 2395 762 2449 Ciceronis,
810 2392 890 2453 qui
920 2392 1183 2436 inscribitur
1221 2395 1364 2437 Laus
1414 2395 1469 2436 M.
1508 2393 1756 2437 Catonis:
1804 2411 1933 2454 quem
1967 2394 2017 2439 in
2064 2410 2132 2438 eo·

308 2476 403 2520 dem
443 2473 554 2518 libro
601 2471 718 2516 idem
761 2471 906 2513 Cicero
948 2477 1236 2529 pronepotem
1265 2469 1423 2528 fuisse
1457 2469 1569 2515 dicit
1611 2473 1669 2515 M.
1703 2473 1882 2516 Catonis
1928 2472 2133 2517 censorii.

307 2561 388 2598 cet.
453 2556 629 2596 Sueton.
660 2553 778 2593 Caes.
811 2564 846 2592 e.
865 2551 938 2591 56.
969 2547 1171 2607 Reliquit
1202 2556 1246 2592 et
1274 2547 1325 2592 de
1356 2548 1576 2608 Analogia
1603 2548 1713 2592 duos
1741 2547 1907 2605 libros,
1942 2557 1985 2594 et
2006 2550 2134 2595 Anti-

308 2638 485 2676 catones
510 2627 694 2672 totidem
726 2653 785 2661 —
803 2660 813 2670 .
882 2625 1077 2682 Quorum
1111 2625 1320 2670 librorum
1339 2628 1515 2688 primos
1540 2628 1589 2671 in
1621 2628 1820 2671 transitu
1845 2628 2026 2689 Alpium
2050 2645 2133 2673 -ε

310 2715 540 2770 sequentes
571 2706 653 2750 sub
681 2713 856 2765 tempus
883 2703 1141 2748 Mundensis
1161 2705 1332 2765 praelii
1354 2705 1489 2765 fecit.
1553 2705 1730 2750 Tacitus
1762 2711 1874 2750 Ann.
1906 2718 1969 2750 lv.
2002 2722 2037 2750 c.
2057 2710 2131 2751 34.

310 2787 451 2831 Marci
482 2783 700 2828 Ciceronis
724 2782 834 2825 libro
852 2814 866 2837 ,
898 2797 984 2842 quo
1012 2784 1217 2827 Catonem
1243 2784 1362 2828 caelo
1390 2785 1623 2846 aequavit,
1656 2783 1769 2845 quid
1787 2783 1917 2827 aliud
1940 2783 2136 2828 dictator

315 2867 500 2920 Caesar,
535 2878 667 2923 quam
697 2860 916 2920 rescripta
942 2860 1160 2915 oratione,
1191 2861 1314 2906 velut
1329 2861 1454 2923 apud
1473 2862 1663 2919 iudices,
1692 2861 1958 2921 respondit?
2005 2861 2135 2907 Scho—

308 2943 427 2987 liast.
456 2941 511 2986 ad
530 2938 724 2985 Iuvenal.
755 2952 820 2983 vl.
850 2942 953 2982 338.
1002 2940 1162 2982 Caesar
1188 2939 1299 2983 bello
1343 2939 1491 2995 civili,
1535 2940 1713 3001 cognita
1749 2939 1928 2983 Catonis
1970 2947 2134 2994 morte,

239 3042 243 3045 ·
308 3021 439 3065 cuius
465 3020 674 3063 virtutem
705 3015 880 3076 dialogo
914 3015 1021 3072 illo,
1052 3018 1133 3077 qui
1163 3018 1424 3062 inscribitur
1458 3019 1615 3073 Cato,
1654 3018 1799 3061 Cicero
1822 3018 1958 3061 etiam
1980 3016 2134 3061 lauda-

309 3101 400 3154 vit,
435 3098 571 3141 libros
602 3095 713 3139 duos
736 3095 1072 3154 famosissimos
1103 3096 1151 3139 in
1182 3097 1320 3140 vitam
1362 3097 1544 3140 Catonis
1576 3096 1742 3153 edidit,
1775 3113 1886 3157 quos
1916 3098 2133 3140 Antica-

309 3187 458 3222 tones
485 3174 731 3234 inscripsit.
795 3171 1013 3216 Plutarch.
1044 3176 1153 3216 caes.
1187 3190 1223 3218 c.
1244 3178 1314 3218 54.
1351 3179 1391 3219 3.
1426 3178 1642 3237 ’Ἔγραψε
1674 3176 1894 3238 Κικέρων
1926 3175 2138 3238 ἐγκώμι-

311 3274 363 3302 ον
389 3256 624 3304 Κάτωνος
652 3250 805 3311 ὄνομα
830 3251 894 3312 τῷ
921 3252 1046 3313 λόγῳ
1074 3251 1281 3311 θέμενος
1302 3254 1567 3299 Κάτωνα·
1602 3259 1683 3301 καὶ
1711 3257 1912 3307 πολλοῖς
1938 3254 1966 3300 ό
1992 3255 2132 3317 λόγος

310 3330 367 3394 ἦν
399 3333 484 3380 διοὶ
520 3331 761 3388 σπουδῆς,
811 3328 875 3382 ὡς
906 3329 1061 3387 εἰκὸς,
1102 3331 1196 3376 ὑπὸ
1231 3336 1318 3378 τοῦ
1357 3333 1643 3380 δεινοτάτου
1682 3335 1774 3380 τῶν
1803 3334 2021 3396 ῥητόρων
2060 3335 2132 3386 εἰς

313 3415 398 3473 τήν
430 3414 690 3470 καλλίστην
730 3409 1049 3469 πεποιημένος
1078 3409 1331 3456 ὑπόθεσιν.
1398 3417 1557 3460 Τοῦτο
1591 3413 1704 3472 ἠνία
1735 3417 1962 3475 Καίσαρα
1993 3430 2132 3470 κατη·

312 3498 479 3557 γορίαν
497 3492 555 3537 αὖ
565 3495 648 3537 τοῦ
668 3490 925 3548 νομίζοντα
944 3488 1025 3534 τὸν
1044 3494 1129 3535 τοῦ
1150 3494 1444 3550 τεθνηκότος
1461 3494 1530 3539 δι’
1548 3494 1701 3541 αὐτὸν
1720 3493 1930 3539 ἔπαινον,
1962 3496 2134 3555 ’‘Erga-

312 3589 399 3635 ψεν
429 3567 514 3619 οὖν
541 3571 723 3621 πολλάς
755 3586 885 3620 τινας
920 3570 1038 3615 κατὰ
1075 3574 1161 3615 τοῦ
1196 3572 1418 3625 Κάτωνος
1444 3577 1605 3626 αἰτίας
1639 3571 1941 3635 συναγαγών·
1982 3572 2036 3617 τὸ
2073 3568 2125 3615 δὲ
