2210 3970
229 225 335 276 492
847 235 1058 275 clcnno
1097 234 1168 272 nn
1208 235 1346 272 viu
1387 234 1492 272 sua

226 371 397 435 tavit,
449 384 716 442 quemque
758 386 889 434 nos,
930 369 1261 423 correctione
1301 366 1532 439 quadam
1571 363 1844 429 adhibita,
1898 362 2058 437 potis-

225 471 426 524 simum
459 470 631 524 secuti
654 486 860 524 sumus.
945 473 1031 523 74.
1075 467 1331 539 Triplex¹
1376 471 1558 521 autem
1580 470 1690 529 est,
1725 469 1785 518 ut
1805 463 2076 547 Panaetio-

223 569 468 635 videtur,
509 569 719 624 consilii
753 569 998 642 capiendi
1017 568 1345 623 deliberatio,
1389 567 1523 622 Nam
1545 608 1559 630 ‚
1600 564 1956 620 honestumne
1986 561 2058 642 sa-

225 676 319 725 ctu
372 671 445 725 sit
503 686 572 724 an
624 676 818 742 turpe,
871 669 1148 734 dubitant,
1210 668 1264 723 id
1322 666 1464 740 quod
1508 668 1564 721 in
1623 664 2058 721 deliberationem

223 770 391 826 cadit:
434 772 489 825 in
525 788 629 843 quo
669 770 1055 824 considerando
1089 786 1245 842 saepe
1285 769 1451 823 animi
1493 769 1548 822 in
1600 766 1900 821 contrarias
1941 779 2059 818 sen·

223 870 421 925 tentias
459 868 854 923 distrahuntur.
937 870 1075 923 Tum
1116 875 1297 923 autem
1337 875 1432 922 aut
1472 868 1770 939 anquirunt
1809 871 1903 920 aut
1935 881 2058 919 con-

221 967 456 1034 sultant,
516 968 582 1022 ad
617 970 759 1024 vitae
805 968 1239 1023 commoditatem
1291 967 1826 1038 iucunditatemque,
1885 965 1953 1019 ad
1986 963 2059 1020 fa-

218 1068 452 1144 cultates
492 1084 676 1123 rerum
716 1074 879 1139 atque
912 1068 1126 1140 copiaS,
1167 1067 1234 1122 ad
1273 1084 1434 1140 opeS,
1472 1066 1541 1122 ad
1572 1065 1866 1138 potentiam
1889 1106 1904 1130 ,
1935 1065 2060 1136 qui-

221 1168 323 1224 bus
347 1174 400 1224 et
440 1185 497 1223 se
534 1169 741 1240 possint
771 1169 958 1223 iuvare
991 1174 1046 1223 et
1084 1184 1238 1233 suos,
1279 1167 1544 1222 conducat
1584 1166 1639 1221 id
1660 1209 1676 1232 ‚
1716 1182 1814 1221 nec
1853 1182 1956 1230 ne,
1993 1163 2059 1219 de

220 1285 327 1341 quo
357 1268 687 1324 deliberant:
730 1286 868 1341 quae
899 1268 1212 1324 deliberatio
1244 1268 1420 1322 omnis
1457 1267 1515 1322 in
1552 1266 1817 1321 rationem
1856 1265 2058 1320 utilita-

220 1370 292 1424 tis
331 1368 493 1424 cadit.
588 1370 834 1424 Tertium
881 1369 1162 1424 dubitandi
1220 1385 1391 1441 genus
1437 1373 1553 1433 est,
1609 1383 1779 1439 quum
1818 1381 2060 1440 pugnare

218 1470 437 1524 videtur
474 1485 599 1524 cnm
647 1468 869 1524 honesto
914 1469 968 1524 id
989 1512 1004 1534 ,
1062 1468 1206 1542 quod
1243 1468 1462 1524 videtur
1505 1484 1621 1523 esse
1650 1467 1800 1522 utile.
1880 1467 2058 1535 Quum

220 1570 362 1626 enim
406 1569 616 1624 utilitas
647 1569 715 1623 ad
748 1586 806 1624 se
844 1585 1066 1641 rapere,
1109 1568 1361 1624 honestas
1394 1573 1583 1623 contra
1612 1583 1866 1623 revocare
1896 1565 1965 1622 ad
2003 1583 2061 1622 se

219 1669 470 1734 videtur,
523 1668 613 1734 fit,
652 1675 715 1723 ut
747 1668 1085 1724 distrahatur
1116 1670 1173 1724 in
1213 1668 1555 1725 deliberando
1593 1668 1810 1724 animus
1847 1665 2058 1723 afferat-

219 1786 325 1842 que
363 1770 656 1842 ancipitem
690 1786 880 1824 curam
913 1768 1204 1841 cogitandi.
1287 1773 1375 1824 75.
1416 1768 1529 1824 Hac
1558 1767 1852 1833 divisione,
1888 1779 2057 1840 quum

220 1871 515 1943 praeterire
556 1869 760 1942 aliquid
803 1870 1104 1925 maximum
1138 1870 1334 1924 vitium
1368 1869 1425 1922 in
1467 1865 1755 1922 dividendo
1793 1867 1899 1932 sit,
1952 1867 2059 1925 duo

217 1970 599 2043 praetermissa
639 1975 783 2025 sunt.
863 1970 971 2025 Nec
1010 1970 1156 2025 enim
1190 1969 1400 2035 solum,
1441 1974 1628 2023 utrum
1666 1967 1954 2023 honestum
1987 1983 2054 2023 an

216 2075 376 2142 turpe
416 2070 486 2124 sit
502 2111 517 2134 ‚
570 2067 855 2124 deliberari
897 2069 1060 2134 solet,
1111 2070 1205 2125 sed
1257 2070 1421 2125 etiam
1443 2110 1458 2135 ,
1523 2067 1732 2124 duobus
1771 2069 2060 2142 propositis

216 2169 486 2236 honestiS,
565 2176 753 2225 utrum
810 2169 1123 2233 honestius;
1182 2170 1450 2243 itemque,
1509 2168 1718 2224 duobus
1769 2169 2057 2242 propositis

216 2269 471 2334 utilibus,
510 2275 699 2325 utrum
750 2269 958 2325 utilius.
1038 2270 1120 2325 Ita
1140 2312 1156 2336 ,
1195 2286 1357 2343 quam
1394 2269 1486 2326 ille
1537 2269 1808 2342 triplicem
1847 2269 2059 2342 putavit

216 2387 334 2426 esse
376 2370 641 2426 rationem
661 2411 677 2435 ,
729 2370 785 2424 in
827 2371 1066 2442 quinque
1098 2376 1280 2443 partes
1319 2368 1574 2425 distribui
1606 2368 1813 2442 'debere
1857 2370 2056 2442 reperi-

217 2476 326 2527 tur.
404 2470 648 2526 Primum
688 2477 771 2525 est
798 2471 969 2542 igitur
1007 2471 1074 2526 de
1114 2470 1367 2535 honesto,
1425 2469 1520 2527 sed
1557 2469 1879 2543 dupliciter;
1938 2477 2056 2526 tum

216 2572 336 2645 pari
368 2571 577 2626 ratione
616 2569 681 2626 de
719 2569 876 2632 utili:
934 2577 1055 2643 post
1094 2570 1160 2626 de
1210 2563 1609 2645 comparatione
1653 2587 1841 2627 eorum
1886 2569 2056 2626 disse-

214 2669 462 2728 rendum.

175 2948 179 2952 Ι
291 2872 481 2929 XXVI.
567 2874 654 2928 76.
696 2871 807 2928 Et²
852 2872 910 2928 hi
948 2872 1166 2946 quidem
1205 2873 1330 2928 libri
1382 2873 1553 2928 nostri
1599 2872 1901 2946 complures
1944 2889 2050 2929 non

216 2972 373 3029 modo
405 2972 473 3028 ad
502 2972 750 3045 legendi,
803 2972 897 3029 sed
935 2975 1099 3030 ctiam
1139 2974 1207 3030 ad
1245 2973 1516 3030 scribendi
1554 2973 1796 3029 studium
1854 2973 2050 3029 excita-

214 3079 427 3130 verunt.
506 3072 645 3128 Nec³
684 3089 811 3127 vero
843 3072 898 3128 id
930 3072 1069 3129 effici
1102 3091 1254 3147 posse
1287 3073 1532 3140 confido,
1572 3073 1716 3147 qnod
1760 3090 1827 3130 ne
1862 3079 2048 3146 postu·

211 3173 434 3229 landum
478 3172 696 3246 quidem
760 3180 871 3240 est,
930 3180 992 3229 ut
1049 3192 1234 3231 omnes
1283 3174 1646 3230 adolescentes
1685 3190 1743 3229 se
1804 3173 1873 3229 ad
1917 3173 2050 3228 haec

215 3273 395 3329 studia
415 3280 748 3330 convertant.
833 3275 995 3330 Pauci
1031 3275 1273 3330 utinam!
1316 3291 1547 3348 quorum
1580 3281 1762 3329 tamen
1802 3274 1858 3328 in
1892 3290 2047 3347 repu-

238 3432 241 3435 ·
274 3417 311 3473 ²)
343 3414 398 3460 de
423 3414 547 3460 offic..
568 3419 599 3461 1.
618 3432 653 3461 e.
688 3420 727 3460 3.
760 3417 842 3472 §a
879 3443 937 3451 -
972 3420 1010 3475 2)
1047 3415 1158 3460 ibid.
1194 3420 1252 3461 11.
1277 3432 1314 3461 c.
1348 3419 1389 3461 1.
1411 3418 1434 3474 ᾗ
1456 3419 1496 3460 2.
1531 3442 1590 3450 -
1623 3418 1663 3476 5)
1697 3415 1749 3461 de
1782 3413 1968 3462 Divinat.
1990 3419 2046 3461 11.

209 3508 246 3537 c.
276 3496 318 3537 2.
355 3495 380 3551 ᾧ
406 3496 448 3539 5.
