2210 3970
189 235 296 285 570
650 247 979 284 ANNALES
1037 248 1545 287 οιοΕΒοΝιΑΝι.

254 377 369 421 Plut.
397 377 479 421 Cic.
503 391 538 419 c.
557 379 599 419 4.
627 380 668 420 1.
706 379 1032 438 ’Λφικόμενος
1060 379 1181 431 ὃέῖς
1206 379 1421 436 Ἀθήνας
1443 366 1714 436 ’Ἀντιόχου
1739 381 1824 424 τοῦ
1847 379 2021 423 ’Λσκα-

195 458 403 502 λωνίτου
451 454 706 511 διήκουσε,
759 461 816 516 τῇ
851 456 939 518 μὲν
967 458 1146 520 εὐροίᾳ
1194 459 1289 504 τῶν
1336 459 1490 521 λόγων
1533 458 1688 504 αὐτοῦ
1729 461 1811 502 καὶ
1855 461 2026 518 χάριτι

195 537 516 594 κηλούμενος,
568 535 601 579 ἃ
650 535 694 581 δ’
716 533 769 582 ἐν
827 546 931 590 τοῖς
981 537 1219 601 δόγμασιν
1270 536 1597 600 ἐνεωτέριζεν,
1660 536 1750 582 οὐκ
1798 535 2025 581 ἐπαινῶν.

200 613 332 671 ”Ηδη
373 614 461 676 γάρ
503 611 728 663 ἐξίστατο
767 620 850 675 τῆς
901 617 1010 670 νέας
1051 617 1304 681 λεγομένης
1349 617 1650 677 Ἀκαδημίας
1694 616 1721 662 ὁ
1768 619 2029 671 Ἀντίοχος

198 696 278 738 καὶ
310 693 394 750 τήν
427 694 704 754 Καρνεάδου
727 698 904 742 στάσιν
937 696 1273 759 ἐγκατέλειπεν
1291 731 1302 751 ,
1334 697 1436 741 εἴτε
1464 699 1797 758 καμπτόμενος
1827 694 1920 741 ὑπὸ
1949 697 2032 751 τῆς

197 769 444 836 ἐναργείας
485 777 564 818 καὶ
600 775 693 820 τῶν
739 774 1047 834 αἰσθήσεων,
1091 777 1214 831 εἴτε,
1265 776 1327 828 ὥς
1371 792 1523 833 φασιν
1564 775 1718 832 ἔνιοι,
1767 777 2033 835 φιλοτιμίᾳ

199 854 302 897 τινὶ
331 855 412 897 καὶ
436 852 652 915 διαφορᾷ
680 854 800 916 πρὸς
827 856 944 916 τους
970 855 1308 914 Κλειτομάχου
1339 858 1420 899 καὶ
1445 855 1661 907 Φίλωνος
1684 857 1917 913 συνήθεις
1949 853 2033 899 τὸν

203 930 424 976 Στωικὸν
454 929 508 974 ἐκ
536 932 804 992 μεταβολῆς
837 935 1127 996 θεραπεύων
1160 934 1304 995 λόγον
1332 931 1384 978 ἐν
1414 942 1519 987 τοῖς
1553 937 1822 987 πλείστοις.
1889 934 2031 978 Cicero

200 1011 253 1054 de
296 1009 437 1071 Legib.
475 1022 504 1053 Ι.
540 1026 575 1053 c.
610 1013 683 1055 21.
722 1015 794 1056 54.
837 1015 942 1058 ΑΤΤ.
986 1013 1110 1073 Ergo
1152 1012 1388 1056 assentiris
1426 1014 1638 1058 Antiocho
1663 1013 1901 1072 familiari
1941 1027 2035 1055 meo

199 1087 437 1147 (magistro
469 1088 585 1131 enim
607 1106 695 1133 non
726 1089 864 1134 audeo
897 1089 1081 1148 dicere),
1116 1105 1301 1150 quocum
1331 1075 1457 1146 viii,
1499 1098 1543 1134 et
1575 1091 1655 1151 qui
1683 1108 1751 1135 me
1782 1108 1838 1134 ea·
1869 1090 2037 1134 nostris

191 1178 336 1224 paene
366 1164 574 1209 convellit
613 1167 850 1212 horticulis
882 1166 1154 1228 deduz-itque
1186 1169 1235 1211 in
1265 1168 1548 1212 Academiam
1571 1168 1863 1231 perpauculis
1885 1168 2037 1229 passi-

201 1241 294 1285 bus.
360 1245 503 1287 MARC.
540 1244 617 1287 Vir
647 1246 735 1290 iste
753 1245 861 1304 fuit
897 1245 977 1290 ille
1007 1244 1185 1306 quidem
1206 1245 1406 1305 prudens
1431 1253 1476 1290 et
1512 1255 1672 1292 acutus
1699 1256 1743 1292 et
1775 1248 1823 1291 in
1853 1263 1934 1291 suo
1962 1264 2037 1308 ge-

202 1336 304 1364 nere
331 1319 564 1380 perfectus
596 1322 821 1383 mihique,
855 1329 908 1365 ut
936 1322 1056 1378 scis,
1094 1312 1355 1381 familiaris
1366 1343 1380 1367 .·
1424 1325 1498 1368 cui
1529 1333 1676 1370 tamen
1706 1342 1784 1387 ego
1817 1326 2040 1370 assentiar

198 1398 246 1440 in
279 1396 510 1453 omnibus,
544 1414 706 1455 necne,
738 1415 842 1443 mox
877 1397 1039 1443 videro.
1103 1399 1187 1445 cfr.
1220 1404 1343 1447 Tusc.
1377 1415 1421 1447 v.
1457 1418 1493 1447 c.
1514 1405 1555 1447 8.
1591 1406 1664 1447 22.
1705 1403 1834 1449 Acad.
1862 1410 1979 1465 post.
2008 1417 2037 1448 Ι.

200 1490 234 1519 c.
255 1477 328 1518 12.
353 1478 425 1519 43.
475 1476 623 1521 Aurel.
657 1477 814 1522 Victor.
843 1477 873 1522 l.
904 1494 944 1524 c.
972 1476 1190 1522 Plutarch.
1226 1478 1397 1524 Lucull.
1431 1496 1471 1525 c.
1500 1483 1572 1524 42.
1637 1483 1698 1525 De
1730 1481 1940 1526 Antiocho
1971 1499 2042 1528 ex-

201 1553 348 1614 posuit
373 1555 417 1598 F.
445 1556 499 1598 X.
523 1553 657 1611 Elbe,
695 1554 828 1598 Ueber
854 1554 937 1599 den
969 1557 1109 1599 Sosus
1140 1555 1217 1600 des
1250 1557 1494 1602 Antiochus
1525 1575 1607 1602 von
1643 1558 1849 1603 Askalon.
1893 1559 2042 1604 Offen-

201 1630 342 1692 burg‚
363 1634 502 1678 1847.
524 1636 582 1677 8⁰.
614 1635 658 1676 C.
677 1635 710 1677 1.
730 1635 915 1695 Grysar,
950 1634 1034 1677 Die
1059 1633 1350 1679 Akademilcer
1365 1635 1499 1680 Philo
1526 1653 1570 1682 u.
1599 1630 1855 1683 Antiochus.
1898 1637 2040 1696 Koln,

204 1711 338 1753 1849.
375 1713 436 1754 40.

282 1828 344 1903 (4)
388 1829 521 1885 Cum
553 1831 610 1884 T.
636 1831 926 1902 Pomponio
960 1831 1166 1893 Attico,
1211 1833 1304 1902 qui
1334 1833 1439 1887 iam
1471 1833 1674 1904 aliquot
1706 1835 1862 1888 annis
1893 1840 2043 1898 ante,

205 1935 268 1982 ut
314 1928 508 1983 studiis
561 1930 674 1984 suis
713 1930 1134 2000 obsequeretur,
1190 1931 1427 1987 Athenas
1466 1933 1736 2005 profectus
1783 1942 1898 1989 erat
1951 1934 2042 2009 (cf.

197 2029 274 2110 ‘ad
308 2047 356 2084 a.
382 2034 507 2084 667.
532 2029 640 2104 5.),
675 2029 808 2085 duos
842 2030 1048 2093 audivit
1079 2031 1419 2105 philosophos
1448 2034 1775 2106 Epicureos;
1816 2053 2046 2108 quorum

208 2130 474 2196 alterum,
512 2131 847 2195 Phaedrum,
889 2132 1089 2187 Romae
1129 2134 1238 2188 iam
1279 2134 1558 2190 audiverat
1603 2135 1803 2209 (chad
1844 2141 2047 2197 a.666.

215 2231 318 2304 7.):
362 2231 497 2286 alter
530 2239 645 2287 erat
678 2232 841 2290 Zeno.
881 2251 917 2287 1.
955 2250 1000 2287 c.
1025 2237 1114 2288 57.
1150 2239 1273 2289 115.

273 2333 362 2377 Cic.
396 2332 450 2376 de
482 2334 529 2376 N.
553 2334 602 2378 D.
623 2346 654 2378 1.
682 2348 719 2376 c.
745 2336 818 2377 21.
850 2336 922 2378 59.
966 2335 1208 2391 Zenonem,
1241 2353 1369 2397 quem
1406 2337 1542 2382 Philo
1570 2340 1720 2383 noster
1756 2326 2050 2400 coryphaeum
2121 2350 2125 2354 '
2207 2337 2210 2344 ’

213 2409 441 2470 appellare
483 2410 810 2470 Epicureorum
845 2412 1046 2469 solebat,
1094 2430 1229 2473 quum
1269 2414 1456 2459 Athenis
1487 2431 1651 2472 essem,
1684 2416 1915 2460 audiebam
1958 2417 2050 2471 fre·

214 2495 422 2548 quenter,
456 2495 500 2531 et
516 2487 693 2547 quidem
719 2491 818 2549 ipso
849 2498 1029 2534 auctore
1055 2491 1273 2536 Philone:
1305 2492 1454 2547 credo,
1486 2501 1541 2537 ut
1553 2493 1755 2551 facilius
1781 2494 2051 2553 iudicarem,

215 2581 348 2625 quam
374 2564 460 2607 illa
486 2564 590 2608 bene
616 2566 948 2626 refellerentur,
983 2586 1119 2630 quum
1141 2586 1169 2612 a
1182 2570 1390 2630 principe
1415 2559 1740 2630 Epicureorum
1761 2573 2050 2631 accepissem,

216 2641 580 2704 quemadmodum
607 2642 869 2690 dicerentur.
947 2650 1076 2694 Tusc.
1095 2661 1167 2692 111.
1201 2663 1237 2691 c.
1257 2650 1331 2693 17.
1360 2650 1432 2692 38.
1481 2648 1549 2691 Et
1580 2648 1659 2692 hoc
1686 2648 1766 2693 ille
1797 2635 2022 2694 acriculus
2039 2684 2053 2706 ,

219 2739 286 2765 me
318 2720 552 2777 audiente,
585 2722 773 2766 Athenis
804 2739 939 2769 senea¹
970 2728 1107 2783 Zeno,
1145 2727 1337 2770 istorum
1369 2726 1689 2783 acutissimus,
1722 2727 1978 2772 contendere
2010 2735 2054 2772 et

218 2816 381 2860 magna
404 2815 505 2844 voce
525 2798 668 2843 dicere
699 2800 896 2846 solebat:
927 2819 1026 2848 eum
1059 2821 1154 2849 esse
1172 2804 1379 2866 beatum,
1398 2804 1490 2863 -qui
1512 2805 1826 2864 praesentibus
1851 2806 2055 2867 volupta-

220 2879 343 2923 tibus
369 2878 623 2933 frueretur‚
656 2877 984 2941 confideretque
1010 2898 1058 2927 se
1073 2883 1333 2942 fruiturum
1356 2888 1438 2925 aut
1457 2883 1506 2926 in
1538 2884 1678 2940 omni,
1711 2889 1794 2927 aut
1819 2884 1868 2928 in
1894 2900 2055 2945 magna

213 2965 350 3018 parte
378 2958 528 3013 vitae,
562 2955 710 3000 dolore
739 2973 827 3001 non
855 2959 1184 3006 interveniente.
1248 2959 1381 3007 Acad.
1407 2968 1518 3022 post.
1547 2972 1577 3006 1.
1605 2977 1643 3006 c.
1662 2964 1734 3006 12.
1764 2964 1836 3006 46.
1872 2963 2056 3007 Carnea-

222 3033 299 3078 des
329 3041 479 3077 autem
509 3033 683 3077 nullius
706 3034 1022 3097 philosophiae
1047 3040 1200 3100 partis
1231 3040 1420 3100 ignarus
1451 3047 1520 3095 et,
1561 3047 1614 3083 ut
1645 3041 1826 3099 cognovi
1875 3056 1932 3084 ea:
1962 3041 2055 3097 iis,

220 3112 301 3172 qui
331 3111 463 3155 illum
495 3110 760 3168 audierant,
800 3116 1076 3175 maa-imeque
1110 3134 1165 3161 ex
1196 3117 1420 3178 Epicureo
1451 3118 1649 3172 Zenone,
1693 3117 1774 3177 qui
1789 3149 1803 3171 ,
1835 3133 1971 3177 quum
2000 3119 2056 3162 ab

224 3205 272 3232 eo
294 3189 545 3249 plurimum
573 3188 855 3248 dissentiret,
887 3210 1024 3238 unum
1050 3201 1197 3239 tamen
1217 3201 1399 3255 praeter
1424 3202 1590 3239 ceteros
1605 3194 1883 3251 mirabatur,
1914 3196 2054 3240 incre-

224 3266 356 3311 dibili
387 3267 579 3328 quadam
601 3268 710 3326 fuit
723 3269 972 3328 facultate.

294 3371 363 3445 (⁵)
406 3372 608 3427 Ibidem
643 3380 695 3428 et
735 3375 848 3446 ipse
884 3381 941 3430 et
978 3374 1191 3430 Atticus
1223 3375 1514 3434 Eleusiniis
1547 3376 1822 3449 mysteriis
1855 3376 2055 3430 initiati

211 3478 367 3528 sunt.
410 3492 443 3527 ι.
480 3491 524 3528 c.
551 3478 640 3529 58.
678 3479 802 3530 119.

2182 2992 2210 3308 g
