<?xml version="1.0" encoding="UTF-8"?>
<!DOCTYPE html PUBLIC "-//W3C//DTD XHTML 1.0 Transitional//EN"
    "http://www.w3.org/TR/xhtml1/DTD/xhtml1-transitional.dtd">
<html xmlns="http://www.w3.org/1999/xhtml" xml:lang="en" lang="en">
 <head>
  <title>
</title>
<meta http-equiv="Content-Type" content="text/html;charset=utf-8" />
  <meta name='ocr-system' content='tesseract 3.04.00' />
  <meta name='ocr-capabilities' content='ocr_page ocr_carea ocr_par ocr_line ocrx_word'/>
</head>
<body>
  <div class='ocr_page' id='page_1' title='image "./mtulliiciceronis00suriuoft/mtulliiciceronis00suriuoft_0010.png"; bbox 0 0 2158 4030; ppageno 0'>
   <div class='ocr_carea' id='block_1_1' title="bbox 1001 186 1319 224">
    <p class='ocr_par' dir='ltr' id='par_1_1' title="bbox 1001 186 1319 224">
     <span class='ocr_line' id='line_1_1' title="bbox 1001 186 1319 224; baseline 0 0"><span class='ocrx_word' id='word_1_1' title='bbox 1001 203 1076 213; x_wconf 85' lang='lat'><strong>—·</strong></span> <span class='ocrx_word' id='word_1_2' title='bbox 1113 186 1206 224; x_wconf 81' lang='lat' dir='ltr'><strong>vm</strong></span> <span class='ocrx_word' id='word_1_3' title='bbox 1242 201 1319 211; x_wconf 89' lang='grc'><strong>--</strong></span> 
     </span>
    </p>
   </div>
   <div class='ocr_carea' id='block_1_2' title="bbox 252 314 2096 1727">
    <p class='ocr_par' dir='ltr' id='par_1_2' title="bbox 252 314 2096 1727">
     <span class='ocr_line' id='line_1_2' title="bbox 252 314 2078 382; baseline -0.004 -8"><span class='ocrx_word' id='word_1_4' title='bbox 252 334 365 374; x_wconf 87' lang='lat' dir='ltr'><strong>tum</strong></span> <span class='ocrx_word' id='word_1_5' title='bbox 401 321 463 371; x_wconf 91' lang='lat' dir='ltr'><strong>ab</strong></span> <span class='ocrx_word' id='word_1_6' title='bbox 494 319 698 370; x_wconf 90' lang='lat' dir='ltr'><strong>homine</strong></span> <span class='ocrx_word' id='word_1_7' title='bbox 725 317 896 367; x_wconf 88' lang='lat' dir='ltr'><strong>debcri</strong></span> <span class='ocrx_word' id='word_1_8' title='bbox 930 317 1124 366; x_wconf 90' lang='lat' dir='ltr'><strong>homini</strong></span> <span class='ocrx_word' id='word_1_9' title='bbox 1160 316 1433 382; x_wconf 89' lang='lat' dir='ltr'><strong>plurimum</strong></span> <span class='ocrx_word' id='word_1_10' title='bbox 1462 315 1632 381; x_wconf 82' lang='lat' dir='ltr'><strong>possit.</strong></span> <span class='ocrx_word' id='word_1_11' title='bbox 1701 314 1910 366; x_wconf 82' lang='lat' dir='ltr'><strong>Etiamsi</strong></span> <span class='ocrx_word' id='word_1_12' title='bbox 1945 316 2078 368; x_wconf 88' lang='lat' dir='ltr'><strong>enim</strong></span> 
     </span>
     <span class='ocr_line' id='line_1_3' title="bbox 256 405 2087 470; baseline -0.005 -6"><span class='ocrx_word' id='word_1_13' title='bbox 256 412 410 463; x_wconf 91' lang='lat' dir='ltr'><strong>nullis</strong></span> <span class='ocrx_word' id='word_1_14' title='bbox 457 410 565 461; x_wconf 86' lang='lat' dir='ltr'><strong>aliis</strong></span> <span class='ocrx_word' id='word_1_15' title='bbox 600 426 628 457; x_wconf 91' lang='lat' dir='ltr'><strong>a</strong></span> <span class='ocrx_word' id='word_1_16' title='bbox 663 408 730 456; x_wconf 90' lang='lat' dir='ltr'><strong>Te</strong></span> <span class='ocrx_word' id='word_1_17' title='bbox 779 407 987 457; x_wconf 84' lang='lat' dir='ltr'><strong>affectus</strong></span> <span class='ocrx_word' id='word_1_18' title='bbox 1022 423 1182 456; x_wconf 91' lang='lat' dir='ltr'><strong>essem</strong></span> <span class='ocrx_word' id='word_1_19' title='bbox 1225 405 1511 463; x_wconf 87' lang='lat' dir='ltr'><strong>beneficiis,</strong></span> <span class='ocrx_word' id='word_1_20' title='bbox 1547 419 1674 470; x_wconf 88' lang='lat' dir='ltr'><strong>quae</strong></span> <span class='ocrx_word' id='word_1_21' title='bbox 1721 412 1798 454; x_wconf 87' lang='lat' dir='ltr'><strong>tot</strong></span> <span class='ocrx_word' id='word_1_22' title='bbox 1844 421 1900 454; x_wconf 88' lang='lat' dir='ltr'><strong>ac</strong></span> <span class='ocrx_word' id='word_1_23' title='bbox 1947 413 2087 455; x_wconf 84' lang='lat' dir='ltr'><strong>tanta</strong></span> 
     </span>
     <span class='ocr_line' id='line_1_4' title="bbox 253 494 2088 560; baseline -0.005 -7"><span class='ocrx_word' id='word_1_24' title='bbox 253 504 308 554; x_wconf 91' lang='lat' dir='ltr'><strong>in</strong></span> <span class='ocrx_word' id='word_1_25' title='bbox 357 519 437 552; x_wconf 87' lang='lat' dir='ltr'><strong>me</strong></span> <span class='ocrx_word' id='word_1_26' title='bbox 483 497 741 550; x_wconf 79' lang='lat' dir='ltr'>contulisti</span> <span class='ocrx_word' id='word_1_27' title='bbox 778 507 836 547; x_wconf 93' lang='lat' dir='ltr'><strong>ut</strong></span> <span class='ocrx_word' id='word_1_28' title='bbox 886 497 1030 547; x_wconf 85' lang='lat' dir='ltr'><strong>facile</strong></span> <span class='ocrx_word' id='word_1_29' title='bbox 1074 496 1276 560; x_wconf 91' lang='lat' dir='ltr'><strong>quidem</strong></span> <span class='ocrx_word' id='word_1_30' title='bbox 1323 494 1558 554; x_wconf 78' lang='lat' dir='ltr'><strong>initium,</strong></span> <span class='ocrx_word' id='word_1_31' title='bbox 1604 509 1880 558; x_wconf 82' lang='lat' dir='ltr'><strong>numquam</strong></span> <span class='ocrx_word' id='word_1_32' title='bbox 1917 503 2088 544; x_wconf 91' lang='lat' dir='ltr'><strong>autem</strong></span> 
     </span>
     <span class='ocr_line' id='line_1_5' title="bbox 255 582 2091 657; baseline -0.006 -14"><span class='ocrx_word' id='word_1_33' title='bbox 255 593 452 657; x_wconf 81' lang='lat' dir='ltr'><strong>exitum</strong></span> <span class='ocrx_word' id='word_1_34' title='bbox 497 605 673 639; x_wconf 87' lang='lat' dir='ltr'><strong>eorum</strong></span> <span class='ocrx_word' id='word_1_35' title='bbox 706 586 1073 637; x_wconf 77' lang='lat' dir='ltr'>laudandorum</span> <span class='ocrx_word' id='word_1_36' title='bbox 1124 585 1405 641; x_wconf 81' lang='lat' dir='ltr'><strong>inveniam;</strong></span> <span class='ocrx_word' id='word_1_37' title='bbox 1444 584 1524 634; x_wconf 82' lang='lat' dir='ltr'><strong>vel</strong></span> <span class='ocrx_word' id='word_1_38' title='bbox 1557 582 1652 632; x_wconf 89' lang='lat' dir='ltr'><strong>hoc</strong></span> <span class='ocrx_word' id='word_1_39' title='bbox 1695 583 1820 633; x_wconf 90' lang='lat' dir='ltr'><strong>mihi</strong></span> <span class='ocrx_word' id='word_1_40' title='bbox 1857 584 1976 633; x_wconf 93' lang='lat' dir='ltr'><strong>satis</strong></span> <span class='ocrx_word' id='word_1_41' title='bbox 2017 599 2091 633; x_wconf 91' lang='lat' dir='ltr'><strong>es-</strong></span> 
     </span>
     <span class='ocr_line' id='line_1_6' title="bbox 257 672 2090 744; baseline -0.004 -13"><span class='ocrx_word' id='word_1_42' title='bbox 257 689 334 733; x_wconf 86' lang='lat' dir='ltr'><strong>set</strong></span> <span class='ocrx_word' id='word_1_43' title='bbox 369 695 521 744; x_wconf 88' lang='lat' dir='ltr'><strong>quare</strong></span> <span class='ocrx_word' id='word_1_44' title='bbox 557 678 626 728; x_wconf 90' lang='lat' dir='ltr'><strong>Te</strong></span> <span class='ocrx_word' id='word_1_45' title='bbox 667 678 719 725; x_wconf 91' lang='lat' dir='ltr'><strong>in</strong></span> <span class='ocrx_word' id='word_1_46' title='bbox 750 677 907 725; x_wconf 90' lang='lat' dir='ltr'><strong>oculis</strong></span> <span class='ocrx_word' id='word_1_47' title='bbox 948 676 1163 735; x_wconf 88' lang='lat' dir='ltr'><strong>serrem,</strong></span> <span class='ocrx_word' id='word_1_48' title='bbox 1198 673 1473 734; x_wconf 85' lang='lat' dir='ltr'><strong>Bernarde,</strong></span> <span class='ocrx_word' id='word_1_49' title='bbox 1509 672 1643 738; x_wconf 93' lang='lat' dir='ltr'><strong>quod</strong></span> <span class='ocrx_word' id='word_1_50' title='bbox 1692 689 1755 722; x_wconf 89' lang='lat' dir='ltr'><strong>ex</strong></span> <span class='ocrx_word' id='word_1_51' title='bbox 1788 673 1966 723; x_wconf 87' lang='lat' dir='ltr'><strong>intima</strong></span> <span class='ocrx_word' id='word_1_52' title='bbox 2002 681 2090 724; x_wconf 85' lang='lat' dir='ltr'><strong>tua</strong></span> 
     </span>
     <span class='ocr_line' id='line_1_7' title="bbox 257 763 2090 830; baseline -0.004 -10"><span class='ocrx_word' id='word_1_53' title='bbox 257 779 310 820; x_wconf 89' lang='lat' dir='ltr'><strong>et</strong></span> <span class='ocrx_word' id='word_1_54' title='bbox 339 768 570 819; x_wconf 82' lang='lat' dir='ltr'>familiari</span> <span class='ocrx_word' id='word_1_55' title='bbox 596 766 960 815; x_wconf 86' lang='lat' dir='ltr'><strong>consuetudine</strong></span> <span class='ocrx_word' id='word_1_56' title='bbox 990 781 1079 830; x_wconf 91' lang='lat' dir='ltr'><strong>per</strong></span> <span class='ocrx_word' id='word_1_57' title='bbox 1109 779 1308 813; x_wconf 92' lang='lat' dir='ltr'><strong>omnem</strong></span> <span class='ocrx_word' id='word_1_58' title='bbox 1337 778 1500 812; x_wconf 92' lang='lat' dir='ltr'><strong>meam</strong></span> <span class='ocrx_word' id='word_1_59' title='bbox 1536 769 1752 811; x_wconf 89' lang='lat' dir='ltr'><strong>aetatem</strong></span> <span class='ocrx_word' id='word_1_60' title='bbox 1782 763 1897 811; x_wconf 92' lang='lat' dir='ltr'><strong>talis</strong></span> <span class='ocrx_word' id='word_1_61' title='bbox 1926 778 2090 812; x_wconf 87' lang='lat' dir='ltr'><strong>exem-</strong></span> 
     </span>
     <span class='ocr_line' id='line_1_8' title="bbox 254 845 2093 928; baseline -0.003 -20"><span class='ocrx_word' id='word_1_62' title='bbox 254 860 396 928; x_wconf 91' lang='lat' dir='ltr'><strong>plum</strong></span> <span class='ocrx_word' id='word_1_63' title='bbox 448 857 581 907; x_wconf 89' lang='lat' dir='ltr'><strong>vitae</strong></span> <span class='ocrx_word' id='word_1_64' title='bbox 634 863 803 920; x_wconf 86' lang='lat' dir='ltr'><strong>petere</strong></span> <span class='ocrx_word' id='word_1_65' title='bbox 853 854 978 903; x_wconf 91' lang='lat' dir='ltr'><strong>mihi</strong></span> <span class='ocrx_word' id='word_1_66' title='bbox 1030 855 1207 916; x_wconf 91' lang='lat' dir='ltr'><strong>licuit,</strong></span> <span class='ocrx_word' id='word_1_67' title='bbox 1258 868 1359 902; x_wconf 91' lang='lat' dir='ltr'><strong>non</strong></span> <span class='ocrx_word' id='word_1_68' title='bbox 1404 851 1554 900; x_wconf 92' lang='lat' dir='ltr'><strong>modo</strong></span> <span class='ocrx_word' id='word_1_69' title='bbox 1599 851 1653 900; x_wconf 92' lang='lat' dir='ltr'><strong>in</strong></span> <span class='ocrx_word' id='word_1_70' title='bbox 1694 845 2004 917; x_wconf 77' lang='lat' dir='ltr'><strong>luceatque</strong></span> <span class='ocrx_word' id='word_1_71' title='bbox 2039 854 2093 902; x_wconf 91' lang='lat' dir='ltr'><strong>in</strong></span> 
     </span>
     <span class='ocr_line' id='line_1_9' title="bbox 256 939 2092 1008; baseline -0.004 -10"><span class='ocrx_word' id='word_1_72' title='bbox 256 949 413 998; x_wconf 92' lang='lat' dir='ltr'><strong>oculis</strong></span> <span class='ocrx_word' id='word_1_73' title='bbox 461 947 646 996; x_wconf 92' lang='lat' dir='ltr'><strong>civium</strong></span> <span class='ocrx_word' id='word_1_74' title='bbox 692 943 967 1008; x_wconf 81' lang='lat' dir='ltr'><strong>prudenter</strong></span> <span class='ocrx_word' id='word_1_75' title='bbox 1003 951 1142 992; x_wconf 88' lang='lat' dir='ltr'><strong>actae</strong></span> <span class='ocrx_word' id='word_1_76' title='bbox 1191 941 1279 991; x_wconf 93' lang='lat' dir='ltr'><strong>sed</strong></span> <span class='ocrx_word' id='word_1_77' title='bbox 1313 941 1452 990; x_wconf 90' lang='lat' dir='ltr'><strong>intus</strong></span> <span class='ocrx_word' id='word_1_78' title='bbox 1486 940 1638 989; x_wconf 89' lang='lat' dir='ltr'><strong>etiam</strong></span> <span class='ocrx_word' id='word_1_79' title='bbox 1684 939 1920 1004; x_wconf 83' lang='lat' dir='ltr'><strong>domique</strong></span> <span class='ocrx_word' id='word_1_80' title='bbox 1955 957 2092 1006; x_wconf 74' lang='lat' dir='ltr'><strong>prae-</strong></span> 
     </span>
     <span class='ocr_line' id='line_1_10' title="bbox 257 1028 2093 1097; baseline -0.004 -10"><span class='ocrx_word' id='word_1_81' title='bbox 257 1035 512 1087; x_wconf 88' lang='lat' dir='ltr'><strong>stantioris</strong></span> <span class='ocrx_word' id='word_1_82' title='bbox 531 1072 544 1090; x_wconf 94' lang='lat'><strong><em>,</em></strong></span> <span class='ocrx_word' id='word_1_83' title='bbox 580 1032 779 1097; x_wconf 87' lang='lat' dir='ltr'><strong>qualem</strong></span> <span class='ocrx_word' id='word_1_84' title='bbox 816 1031 857 1080; x_wconf 85' lang='lat' dir='ltr'><strong>si</strong></span> <span class='ocrx_word' id='word_1_85' title='bbox 888 1031 1058 1095; x_wconf 90' lang='lat' dir='ltr'><strong>plures</strong></span> <span class='ocrx_word' id='word_1_86' title='bbox 1094 1031 1261 1082; x_wconf 89' lang='lat' dir='ltr'><strong>vivere</strong></span> <span class='ocrx_word' id='word_1_87' title='bbox 1280 1030 1497 1090; x_wconf 85' lang='lat' dir='ltr'><strong>vellent,</strong></span> <span class='ocrx_word' id='word_1_88' title='bbox 1527 1028 1710 1082; x_wconf 79' lang='lat' dir='ltr'><strong>melius</strong></span> <span class='ocrx_word' id='word_1_89' title='bbox 1729 1030 1930 1079; x_wconf 92' lang='lat' dir='ltr'><strong>omnino</strong></span> <span class='ocrx_word' id='word_1_90' title='bbox 1961 1031 2093 1081; x_wconf 89' lang='lat' dir='ltr'><strong>vive·</strong></span> 
     </span>
     <span class='ocr_line' id='line_1_11' title="bbox 253 1119 2094 1185; baseline -0.003 -9"><span class='ocrx_word' id='word_1_91' title='bbox 253 1134 399 1176; x_wconf 90' lang='lat' dir='ltr'><strong>retur</strong></span> <span class='ocrx_word' id='word_1_92' title='bbox 445 1133 496 1173; x_wconf 90' lang='lat' dir='ltr'><strong>et</strong></span> <span class='ocrx_word' id='word_1_93' title='bbox 539 1121 749 1171; x_wconf 83' lang='lat' dir='ltr'><strong>felicius.</strong></span> <span class='ocrx_word' id='word_1_94' title='bbox 821 1119 1133 1185; x_wconf 84' lang='lat' dir='ltr'><strong>Quapropter</strong></span> <span class='ocrx_word' id='word_1_95' title='bbox 1169 1120 1210 1169; x_wconf 91' lang='lat' dir='ltr'><strong>si</strong></span> <span class='ocrx_word' id='word_1_96' title='bbox 1252 1119 1375 1184; x_wconf 91' lang='lat' dir='ltr'><strong>quid</strong></span> <span class='ocrx_word' id='word_1_97' title='bbox 1409 1119 1462 1168; x_wconf 92' lang='lat' dir='ltr'><strong>in</strong></span> <span class='ocrx_word' id='word_1_98' title='bbox 1508 1133 1588 1167; x_wconf 90' lang='lat' dir='ltr'><strong>me</strong></span> <span class='ocrx_word' id='word_1_99' title='bbox 1636 1126 1713 1168; x_wconf 86' lang='lat' dir='ltr'><strong>est</strong></span> <span class='ocrx_word' id='word_1_100' title='bbox 1758 1128 1848 1168; x_wconf 89' lang='lat' dir='ltr'><strong>aut</strong></span> <span class='ocrx_word' id='word_1_101' title='bbox 1896 1120 2094 1170; x_wconf 87' lang='lat' dir='ltr'><strong>virtutis</strong></span> 
     </span>
     <span class='ocr_line' id='line_1_12' title="bbox 256 1207 2094 1276; baseline -0.003 -11"><span class='ocrx_word' id='word_1_102' title='bbox 256 1223 347 1265; x_wconf 89' lang='lat' dir='ltr'><strong>aut</strong></span> <span class='ocrx_word' id='word_1_103' title='bbox 394 1211 682 1270; x_wconf 85' lang='lat' dir='ltr'><strong>doctrinae,</strong></span> <span class='ocrx_word' id='word_1_104' title='bbox 728 1210 780 1259; x_wconf 93' lang='lat' dir='ltr'><strong>id</strong></span> <span class='ocrx_word' id='word_1_105' title='bbox 825 1225 972 1259; x_wconf 90' lang='lat' dir='ltr'><strong>omne</strong></span> <span class='ocrx_word' id='word_1_106' title='bbox 1024 1209 1134 1259; x_wconf 91' lang='lat' dir='ltr'>Tibi</span> <span class='ocrx_word' id='word_1_107' title='bbox 1185 1217 1444 1274; x_wconf 86' lang='lat' dir='ltr'><strong>acceptum</strong></span> <span class='ocrx_word' id='word_1_108' title='bbox 1476 1207 1671 1269; x_wconf 87' lang='lat' dir='ltr'><strong>reser0,</strong></span> <span class='ocrx_word' id='word_1_109' title='bbox 1724 1216 1813 1258; x_wconf 92' lang='lat' dir='ltr'><strong>tuo</strong></span> <span class='ocrx_word' id='word_1_110' title='bbox 1865 1211 2094 1276; x_wconf 86' lang='lat' dir='ltr'><strong>exemplo</strong></span> 
     </span>
     <span class='ocr_line' id='line_1_13' title="bbox 256 1297 2095 1363; baseline -0.002 -10"><span class='ocrx_word' id='word_1_111' title='bbox 256 1302 537 1358; x_wconf 84' lang='lat' dir='ltr'><strong>excitatuS‚</strong></span> <span class='ocrx_word' id='word_1_112' title='bbox 586 1308 675 1349; x_wconf 86' lang='lat' dir='ltr'><strong>tua</strong></span> <span class='ocrx_word' id='word_1_113' title='bbox 710 1299 1008 1350; x_wconf 89' lang='lat' dir='ltr'><strong>auctoritate</strong></span> <span class='ocrx_word' id='word_1_114' title='bbox 1054 1307 1325 1363; x_wconf 90' lang='lat' dir='ltr'><strong>permotus.</strong></span> <span class='ocrx_word' id='word_1_115' title='bbox 1413 1297 1491 1353; x_wconf 90' lang='lat' dir='ltr'><strong>Ad</strong></span> <span class='ocrx_word' id='word_1_116' title='bbox 1535 1313 1664 1362; x_wconf 87' lang='lat' dir='ltr'><strong>quae</strong></span> <span class='ocrx_word' id='word_1_117' title='bbox 1711 1298 2095 1350; x_wconf 85' lang='lat' dir='ltr'><strong>innumerabilia</strong></span> 
     </span>
     <span class='ocr_line' id='line_1_14' title="bbox 256 1387 2096 1453; baseline -0.004 -10"><span class='ocrx_word' id='word_1_118' title='bbox 256 1401 346 1443; x_wconf 84' lang='lat' dir='ltr'><strong>tua</strong></span> <span class='ocrx_word' id='word_1_119' title='bbox 382 1393 434 1442; x_wconf 90' lang='lat' dir='ltr'><strong>in</strong></span> <span class='ocrx_word' id='word_1_120' title='bbox 463 1406 543 1440; x_wconf 91' lang='lat' dir='ltr'><strong>me</strong></span> <span class='ocrx_word' id='word_1_121' title='bbox 573 1389 752 1439; x_wconf 89' lang='lat' dir='ltr'><strong>merita</strong></span> <span class='ocrx_word' id='word_1_122' title='bbox 789 1389 830 1439; x_wconf 93' lang='lat' dir='ltr'><strong>si</strong></span> <span class='ocrx_word' id='word_1_123' title='bbox 855 1388 950 1445; x_wconf 86' lang='lat' dir='ltr'><strong>hoc</strong></span> <span class='ocrx_word' id='word_1_124' title='bbox 981 1404 1179 1453; x_wconf 89' lang='lat' dir='ltr'><strong>quoque</strong></span> <span class='ocrx_word' id='word_1_125' title='bbox 1211 1387 1463 1438; x_wconf 89' lang='lat' dir='ltr'><strong>addideris</strong></span> <span class='ocrx_word' id='word_1_126' title='bbox 1492 1395 1552 1439; x_wconf 90' lang='lat' dir='ltr'><strong>ut</strong></span> <span class='ocrx_word' id='word_1_127' title='bbox 1584 1387 1714 1442; x_wconf 83' lang='lat' dir='ltr'><strong>hanc</strong></span> <span class='ocrx_word' id='word_1_128' title='bbox 1751 1389 2096 1452; x_wconf 75' lang='grc' dir='ltr'><strong><em>προσφώνησιν</em></strong></span> 
     </span>
     <span class='ocr_line' id='line_1_15' title="bbox 257 1476 2095 1548; baseline -0.004 -15"><span class='ocrx_word' id='word_1_129' title='bbox 257 1483 504 1548; x_wconf 89' lang='lat' dir='ltr'><strong>explicata</strong></span> <span class='ocrx_word' id='word_1_130' title='bbox 540 1480 705 1529; x_wconf 83' lang='lat' dir='ltr'><strong>fronte</strong></span> <span class='ocrx_word' id='word_1_131' title='bbox 740 1477 959 1542; x_wconf 83' lang='lat' dir='ltr'><strong>accipias</strong></span> <span class='ocrx_word' id='word_1_132' title='bbox 983 1486 1035 1526; x_wconf 91' lang='lat' dir='ltr'><strong>et</strong></span> <span class='ocrx_word' id='word_1_133' title='bbox 1073 1487 1328 1543; x_wconf 84' lang='lat' dir='ltr'><strong>tamquam</strong></span> <span class='ocrx_word' id='word_1_134' title='bbox 1364 1477 1494 1543; x_wconf 83' lang='lat' dir='ltr'><strong>grati</strong></span> <span class='ocrx_word' id='word_1_135' title='bbox 1527 1477 1628 1527; x_wconf 90' lang='lat' dir='ltr'><strong>mei</strong></span> <span class='ocrx_word' id='word_1_136' title='bbox 1669 1493 1786 1543; x_wconf 84' lang='lat' dir='ltr'><strong>erga</strong></span> <span class='ocrx_word' id='word_1_137' title='bbox 1828 1477 1897 1527; x_wconf 88' lang='lat' dir='ltr'><strong>Te</strong></span> <span class='ocrx_word' id='word_1_138' title='bbox 1943 1476 2095 1526; x_wconf 89' lang='lat' dir='ltr'><strong>animi</strong></span> 
     </span>
     <span class='ocr_line' id='line_1_16' title="bbox 255 1567 2094 1633; baseline -0.003 -11"><span class='ocrx_word' id='word_1_139' title='bbox 255 1571 500 1622; x_wconf 91' lang='lat' dir='ltr'><strong>indicium</strong></span> <span class='ocrx_word' id='word_1_140' title='bbox 535 1568 720 1618; x_wconf 89' lang='lat' dir='ltr'><strong>habere</strong></span> <span class='ocrx_word' id='word_1_141' title='bbox 765 1568 921 1625; x_wconf 86' lang='lat' dir='ltr'><strong>velis,</strong></span> <span class='ocrx_word' id='word_1_142' title='bbox 974 1568 1208 1631; x_wconf 89' lang='lat' dir='ltr'><strong>equidem</strong></span> <span class='ocrx_word' id='word_1_143' title='bbox 1252 1568 1470 1633; x_wconf 84' lang='lat' dir='ltr'><strong>putabo,</strong></span> <span class='ocrx_word' id='word_1_144' title='bbox 1522 1567 1657 1632; x_wconf 92' lang='lat' dir='ltr'><strong>quod</strong></span> <span class='ocrx_word' id='word_1_145' title='bbox 1703 1567 1814 1616; x_wconf 91' lang='lat' dir='ltr'><strong>fieri</strong></span> <span class='ocrx_word' id='word_1_146' title='bbox 1861 1568 1960 1617; x_wconf 91' lang='lat' dir='ltr'><strong>iam</strong></span> <span class='ocrx_word' id='word_1_147' title='bbox 1993 1582 2094 1617; x_wconf 91' lang='lat' dir='ltr'><strong>non</strong></span> 
     </span>
     <span class='ocr_line' id='line_1_17' title="bbox 254 1658 2034 1727; baseline -0.002 -16"><span class='ocrx_word' id='word_1_148' title='bbox 254 1677 398 1727; x_wconf 88' lang='lat' dir='ltr'><strong>posse</strong></span> <span class='ocrx_word' id='word_1_149' title='bbox 434 1658 743 1716; x_wconf 86' lang='lat' dir='ltr'><strong>arbitrabar,</strong></span> <span class='ocrx_word' id='word_1_150' title='bbox 780 1666 929 1708; x_wconf 89' lang='lat' dir='ltr'><strong>tuum</strong></span> <span class='ocrx_word' id='word_1_151' title='bbox 963 1673 1182 1711; x_wconf 87' lang='lat' dir='ltr'><strong>amorem</strong></span> <span class='ocrx_word' id='word_1_152' title='bbox 1217 1671 1402 1724; x_wconf 80' lang='lat' dir='ltr'><strong>magno</strong></span> <span class='ocrx_word' id='word_1_153' title='bbox 1435 1658 1641 1716; x_wconf 85' lang='lat' dir='ltr'><strong>cumulo</strong></span> <span class='ocrx_word' id='word_1_154' title='bbox 1673 1665 2034 1714; x_wconf 81' lang='lat' dir='ltr'><strong>esseauetum.</strong></span> 
     </span>
    </p>
   </div>
   <div class='ocr_carea' id='block_1_3' title="bbox 255 1837 2146 3436">
    <p class='ocr_par' dir='ltr' id='par_1_3' title="bbox 255 1837 2146 3436">
     <span class='ocr_line' id='line_1_18' title="bbox 322 1837 2100 1905; baseline -0.001 -15"><span class='ocrx_word' id='word_1_155' title='bbox 322 1840 496 1890; x_wconf 87' lang='lat' dir='ltr'><strong>Altera</strong></span> <span class='ocrx_word' id='word_1_156' title='bbox 539 1837 743 1905; x_wconf 85' lang='lat' dir='ltr'><strong>gaudii,</strong></span> <span class='ocrx_word' id='word_1_157' title='bbox 777 1837 914 1902; x_wconf 89' lang='lat' dir='ltr'><strong>quod</strong></span> <span class='ocrx_word' id='word_1_158' title='bbox 957 1837 1100 1898; x_wconf 90' lang='lat' dir='ltr'><strong>dico,</strong></span> <span class='ocrx_word' id='word_1_159' title='bbox 1136 1852 1311 1888; x_wconf 82' lang='lat' dir='ltr'><strong>caussa</strong></span> <span class='ocrx_word' id='word_1_160' title='bbox 1346 1845 1423 1892; x_wconf 86' lang='lat' dir='ltr'><strong>est</strong></span> <span class='ocrx_word' id='word_1_161' title='bbox 1463 1837 1708 1903; x_wconf 60' lang='lat' dir='ltr'><strong>‘cogitatio</strong></span> <span class='ocrx_word' id='word_1_162' title='bbox 1753 1839 1860 1890; x_wconf 87' lang='lat' dir='ltr'><strong>fore</strong></span> <span class='ocrx_word' id='word_1_163' title='bbox 1912 1846 1972 1892; x_wconf 84' lang='lat' dir='ltr'><strong>ut</strong></span> <span class='ocrx_word' id='word_1_164' title='bbox 2005 1851 2061 1888; x_wconf 91' lang='lat' dir='ltr'><strong>ea</strong></span> <span class='ocrx_word' id='word_1_165' title='bbox 2087 1878 2100 1897; x_wconf 92' lang='lat'><em>,</em></span> 
     </span>
     <span class='ocr_line' id='line_1_19' title="bbox 255 1927 2146 1996; baseline -0.001 -16"><span class='ocrx_word' id='word_1_166' title='bbox 255 1946 386 1996; x_wconf 86' lang='lat' dir='ltr'><strong>quae</strong></span> <span class='ocrx_word' id='word_1_167' title='bbox 423 1929 629 1995; x_wconf 86' lang='lat' dir='ltr'><strong>scripsi,</strong></span> <span class='ocrx_word' id='word_1_168' title='bbox 676 1928 786 1977; x_wconf 92' lang='lat' dir='ltr'><strong>aliis</strong></span> <span class='ocrx_word' id='word_1_169' title='bbox 833 1928 1062 1983; x_wconf 90' lang='lat' dir='ltr'><strong>nonnihil</strong></span> <span class='ocrx_word' id='word_1_170' title='bbox 1098 1930 1288 1992; x_wconf 88' lang='lat' dir='ltr'><strong>possint</strong></span> <span class='ocrx_word' id='word_1_171' title='bbox 1321 1927 1581 1993; x_wconf 86' lang='lat' dir='ltr'><strong>prodesse,</strong></span> <span class='ocrx_word' id='word_1_172' title='bbox 1616 1929 1734 1993; x_wconf 81' lang='lat' dir='ltr'><strong>qui,</strong></span> <span class='ocrx_word' id='word_1_173' title='bbox 1782 1937 1840 1978; x_wconf 86' lang='lat' dir='ltr'><strong>ut</strong></span> <span class='ocrx_word' id='word_1_174' title='bbox 1871 1928 1947 1978; x_wconf 90' lang='lat' dir='ltr'><strong>Tu</strong></span> <span class='ocrx_word' id='word_1_175' title='bbox 1992 1929 2099 1978; x_wconf 85' lang='lat' dir='ltr'><strong>lau-</strong></span> <span class='ocrx_word' id='word_1_176' title='bbox 2132 1980 2146 1989; x_wconf 21' lang='lat'><strong>5</strong></span> 
     </span>
     <span class='ocr_line' id='line_1_20' title="bbox 258 2016 2100 2084; baseline 0 -16"><span class='ocrx_word' id='word_1_177' title='bbox 258 2019 494 2084; x_wconf 68' lang='lat' dir='ltr'><strong>&lt;labiliter</strong></span> <span class='ocrx_word' id='word_1_178' title='bbox 534 2018 656 2067; x_wconf 86' lang='lat' dir='ltr'><strong>sacis</strong></span> <span class='ocrx_word' id='word_1_179' title='bbox 676 2056 688 2077; x_wconf 91' lang='lat'>,</span> <span class='ocrx_word' id='word_1_180' title='bbox 723 2017 1012 2070; x_wconf 84' lang='lat' dir='ltr'><strong>etiamnunc</strong></span> <span class='ocrx_word' id='word_1_181' title='bbox 1041 2034 1141 2082; x_wconf 89' lang='lat' dir='ltr'><strong>qua</strong></span> <span class='ocrx_word' id='word_1_182' title='bbox 1183 2026 1348 2075; x_wconf 85' lang='lat' dir='ltr'><strong>aetate</strong></span> <span class='ocrx_word' id='word_1_183' title='bbox 1382 2016 1588 2067; x_wconf 87' lang='lat' dir='ltr'><strong>sordent</strong></span> <span class='ocrx_word' id='word_1_184' title='bbox 1621 2017 1727 2068; x_wconf 85' lang='lat' dir='ltr'><strong>fere</strong></span> <span class='ocrx_word' id='word_1_185' title='bbox 1773 2017 1951 2068; x_wconf 83' lang='lat' dir='ltr'><strong>Latine</strong></span> <span class='ocrx_word' id='word_1_186' title='bbox 1984 2018 2100 2072; x_wconf 89' lang='lat' dir='ltr'><strong>scri·</strong></span> 
     </span>
     <span class='ocr_line' id='line_1_21' title="bbox 257 2106 2101 2181; baseline 0.001 -23"><span class='ocrx_word' id='word_1_187' title='bbox 257 2118 343 2181; x_wconf 90' lang='lat' dir='ltr'><strong>pta</strong></span> <span class='ocrx_word' id='word_1_188' title='bbox 379 2117 431 2157; x_wconf 89' lang='lat' dir='ltr'><strong>et</strong></span> <span class='ocrx_word' id='word_1_189' title='bbox 467 2108 551 2163; x_wconf 81' lang='lat' dir='ltr'><strong>vix</strong></span> <span class='ocrx_word' id='word_1_190' title='bbox 593 2106 867 2171; x_wconf 86' lang='lat' dir='ltr'><strong>quidquam</strong></span> <span class='ocrx_word' id='word_1_191' title='bbox 902 2108 1065 2170; x_wconf 84' lang='lat' dir='ltr'><strong>placet</strong></span> <span class='ocrx_word' id='word_1_192' title='bbox 1098 2106 1195 2164; x_wconf 81' lang='lat' dir='ltr'><strong>nisi</strong></span> <span class='ocrx_word' id='word_1_193' title='bbox 1226 2106 1362 2170; x_wconf 87' lang='lat' dir='ltr'><strong>quod</strong></span> <span class='ocrx_word' id='word_1_194' title='bbox 1401 2106 1641 2165; x_wconf 75' lang='lat' dir='ltr'><strong>novitatis</strong></span> <span class='ocrx_word' id='word_1_195' title='bbox 1678 2116 1850 2169; x_wconf 80' lang='lat' dir='ltr'><strong>notam</strong></span> <span class='ocrx_word' id='word_1_196' title='bbox 1894 2123 2012 2173; x_wconf 86' lang='lat' dir='ltr'><strong>prae</strong></span> <span class='ocrx_word' id='word_1_197' title='bbox 2049 2123 2101 2159; x_wconf 80' lang='lat' dir='ltr'><strong>se</strong></span> 
     </span>
     <span class='ocr_line' id='line_1_22' title="bbox 257 2194 2100 2261; baseline -0.004 -12"><span class='ocrx_word' id='word_1_198' title='bbox 257 2200 387 2249; x_wconf 84' lang='lat' dir='ltr'><strong>ferat</strong></span> <span class='ocrx_word' id='word_1_199' title='bbox 408 2237 419 2259; x_wconf 90' lang='lat'>‚</span> <span class='ocrx_word' id='word_1_200' title='bbox 455 2197 778 2261; x_wconf 86' lang='lat' dir='ltr'><strong>antiquarum</strong></span> <span class='ocrx_word' id='word_1_201' title='bbox 815 2203 984 2243; x_wconf 88' lang='lat' dir='ltr'><strong>tamen</strong></span> <span class='ocrx_word' id='word_1_202' title='bbox 1018 2195 1306 2257; x_wconf 82' lang='lat' dir='ltr'><strong>litterarum</strong></span> <span class='ocrx_word' id='word_1_203' title='bbox 1345 2194 1514 2248; x_wconf 84' lang='lat' dir='ltr'><strong>studio</strong></span> <span class='ocrx_word' id='word_1_204' title='bbox 1549 2194 1800 2255; x_wconf 49' lang='lat' dir='ltr'><strong>honorem*</strong></span> <span class='ocrx_word' id='word_1_205' title='bbox 1830 2214 1979 2248; x_wconf 90' lang='lat' dir='ltr'><strong>suum</strong></span> <span class='ocrx_word' id='word_1_206' title='bbox 2013 2197 2100 2251; x_wconf 69' lang='lat' dir='ltr'><strong>ha,</strong></span> 
     </span>
     <span class='ocr_line' id='line_1_23' title="bbox 259 2284 2101 2352; baseline -0.001 -14"><span class='ocrx_word' id='word_1_207' title='bbox 259 2289 484 2339; x_wconf 89' lang='lat' dir='ltr'><strong>bendum</strong></span> <span class='ocrx_word' id='word_1_208' title='bbox 515 2302 623 2335; x_wconf 88' lang='lat' dir='ltr'><strong>esse</strong></span> <span class='ocrx_word' id='word_1_209' title='bbox 661 2284 967 2334; x_wconf 86' lang='lat' dir='ltr'><strong>existimant.</strong></span> <span class='ocrx_word' id='word_1_210' title='bbox 1038 2284 1183 2342; x_wconf 86' lang='lat' dir='ltr'><strong>Quod</strong></span> <span class='ocrx_word' id='word_1_211' title='bbox 1231 2294 1400 2334; x_wconf 91' lang='lat' dir='ltr'><strong>tamen</strong></span> <span class='ocrx_word' id='word_1_212' title='bbox 1434 2284 1505 2334; x_wconf 88' lang='lat' dir='ltr'><strong>ita</strong></span> <span class='ocrx_word' id='word_1_213' title='bbox 1541 2300 1568 2333; x_wconf 87' lang='lat' dir='ltr'><strong>a</strong></span> <span class='ocrx_word' id='word_1_214' title='bbox 1603 2301 1684 2341; x_wconf 87' lang='lat' dir='ltr'><strong>me</strong></span> <span class='ocrx_word' id='word_1_215' title='bbox 1719 2287 1911 2336; x_wconf 88' lang='lat' dir='ltr'><strong>dictum</strong></span> <span class='ocrx_word' id='word_1_216' title='bbox 1947 2286 2101 2352; x_wconf 90' lang='lat' dir='ltr'><strong>accipi</strong></span> 
     </span>
     <span class='ocr_line' id='line_1_24' title="bbox 258 2371 2101 2436; baseline -0.001 -9"><span class='ocrx_word' id='word_1_217' title='bbox 258 2378 436 2435; x_wconf 79' lang='lat' dir='ltr'><strong>velim,</strong></span> <span class='ocrx_word' id='word_1_218' title='bbox 473 2384 531 2425; x_wconf 92' lang='lat' dir='ltr'><strong>ut</strong></span> <span class='ocrx_word' id='word_1_219' title='bbox 567 2391 595 2423; x_wconf 90' lang='lat' dir='ltr'><strong>a</strong></span> <span class='ocrx_word' id='word_1_220' title='bbox 631 2371 934 2436; x_wconf 79' lang='lat' dir='ltr'><strong>Te-quidem</strong></span> <span class='ocrx_word' id='word_1_221' title='bbox 965 2374 1125 2424; x_wconf 91' lang='lat' dir='ltr'><strong>omnis</strong></span> <span class='ocrx_word' id='word_1_222' title='bbox 1154 2373 1342 2431; x_wconf 80' lang='lat' dir='ltr'><strong>invidia</strong></span> <span class='ocrx_word' id='word_1_223' title='bbox 1378 2373 1534 2434; x_wconf 85' lang='lat' dir='ltr'><strong>absit,</strong></span> <span class='ocrx_word' id='word_1_224' title='bbox 1567 2374 1620 2424; x_wconf 90' lang='lat' dir='ltr'><strong>in</strong></span> <span class='ocrx_word' id='word_1_225' title='bbox 1655 2392 1736 2435; x_wconf 85' lang='lat' dir='ltr'><strong>me</strong></span> <span class='ocrx_word' id='word_1_226' title='bbox 1773 2385 1944 2428; x_wconf 90' lang='lat' dir='ltr'><strong>autem</strong></span> <span class='ocrx_word' id='word_1_227' title='bbox 1978 2377 2101 2426; x_wconf 89' lang='lat' dir='ltr'><strong>reci·</strong></span> 
     </span>
     <span class='ocr_line' id='line_1_25' title="bbox 260 2462 2102 2531; baseline 0.001 -15"><span class='ocrx_word' id='word_1_228' title='bbox 260 2467 348 2527; x_wconf 80' lang='lat' dir='ltr'><strong>dat</strong></span> <span class='ocrx_word' id='word_1_229' title='bbox 383 2466 522 2515; x_wconf 91' lang='lat' dir='ltr'><strong>nulla</strong></span> <span class='ocrx_word' id='word_1_230' title='bbox 564 2463 875 2530; x_wconf 85' lang='lat' dir='ltr'><strong>gloriationis</strong></span> <span class='ocrx_word' id='word_1_231' title='bbox 911 2462 1142 2527; x_wconf 87' lang='lat' dir='ltr'><strong>suspicio.</strong></span> <span class='ocrx_word' id='word_1_232' title='bbox 1213 2462 1316 2514; x_wconf 89' lang='lat' dir='ltr'><strong>Nec</strong></span> <span class='ocrx_word' id='word_1_233' title='bbox 1351 2464 1485 2514; x_wconf 89' lang='lat' dir='ltr'><strong>enim</strong></span> <span class='ocrx_word' id='word_1_234' title='bbox 1520 2463 1597 2520; x_wconf 83' lang='lat' dir='ltr'><strong>Tu</strong></span> <span class='ocrx_word' id='word_1_235' title='bbox 1642 2466 1685 2522; x_wconf 87' lang='lat' dir='ltr'><strong>is</strong></span> <span class='ocrx_word' id='word_1_236' title='bbox 1718 2481 1799 2531; x_wconf 87' lang='lat' dir='ltr'><strong>es,</strong></span> <span class='ocrx_word' id='word_1_237' title='bbox 1847 2467 1934 2530; x_wconf 92' lang='lat' dir='ltr'><strong>qui</strong></span> <span class='ocrx_word' id='word_1_238' title='bbox 1974 2482 2102 2519; x_wconf 83' lang='lat' dir='ltr'><strong>nova</strong></span> 
     </span>
     <span class='ocr_line' id='line_1_26' title="bbox 263 2552 2105 2622; baseline -0.001 -16"><span class='ocrx_word' id='word_1_239' title='bbox 263 2572 497 2622; x_wconf 87' lang='lat' dir='ltr'><strong>spernere</strong></span> <span class='ocrx_word' id='word_1_240' title='bbox 549 2555 737 2610; x_wconf 88' lang='lat' dir='ltr'><strong>soleas,</strong></span> <span class='ocrx_word' id='word_1_241' title='bbox 786 2552 920 2616; x_wconf 89' lang='lat' dir='ltr'><strong>quod</strong></span> <span class='ocrx_word' id='word_1_242' title='bbox 969 2552 1203 2603; x_wconf 86' lang='lat' dir='ltr'><strong>dicantur</strong></span> <span class='ocrx_word' id='word_1_243' title='bbox 1254 2569 1362 2604; x_wconf 84' lang='lat' dir='ltr'><strong>esse</strong></span> <span class='ocrx_word' id='word_1_244' title='bbox 1407 2570 1566 2606; x_wconf 88' lang='lat' dir='ltr'><strong>nova:</strong></span> <span class='ocrx_word' id='word_1_245' title='bbox 1621 2555 1702 2615; x_wconf 82' lang='lat' dir='ltr'><strong>cui</strong></span> <span class='ocrx_word' id='word_1_246' title='bbox 1753 2555 1853 2611; x_wconf 86' lang='lat' dir='ltr'><strong>scio</strong></span> <span class='ocrx_word' id='word_1_247' title='bbox 1899 2555 2105 2619; x_wconf 88' lang='lat' dir='ltr'><strong>quaevis</strong></span> 
     </span>
     <span class='ocr_line' id='line_1_27' title="bbox 263 2622 2105 2710; baseline -0.001 -15"><span class='ocrx_word' id='word_1_248' title='bbox 263 2622 436 2707; x_wconf 69' lang='lat' dir='ltr'><strong>contra</strong></span> <span class='ocrx_word' id='word_1_249' title='bbox 472 2622 702 2710; x_wconf 69' lang='lat' dir='ltr'><strong>probari,</strong></span> <span class='ocrx_word' id='word_1_250' title='bbox 749 2658 875 2706; x_wconf 83' lang='lat' dir='ltr'><strong>quae</strong></span> <span class='ocrx_word' id='word_1_251' title='bbox 913 2641 1039 2690; x_wconf 91' lang='lat' dir='ltr'><strong>bona</strong></span> <span class='ocrx_word' id='word_1_252' title='bbox 1077 2643 1206 2700; x_wconf 90' lang='lat' dir='ltr'><strong>sint,</strong></span> <span class='ocrx_word' id='word_1_253' title='bbox 1244 2642 1348 2700; x_wconf 86' lang='lat' dir='ltr'><strong>sive</strong></span> <span class='ocrx_word' id='word_1_254' title='bbox 1395 2644 1751 2708; x_wconf 18' lang='lat' dir='ltr'><strong>antiqua-sive</strong></span> <span class='ocrx_word' id='word_1_255' title='bbox 1798 2660 1957 2704; x_wconf 86' lang='lat' dir='ltr'><strong>nova,</strong></span> <span class='ocrx_word' id='word_1_256' title='bbox 2004 2645 2105 2695; x_wconf 90' lang='lat' dir='ltr'><strong>sint</strong></span> 
     </span>
     <span class='ocr_line' id='line_1_28' title="bbox 263 2732 2104 2800; baseline -0.001 -16"><span class='ocrx_word' id='word_1_257' title='bbox 263 2735 390 2797; x_wconf 75' lang='lat' dir='ltr'><strong>llaec</strong></span> <span class='ocrx_word' id='word_1_258' title='bbox 436 2733 585 2782; x_wconf 90' lang='lat' dir='ltr'><strong>modo</strong></span> <span class='ocrx_word' id='word_1_259' title='bbox 631 2732 839 2790; x_wconf 83' lang='lat' dir='ltr'><strong>meliora</strong></span> <span class='ocrx_word' id='word_1_260' title='bbox 891 2732 1140 2796; x_wconf 89' lang='lat' dir='ltr'><strong>antiquis;</strong></span> <span class='ocrx_word' id='word_1_261' title='bbox 1190 2749 1284 2782; x_wconf 87' lang='lat' dir='ltr'><strong>nec</strong></span> <span class='ocrx_word' id='word_1_262' title='bbox 1325 2748 1418 2798; x_wconf 85' lang='lat' dir='ltr'><strong>ego</strong></span> <span class='ocrx_word' id='word_1_263' title='bbox 1461 2733 1507 2790; x_wconf 88' lang='lat' dir='ltr'><strong>is</strong></span> <span class='ocrx_word' id='word_1_264' title='bbox 1552 2749 1694 2795; x_wconf 84' lang='lat' dir='ltr'><strong>sum,</strong></span> <span class='ocrx_word' id='word_1_265' title='bbox 1732 2735 1818 2798; x_wconf 93' lang='lat' dir='ltr'><strong>qui</strong></span> <span class='ocrx_word' id='word_1_266' title='bbox 1863 2751 2104 2800; x_wconf 79' lang='lat' dir='ltr'><strong>magnum</strong></span> 
     </span>
     <span class='ocr_line' id='line_1_29' title="bbox 268 2821 2104 2890; baseline 0.002 -18"><span class='ocrx_word' id='word_1_267' title='bbox 268 2824 456 2888; x_wconf 78' lang='lat' dir='ltr'><strong>aliquid</strong></span> <span class='ocrx_word' id='word_1_268' title='bbox 499 2822 779 2890; x_wconf 85' lang='lat' dir='ltr'><strong>elaborasse</strong></span> <span class='ocrx_word' id='word_1_269' title='bbox 813 2821 938 2874; x_wconf 85' lang='lat' dir='ltr'><strong>mihi</strong></span> <span class='ocrx_word' id='word_1_270' title='bbox 968 2821 1154 2878; x_wconf 77' lang='lat' dir='ltr'><strong>videar.</strong></span> <span class='ocrx_word' id='word_1_271' title='bbox 1224 2822 1383 2877; x_wconf 86' lang='lat' dir='ltr'><strong>Immo</strong></span> <span class='ocrx_word' id='word_1_272' title='bbox 1417 2838 1567 2885; x_wconf 84' lang='lat' dir='ltr'><strong>vero,</strong></span> <span class='ocrx_word' id='word_1_273' title='bbox 1603 2824 1765 2873; x_wconf 88' lang='lat' dir='ltr'><strong>dicam</strong></span> <span class='ocrx_word' id='word_1_274' title='bbox 1802 2825 1935 2874; x_wconf 89' lang='lat' dir='ltr'><strong>enim</strong></span> <span class='ocrx_word' id='word_1_275' title='bbox 1970 2826 2104 2890; x_wconf 85' lang='lat' dir='ltr'><strong>quod</strong></span> 
     </span>
     <span class='ocr_line' id='line_1_30' title="bbox 269 2900 2103 2979; baseline 0 -17"><span class='ocrx_word' id='word_1_276' title='bbox 269 2913 458 2970; x_wconf 86' lang='lat' dir='ltr'><strong>sentio,</strong></span> <span class='ocrx_word' id='word_1_277' title='bbox 493 2900 618 2961; x_wconf 82' lang='lat' dir='ltr'><strong>mibi</strong></span> <span class='ocrx_word' id='word_1_278' title='bbox 654 2912 856 2976; x_wconf 90' lang='lat' dir='ltr'><strong>quidem</strong></span> <span class='ocrx_word' id='word_1_279' title='bbox 894 2911 1014 2960; x_wconf 88' lang='lat' dir='ltr'><strong>satis</strong></span> <span class='ocrx_word' id='word_1_280' title='bbox 1048 2912 1146 2960; x_wconf 88' lang='lat' dir='ltr'><strong>erit</strong></span> <span class='ocrx_word' id='word_1_281' title='bbox 1183 2920 1234 2961; x_wconf 86' lang='lat' dir='ltr'><strong>et</strong></span> <span class='ocrx_word' id='word_1_282' title='bbox 1268 2912 1348 2961; x_wconf 88' lang='lat' dir='ltr'><strong>vel</strong></span> <span class='ocrx_word' id='word_1_283' title='bbox 1385 2912 1695 2976; x_wconf 84' lang='lat' dir='ltr'><strong>uberrimum</strong></span> <span class='ocrx_word' id='word_1_284' title='bbox 1744 2930 1922 2979; x_wconf 88' lang='lat' dir='ltr'><strong>operae</strong></span> <span class='ocrx_word' id='word_1_285' title='bbox 1957 2931 2103 2966; x_wconf 87' lang='lat' dir='ltr'><strong>nava-.-</strong></span> 
     </span>
     <span class='ocr_line' id='line_1_31' title="bbox 268 2997 2102 3070; baseline 0.003 -20"><span class='ocrx_word' id='word_1_286' title='bbox 268 3013 349 3056; x_wconf 81' lang='lat' dir='ltr'><strong>tae</strong></span> <span class='ocrx_word' id='word_1_287' title='bbox 387 2997 618 3051; x_wconf 53' lang='lat' dir='ltr'><strong>⁴fructum</strong></span> <span class='ocrx_word' id='word_1_288' title='bbox 663 3001 787 3058; x_wconf 84' lang='lat' dir='ltr'><strong>mihi</strong></span> <span class='ocrx_word' id='word_1_289' title='bbox 834 3002 1021 3066; x_wconf 91' lang='lat' dir='ltr'><strong>cepisse</strong></span> <span class='ocrx_word' id='word_1_290' title='bbox 1057 3002 1295 3062; x_wconf 83' lang='lat' dir='ltr'><strong>videbor,</strong></span> <span class='ocrx_word' id='word_1_291' title='bbox 1349 3003 1389 3051; x_wconf 92' lang='lat' dir='ltr'><strong>si</strong></span> <span class='ocrx_word' id='word_1_292' title='bbox 1436 3004 1825 3070; x_wconf 86' lang='lat' dir='ltr'><strong>quoticuiusque</strong></span> <span class='ocrx_word' id='word_1_293' title='bbox 1877 3006 2102 3063; x_wconf 85' lang='lat' dir='ltr'><strong>studium</strong></span> 
     </span>
     <span class='ocr_line' id='line_1_32' title="bbox 270 3090 2101 3165; baseline 0.002 -25"><span class='ocrx_word' id='word_1_294' title='bbox 270 3092 555 3165; x_wconf 78' lang='lat' dir='ltr'><strong>excitavero</strong></span> <span class='ocrx_word' id='word_1_295' title='bbox 586 3090 647 3138; x_wconf 88' lang='lat' dir='ltr'><strong>ad</strong></span> <span class='ocrx_word' id='word_1_296' title='bbox 682 3090 952 3157; x_wconf 82' lang='lat' dir='ltr'><strong>legendum</strong></span> <span class='ocrx_word' id='word_1_297' title='bbox 987 3098 1039 3139; x_wconf 90' lang='lat' dir='ltr'><strong>et</strong></span> <span class='ocrx_word' id='word_1_298' title='bbox 1073 3092 1421 3141; x_wconf 86' lang='lat' dir='ltr'><strong>meditandum</strong></span> <span class='ocrx_word' id='word_1_299' title='bbox 1444 3110 1518 3155; x_wconf 35' lang='lat' dir='ltr'><strong>:ea</strong></span> <span class='ocrx_word' id='word_1_300' title='bbox 1551 3095 1939 3159; x_wconf 88' lang='lat' dir='ltr'><strong>praeclarissima</strong></span> <span class='ocrx_word' id='word_1_301' title='bbox 1976 3096 2101 3144; x_wconf 85' lang='lat' dir='ltr'><strong>anti-</strong></span> 
     </span>
     <span class='ocr_line' id='line_1_33' title="bbox 268 3181 2100 3254; baseline 0 -24"><span class='ocrx_word' id='word_1_302' title='bbox 268 3181 480 3254; x_wconf 72' lang='lat' dir='ltr'><strong>quitatis</strong></span> <span class='ocrx_word' id='word_1_303' title='bbox 524 3190 876 3240; x_wconf 82' lang='lat' dir='ltr'><strong>monumenta,</strong></span> <span class='ocrx_word' id='word_1_304' title='bbox 911 3196 1039 3244; x_wconf 86' lang='lat' dir='ltr'><strong>quae</strong></span> <span class='ocrx_word' id='word_1_305' title='bbox 1082 3197 1180 3230; x_wconf 90' lang='lat' dir='ltr'><strong>non</strong></span> <span class='ocrx_word' id='word_1_306' title='bbox 1225 3191 1423 3232; x_wconf 89' lang='lat' dir='ltr'><strong>tantum</strong></span> <span class='ocrx_word' id='word_1_307' title='bbox 1459 3183 1661 3248; x_wconf 83' lang='lat' dir='ltr'><strong>linguae</strong></span> <span class='ocrx_word' id='word_1_308' title='bbox 1696 3185 1881 3234; x_wconf 89' lang='lat' dir='ltr'><strong>latinae</strong></span> <span class='ocrx_word' id='word_1_309' title='bbox 1916 3194 1968 3234; x_wconf 92' lang='lat' dir='ltr'><strong>et</strong></span> <span class='ocrx_word' id='word_1_310' title='bbox 2003 3186 2100 3234; x_wconf 60' lang='lat' dir='ltr'><strong>elo÷</strong></span> 
     </span>
     <span class='ocr_line' id='line_1_34' title="bbox 270 3270 2100 3344; baseline 0.001 -26"><span class='ocrx_word' id='word_1_311' title='bbox 270 3270 537 3344; x_wconf 79' lang='lat' dir='ltr'><strong>quentiae,</strong></span> <span class='ocrx_word' id='word_1_312' title='bbox 574 3285 748 3319; x_wconf 88' lang='lat' dir='ltr'><strong>verum</strong></span> <span class='ocrx_word' id='word_1_313' title='bbox 779 3270 931 3319; x_wconf 88' lang='lat' dir='ltr'><strong>etiam</strong></span> <span class='ocrx_word' id='word_1_314' title='bbox 976 3285 1147 3320; x_wconf 86' lang='lat' dir='ltr'><strong>rerum</strong></span> <span class='ocrx_word' id='word_1_315' title='bbox 1182 3271 1622 3322; x_wconf 88' lang='lat' dir='ltr'><strong>innumerabilium</strong></span> <span class='ocrx_word' id='word_1_316' title='bbox 1659 3273 1881 3324; x_wconf 88' lang='lat' dir='ltr'><strong>thesauri</strong></span> <span class='ocrx_word' id='word_1_317' title='bbox 1916 3275 2100 3325; x_wconf 64' lang='lat' dir='ltr'><strong>haben,</strong></span> 
     </span>
     <span class='ocr_line' id='line_1_35' title="bbox 270 3359 2100 3436; baseline 0.002 -26"><span class='ocrx_word' id='word_1_318' title='bbox 270 3371 356 3426; x_wconf 59' lang='lat' dir='ltr'><strong>tur</strong></span> <span class='ocrx_word' id='word_1_319' title='bbox 390 3359 743 3436; x_wconf 82' lang='lat' dir='ltr'><strong>copiosissimi,</strong></span> <span class='ocrx_word' id='word_1_320' title='bbox 790 3369 842 3417; x_wconf 82' lang='lat' dir='ltr'><strong>et</strong></span> <span class='ocrx_word' id='word_1_321' title='bbox 877 3375 1091 3428; x_wconf 86' lang='lat' dir='ltr'><strong>quorum</strong></span> <span class='ocrx_word' id='word_1_322' title='bbox 1139 3361 1364 3429; x_wconf 81' lang='lat' dir='ltr'><strong>studium</strong></span> <span class='ocrx_word' id='word_1_323' title='bbox 1412 3363 1781 3431; x_wconf 82' lang='lat' dir='ltr'><strong>Quintilianus,</strong></span> <span class='ocrx_word' id='word_1_324' title='bbox 1827 3364 1982 3433; x_wconf 41' lang='lat' dir='ltr'><strong>iudex</strong></span> <span class='ocrx_word' id='word_1_325' title='bbox 2029 3382 2100 3423; x_wconf 67' lang='lat' dir='ltr'><strong>sa÷</strong></span> 
     </span>
    </p>
   </div>
  </div>
 </body>
</html>
