2210 3970
733 231 965 271 Annus
1023 233 1068 270 υ.
1121 232 1165 270 c.
1223 218 1349 271 705.
1859 220 1964 271 725

206 365 269 442 (⁰)
313 365 372 420 A.
417 363 468 421 d.
517 381 639 418 xvii.
680 362 793 417 Kal.
836 362 1017 429 Quint.
1067 361 1166 434 [:.-..
1199 365 1265 415 14
1304 360 1445 415 lunii
1489 362 1595 415 705
1636 382 1693 411 z
1734 364 1799 415 13
1843 361 1965 414 Maii

125 471 192 525 51
235 482 286 525 a.
312 467 393 539 C.]
439 466 654 521 Actium
689 471 742 519 et
782 463 966 518 decem
1007 461 1196 517 diebus
1228 468 1346 534 post
1385 461 1533 516 venit
1580 459 1833 515 Athenas.
1875 477 1964 515 vn.

130 585 176 625 0.
214 572 265 624 4.
306 572 392 622 11.
435 570 557 621 (5.5.
600 569 687 623 12.

205 691 268 768 (⁹)
311 690 535 748 Athenis
586 706 754 762 quum
809 689 991 744 decem
1049 689 1191 761 ipsos
1246 687 1359 742 dies
1411 686 1631 750 fuisset,
1696 686 1967 758 profectus

127 791 251 850 inde
298 792 469 866 pridie
506 791 682 846 Nonas
722 791 903 858 Quint.
957 790 1050 863 [z
1090 793 1123 843 6
1167 789 1352 856 Quint.
1401 787 1566 862 (Iulii)
1609 808 1677 839 =
1729 792 1759 842 3
1797 787 1962 859 lunii]

125 892 193 949 ad
241 893 341 949 Ceo
371 892 515 948 venit
544 908 590 946 a.
622 890 674 947 d.
702 908 808 944 vin.
839 890 965 944 Idus
1001 890 1097 961 [-.-
1121 894 1154 945 8
1186 889 1370 956 Quint.
1397 908 1456 940 =
1482 893 1514 942 ὅ
1545 887 1708 961 Iunii]
1730 930 1743 952 ,
1775 886 1968 943 deinde

127 993 401 1068 Gyarum,
447 992 710 1065 Scyrum,
751 989 974 1054 Delum,
1016 989 1247 1062 denique
1282 988 1553 1061 Ephesum
1590 1006 1636 1043 3.
1661 987 1710 1042 d.
1736 1006 1805 1044 xi.
1849 986 1964 1042 Kal.

126 1092 269 1151 Sext.
335 1092 430 1166 [z
473 1093 542 1145 22
585 1090 769 1158 Quint.
813 1088 980 1164 (Iul.)
1037 1109 1111 1141 =
1174 1093 1242 1144 19
1287 1089 1476 1163 Iunii].
1525 1106 1613 1143 vn.
1670 1106 1719 1146 0.
1765 1094 1818 1144 ὅ.
1876 1091 1965 1143 14.

22 1200 34 1224 ”
125 1211 170 1251 C.
196 1197 247 1250 6.
300 1197 383 1248 15.

28 1296 30 1298 ’
141 1287 144 1293 ’
185 1293 278 1340 Cic.
310 1291 361 1339 ad
393 1295 444 1337 M.
475 1290 671 1336 Caelium
703 1291 775 1350 (ad
797 1294 986 1336 Fam-11.
1007 1294 1047 1335 8.
1068 1293 1132 1350 3.)
1165 1290 1263 1351 Ego
1292 1306 1428 1350 quum
1454 1287 1641 1332 Athenis
1674 1287 1818 1332 decem
1847 1288 1970 1349 ipsos

28 1414 29 1419 ,
125 1370 222 1417 ἀίω
239 1371 473 1433 fuissem,
507 1397 565 1404 —
596 1368 916 1431 proficiscebar
943 1368 1045 1412 inde
1066 1367 1219 1429 pridie
1252 1368 1398 1410 Nonas
1435 1365 1685 1424 Quintiles,
1718 1382 1855 1426 quum
1889 1365 1968 1411 Ιιοσ

124 1449 188 1516 qd
213 1457 256 1496 le
284 1450 540 1495 litterarum
568 1446 681 1492 dedi.
732 1446 786 1491 ad
814 1452 908 1492 Att.
939 1459 980 1491 v.
1007 1450 1078 1491 13.
1104 1450 1150 1490 1.
1179 1444 1410 1505 Ephesum
1431 1443 1631 1486 venimus
1658 1460 1698 1487 a.
1717 1442 1764 1487 d.
1783 1442 1968 1488 xt.KaI.

27 1523 34 1546 ³
123 1529 248 1593 Sext.
289 1527 564 1591 sexagesimo
597 1532 639 1570 et
680 1524 1033 1587 quingentesimo
1069 1529 1178 1584 post
1205 1537 1405 1583 pugnam
1445 1518 1725 1565 Bovillanum
1760 1524 1822 1579 (v.
1850 1521 1904 1567 ad
1927 1538 1968 1567 a.

125 1607 229 1652 702.
265 1609 346 1667 22).

201 1709 290 1784 (¹⁰)
331 1707 542 1781 Epheso
597 1704 901 1780 prosectuS,
956 1703 1047 1758 ubi
1098 1702 1344 1756 triduum
1398 1707 1761 1756 commoratus
1809 1709 1963 1768 erat,

20 1838 25 1846 „
125 1810 331 1867 Tralles
370 1811 517 1866 venit
555 1826 604 1866 a.
649 1807 702 1863 d.
757 1824 825 1861 vi.
869 1804 984 1861 Kal.
1031 1804 1174 1860 Sext.
1225 1803 1323 1877 [=
1362 1806 1429 1858 27
1474 1803 1659 1871 Quint.
1708 1802 1853 1876 (Iul.)
1894 1822 1970 1855 =

125 1914 194 1967 24
228 1910 431 1984 Iunii],
469 1910 559 1966 uhi
594 1914 809 1983 praesto
850 1906 953 1963 suit
1012 1906 1068 1961 L.
1109 1905 1348 1961 Lucilius
1384 1922 1509 1960 cum
1551 1905 1748 1960 litteris
1789 1905 1967 1978 Appii.

16 2035 29 2078 χ.
120 2027 212 2071 vn.
247 2029 293 2068 c.
316 2016 367 2068 6.
407 2015 494 2069 115.
534 2028 581 2067 e.
607 2013 770 2066 8.19.

20 2182 32 2220 :2
199 2137 286 2213 (¹¹)
332 2135 570 2192 Tandem
612 2133 959 2197 Laodiceam,
1002 2132 1233 2203 primam
1273 2131 1580 2203 provinciae
1615 2129 1841 2195 urbem,
1880 2146 1967 2187 ve·

27 2223 29 2225 ,
119 2239 202 2294 nit
262 2237 436 2311 pridie
477 2235 743 2292 Kalendas
786 2233 1013 2288 Sextiles
1077 2232 1174 2306 [·-.-.
1211 2237 1276 2287 51
1331 2232 1513 2299 Quint.
1559 2231 1702 2306 (lul.)
1750 2235 1854 2287 703
1896 2249 1965 2283 =

19 2340 34 2354 ⁵
124 2343 195 2396 28
228 2338 373 2394 Iunii
419 2342 478 2393 51
521 2354 567 2392 a.
592 2335 699 2409 C.].
740 2352 834 2392 vu.
870 2352 920 2392 0.
946 2338 998 2389 8.
1036 2337 1124 2388 20.
1167 2350 1214 2388 0.
1240 2337 1295 2389 9.
1339 2335 1428 2387 22.
1471 2349 1519 2388 0.
1549 2337 1632 2386 11.
1675 2336 1765 2387 55.
1800 2335 1963 2388 0.18.

123 2442 211 2495 47.
250 2442 410 2495 e.28.
455 2442 547 2494 76.

196 2564 283 2640 (¹²)
327 2564 504 2632 Quum
532 2562 824 2619 Laodiceae
857 2562 987 2616 etin
1024 2558 1143 2615 aliis
1171 2558 1380 2630 oppidis
1410 2558 1614 2630 aliquot
1644 2558 1757 2614 dies
1792 2576 1967 2615 mora·

21 2660 29 2670 ’
118 2670 273 2723 retur
304 2669 365 2719 ut
399 2663 623 2718 vulnera
660 2669 903 2727 sanaret,
941 2678 1078 2733 quae
1101 2661 1327 2715 miserae.
1367 2660 1672 2731 provinciae
1712 2661 1966 2732 imposita

120 2770 274 2820 erant
296 2764 360 2819 ab
376 2763 508 2837 App.
523 2762 762 2827 Claudio,
787 2763 970 2818 Cicero
992 2769 1044 2817 et
1065 2761 1130 2815 ob
1148 2761 1247 2815 hoc
1270 2759 1589 2815 beneficium
1612 2769 1665 2815 et
1681 2767 1966 2833 propterea

20 2886 33 2937 ᾖ
122 2864 263 2939 quod
305 2881 365 2919 ea
398 2865 573 2918 omnia
609 2863 943 2927 observaret,
987 2878 1123 2933 quae
1160 2861 1274 2932 lege
1307 2860 1444 2915 Iulia
1475 2861 1546 2934 (v.
1573 2861 1640 2915 ad
1661 2878 1708 2915 a.
1731 2865 1859 2917 695.
1886 2862 1962 2935 6.)

121 2972 277 3023 erant
319 2964 683 3037 praescripta,
737 2962 1062 3018 mirabiliter
1117 2961 1313 3032 ubique
1361 2962 1438 3015 ita
1486 2968 1739 3033 acceptus
1784 2968 1866 3017 est
1904 2952 1966 3018 ut

124 3067 258 3122 nihil
309 3071 489 3140 'posset
529 3081 645 3120 esse
697 3065 1017 3136 exoptatius
1074 3080 1165 3120 vn.
1210 3079 1254 3117 0.
1290 3066 1344 3119 8.
1390 3065 1478 3116 20.
1518 3079 1564 3117 c.
1602 3066 1656 3118 9.
1701 3065 1771 3116 22
1795 3079 1873 3135 sq.
1914 3076 1966 3119 e,

128 3171 213 3224 12.
258 3171 348 3224 56.

187 3268 272 3315 cic.
310 3267 366 3315 ad
401 3271 494 3314 Att.
535 3281 579 3312 v.
611 3271 691 3315 15.
723 3270 764 3312 2.
814 3267 1030 3325 Quaeris,
1085 3266 1197 3327 qnid
1234 3266 1303 3309 hic
1341 3265 1517 3326 agam?
1591 3265 1871 3322 staminum,
1914 3272 1967 3310 at

124 3347 344 3393 maximos
371 3353 578 3408 sumptus
602 3346 749 3406 facio.
814 3345 1011 3407 Mirifice
1044 3343 1238 3388 delector
1270 3343 1348 3387 Ιιοσ
1380 3343 1607 3387 instituto.
1673 3342 1966 3387 Admirabilis

126 3424 398 3473 abstinentia
426 3443 482 3470 ex
508 3425 763 3487 praeceptis
803 3425 928 3468 tuis:
971 3430 1021 3466 ut
1048 3439 1219 3473 verear,
1266 3438 1319 3466 ne
1351 3419 1493 3477 illud,
1537 3420 1658 3481 quod
1692 3429 1835 3466 tecum
1859 3438 1964 3482 per-

127 3504 298 3550 mutavi
339 3521 523 3550 versum
572 3504 684 3549 milti
718 3502 968 3548 solvendum
1010 3502 1085 3546 sit.
1149 3500 1286 3561 Appii
1320 3499 1502 3545 vulnera
1537 3516 1624 3545 non
1658 3500 1825 3559 refrico
1842 3518 1856 3545 :
1888 3499 1969 3544 sed
