2150 3990
391 191 444 247 L.
470 192 558 248 111,
601 209 645 246 c.
671 193 827 252 xxx.
871 191 910 264 5
936 197 1005 250 95
1045 221 1118 232 -
1158 192 1410 248 0.xxx1.
1455 194 1494 267 §
1519 199 1604 248 96.
1818 198 1920 250 ηε

115 347 261 399 tanta
307 357 427 407 res,
487 349 597 399 tam
642 340 917 402 dementer
975 341 1179 400 credita
1217 349 1269 399 et
1315 343 1514 413 ignotis
1549 350 1606 399 et
1649 341 1925 409 barbam,

112 443 531 516 commissaeque
560 443 772 500 litterae
802 458 1096 515 numquam
1123 450 1300 500 essent
1332 443 1598 516 profecto,
1633 444 1736 499 nisi
1770 460 1800 497 a
1823 443 1926 497 diis

113 543 503 600 immortalibus
536 544 664 601 huic
692 550 876 601 tantae
905 543 1159 601 audaciae
1186 545 1468 600 consilium
1492 551 1631 601 esset
1663 550 1924 617 ereptum.

111 641 250 711 Quid
290 643 447 719 vero?
492 649 550 699 ut
583 644 826 701 homines
855 645 989 702 Galli
1017 662 1082 700 ex
1114 646 1334 701 civitate
1366 646 1504 701 male
1536 652 1752 718 pacata,
1792 661 1929 717 quae

109 759 240 814 gens
259 758 366 798 una
386 743 646 810 restabat,
667 762 803 818 quae
822 745 1014 820 populo
1034 746 1270 801 Romano
1290 745 1488 801 bellum
1510 744 1684 801 facere
1703 751 1758 800 et
1777 761 1929 817 posse

0 874 2 922 3
108 849 163 899 et
194 858 300 899 non
332 842 470 901 nolle
500 843 797 912 videretur,
837 862 987 920 spem
1025 845 1239 917 imperii
1270 849 1325 900 et
1363 860 1547 900 rerum
1573 844 1926 917 amplissima·

109 958 231 998 rum
273 941 414 997 ultro
453 942 555 999 sibi
590 960 622 999 a
655 945 898 1016 patriciis
935 945 1243 1002 hominibus
1279 944 1511 1001 oblatam
1564 944 1929 1018 negligerent,

110 1049 453 1116 nostramque
484 1044 713 1101 salutem
746 1047 860 1102 suis
894 1046 1083 1119 opibus
1109 1053 1524 1119 anteponerent:
1568 1046 1621 1101 id
1655 1062 1760 1102 non
1798 1045 1929 1100 divi-

113 1145 259 1199 nit'us
292 1142 496 1202 sactum
527 1162 651 1202 esse.
670 1147 958 1219 putamus?
1001 1148 1315 1220 praesertim
1337 1148 1430 1219 qui
1451 1165 1547 1203 nos
1567 1164 1672 1203 non
1692 1162 1931 1219 pugnan-

6 1278 7 1301 1
112 1243 177 1299 do
197 1285 212 1309 ,
250 1243 343 1300 sed
377 1244 600 1318 tacendo
632 1260 886 1317 superare
919 1246 1246 1317 potuerunt?

7 1508 9 1542 ἒ
188 1443 375 1503 XXXI.
417 1447 507 1502 95.
549 1443 695 1513 Quo¹
749 1444 913 1499 etiam
954 1445 1156 1501 maiore
1180 1453 1334 1501 erant
1372 1446 1462 1501 isti
1495 1445 1616 1501 odio
1649 1443 1933 1517 supplicio·

9 1568 10 1571 ¹
110 1561 213 1619 que
252 1545 430 1618 digni,
468 1545 575 1619 qui
616 1558 723 1601 non
763 1544 937 1601 solum
985 1544 1264 1602 hominum
1316 1546 1605 1603 domiciliis
1647 1554 1808 1618 atque
1858 1553 1932 1601 te·

110 1647 242 1712 ctiS,
281 1645 374 1705 sed
407 1645 570 1703 etiam
589 1644 815 1702 deorum
842 1645 1058 1719 templis
1083 1653 1246 1719 atque
1277 1646 1515 1703 delubris
1541 1654 1669 1702 sunt
1696 1645 1934 1702 funestos

111 1763 173 1802 ac
207 1745 448 1805 nefarios!
463 1746 616 1820 ignes
643 1745 841 1802 inferre
868 1747 1064 1802 eonati.
1142 1746 1350 1815 Quibus
1369 1764 1467 1818 ego
1486 1748 1533 1802 si
1559 1763 1647 1803 me
1671 1748 1934 1803 restitisse

111 1846 322 1913 dicam,
362 1847 594 1905 nimium
629 1846 764 1905 mihi
803 1862 1015 1904 sumam
1038 1889 1052 1912 ,
1091 1853 1145 1904 et
1184 1864 1289 1903 non
1329 1848 1434 1903 sim
1467 1846 1735 1903 serendus.
1812 1847 1935 1912 Ille,

13 2030 15 2041 Ι
91 1945 199 2006 ·ἰΙΙθ
231 1945 470 2020 luppiter
500 1947 729 2003 restitit:
772 1946 860 2003 ille
893 1947 1243 2020 Capitolium,
1283 1948 1372 2004 ille
1406 1947 1537 2004 baec
1575 1947 1807 2021 templa,
1849 1947 1935 2003 ille

114 2046 251 2103 hanc
290 2047 507 2112 urbem,
547 2046 637 2105 ille
669 2048 815 2104 cives
846 2063 1030 2105 omnes
1074 2049 1248 2105 salvos
1285 2067 1401 2106 csse
1435 2050 1618 2104 voluit.
1654 2087 1658 2097 .
1697 2050 1812 2105 Diis
1839 2066 1936 2120 ego

116 2133 509 2205 immortalibus
537 2147 766 2205 ducibus
800 2148 938 2205 hanc
972 2156 1209 2205 mentem
1229 2149 1665 2221 voluntatemque
1694 2150 1937 2221 suscepi,

115 2254 276 2320 atque
314 2246 378 2305 ad
412 2246 545 2303 haee
570 2254 720 2303 tanta
754 2248 954 2304 indicia
985 2251 1220 2322 perveni.
1302 2253 1389 2305 96.
1431 2250 1535 2305 Et²
1568 2249 1795 2305 libenter
1821 2251 1935 2321 qui·

117 2346 238 2403 dem
277 2362 471 2409 versus
513 2347 764 2412 memini,
815 2365 950 2420 quos
988 2350 1044 2405 in
1090 2349 1325 2405 secundo
1371 2350 1689 2406 Consulatus
1741 2351 1935 2405 Urania

118 2450 264 2505 Musa
303 2447 641 2522 pronuntiat:

342 2649 534 2709 Omnia
570 2650 679 2706 iam
718 2666 904 2706 cernes
942 2650 1125 2706 divina
1163 2658 1343 2707 mente
1376 2658 1573 2706 notata.

267 2750 399 2809 Nam
424 2751 670 2822 primum
701 2757 969 2807 astrorum
1009 2751 1252 2806 volucres
1272 2793 1287 2815 ,
1327 2758 1380 2806 te
1420 2751 1668 2815 consule,
1706 2759 1884 2807 motus

255 2867 669 2923 ‚concursusque
700 2869 890 2924 graves
923 2852 1200 2908 stellarum
1233 2852 1422 2907 ardore
1454 2854 1718 2908 micantes

263 2952 452 3029 xvidisti
479 2959 534 3009 et
564 2952 708 3009 claro
743 2953 1001 3008 tremulos
1032 2953 1223 3009 ardore
1254 2960 1516 3017 cometaS,

271 3054 546 3126 multaque
586 3054 801 3110 misceri
842 3061 1106 3111 nocturna
1144 3062 1325 3126 strage
1351 3056 1569 3126 putasti,

274 3154 389 3210 lam
418 3171 542 3210 vero
569 3155 772 3219 variae,
812 3161 1075 3210 nocturno
1105 3161 1343 3229 tempore
1374 3155 1548 3218 visae,

270 3257 535 3313 terribiles
569 3256 769 3312 formae
797 3256 992 3313 bellum
1028 3265 1311 3328 motusque
1344 3256 1655 3310 monebant:

189 3502 227 3557 ¹)
259 3498 362 3546 ibid.
394 3517 428 3547 e.
458 3504 498 3548 9.
535 3502 649 3557 §22
685 3527 741 3536 -
773 3505 812 3560 ²)
842 3502 895 3546 de
930 3501 1115 3548 Divinat.
1150 3504 1182 3546 1.
1218 3504 1342 3548 c.11.
1369 3503 1483 3560 §172
