2210 3970
794 234 1002 273 Annus
1051 234 1099 272 υ.
1147 235 1192 271 ο.
1251 218 1379 274 667.
1900 220 2007 271 555

172 434 303 489 iussu
334 443 497 490 Cinnae
525 441 795 501 interfectus
819 448 899 487 est.
963 442 1013 486 M
1017 457 1109 487 eru
1121 441 1173 486 la
1199 450 1348 487 autem
1379 467 1439 477 —-
1471 439 1630 485 incisis
1659 439 1783 484 venis
1799 471 1812 494 ‚
1845 453 1999 500 super·

162 512 368 583 fusoque
405 520 628 567 altaribus
657 521 873 582 sanguine
903 545 964 555 —
994 519 1157 581 optime
1194 517 1248 563 de
1279 518 1507 580 republica
1533 518 1743 563 meritum
1786 518 2000 579 spiritum

172 597 380 645 reddidit.
442 601 501 644 M.
537 598 830 666 Antonius,
855 597 1067 659 princeps
1095 596 1298 642 civitatis
1331 604 1466 658 atque
1496 594 1801 655 eloquentiae,
1829 592 2002 658 gladiis

171 676 391 743 militum,
424 689 535 737 quos
558 675 682 736 ipsos
703 674 931 733 facundia
953 690 1038 720 sua
1061 682 1262 720 moratus
1287 681 1407 731 erat,
1436 674 1568 719 iussu
1590 674 1729 717 Marii
1753 674 2002 734 Ginnaeque

170 740 407 813 consonus
438 759 518 798 est.
586 752 636 811 Q.
667 753 925 810 Catulus,
971 760 1016 798 et
1057 751 1252 798 aliarum
1296 751 1515 796 virtutum
1556 758 1601 796 et
1642 750 1749 796 belli
1794 751 2002 796 Cimbrici

164 829 342 893 gloria,
382 846 495 892 quae
526 829 602 875 illi
632 847 730 875 cum
760 832 904 876 Mario
935 830 1178 876 communis
1197 828 1392 889 suerat,
1433 828 1762 887 celeberrimus,
1794 855 1853 864 —
1886 845 2002 873 mor·

152 914 258 953 ‘tem
295 908 440 970 magis
470 915 602 965 voto,
643 925 775 969 quam
806 909 992 955 arbitrio
1023 908 1303 974 inimicorum
1332 906 1456 952 obiit.
1520 905 1637 952 Conf.
1671 907 1852 968 Appian.
1884 908 1931 950 B.
1952 907 1998 950 C.

170 997 201 1030 Ι.
237 1000 272 1031 c.
302 987 498 1031 85—74.
555 986 771 1031 Plutarch.
805 990 905 1033 Mar.
936 1002 973 1033 c.
1000 989 1196 1032 41—44.
1239 967 1380 1031 'Sulla
1410 985 1928 1032 c.10.1)iodor.1.1.
1955 1001 2000 1046 Ρ.

167 1064 426 1108 202-204.
481 1064 603 1108 Oros.
637 1076 680 1109 v.
713 1079 749 1109 c.
770 1066 841 1109 19.
901 1063 1048 1110 Aut-el.
1082 1065 1239 1109 Victor.
1270 1063 1323 1109 de
1355 1062 1442 1108 Vir.
1474 1062 1540 1109 ill.
1567 1078 1605 1108 c.
1624 1065 1696 1109 69.
1746 1062 1899 1108 Florus
1922 1074 1996 1107 ιιι

167 1155 204 1185 e.
232 1142 306 1187 21.
340 1142 504 1187 9—17.
545 1143 723 1203 Eutrop.
758 1154 802 1188 v.
826 1157 866 1188 o.
887 1145 927 1188 7.
960 1141 1101 1188 Schol.
1133 1146 1263 1188 Gran.
1295 1141 1350 1189 ad
1381 1139 1508 1188 Catil.
1541 1159 1582 1205 p.
1609 1145 1714 1188 410.
1760 1141 1845 1187 eie.
1873 1143 2001 1186 Taso.

168 1230 212 1263 v.
246 1234 283 1263 c.
302 1221 374 1264 19.
409 1223 482 1265 55.
514 1219 568 1265 de
589 1223 710 1266 Orat.
736 1234 807 1266 111.
835 1236 871 1266 c.
890 1225 931 1266 3.
957 1223 998 1265 9.
1050 1219 1189 1266 Valet.
1222 1224 1327 1266 Max.
1361 1232 1468 1265 vm.
1498 1234 1535 1264 c.
1554 1221 1597 1264 9.
1630 1221 1673 1264 2.
1704 1231 1765 1263 1¹.
1795 1234 1832 1263 c.
1853 1221 1923 1263 12.
1958 1220 1999 1262 4.-

166 1295 245 1341 nio
278 1308 380 1341 nv.
413 1313 449 1342 c.
481 1301 552 1343 47.
601 1301 754 1360 Meyer.
785 1299 906 1344 Orat.
936 1301 1062 1357 Rpm.
1091 1300 1262 1360 Fragm.
1294 1309 1419 1343 xuv.
1452 1313 1494 1359 p.
1525 1299 1631 1342 270.
1658 1309 1804 1343 nvn.
1835 1298 2000 1359 Ρ.280.

167 1385 260 1420 nv.
292 1391 334 1436 p.
352 1378 456 1420 330.

245 1475 307 1552 (⁴)
348 1477 426 1562 Eo
457 1462 592 1557 bello
626 1478 849 1533 crinitas
882 1476 1064 1531 stellas
1098 1476 1152 1530 in
1186 1475 1332 1530 caelo
1366 1476 1506 1531 visas
1540 1475 1731 1531 harioli
1766 1482 1821 1531 et
1853 1482 2001 1531 vales

166 1587 486 1650 magnarum
501 1577 870 1635 calamitatum
888 1575 1235 1651 praenuntias
1249 1591 1365 1630 esse
1381 1574 1653 1632 dixerunt.
1674 1594 1728 1634 x.
1745 1593 1791 1631 c.
1810 1581 1894 1631 17.
1912 1579 2000 1632 44.

226 1677 311 1724 Cic.
336 1664 390 1724 [ie
421 1681 468 1726 Ν.
486 1681 535 1725 D.
570 1692 621 1725 11.
653 1693 690 1724 c.
710 1683 755 1724 5.
778 1681 851 1724 13.
904 1676 1136 1722 Cleanthes
1167 1674 1345 1738 quidem
1374 1682 1526 1721 noster
1546 1683 1761 1739 quattuor
1789 1676 1842 1721 de
1872 1692 2001 1722 caus·

163 1753 231 1799 sis
261 1753 383 1800 dixit
410 1756 460 1801 in
490 1756 655 1801 animis
683 1756 906 1801 hominum
933 1754 1206 1813 informatas
1233 1752 1411 1799 deorum
1433 1759 1529 1800 e'ue
1556 1756 1783 1801 notiones:
1813 1782 1871 1791 -
1904 1764 2000 1801 tum

155 1823 486 1893 facilu'svisis
512 1824 802 1888 caelestibus,
795 1854 806 1865 ·
837 1841 932 1879 tum
962 1831 1111 1877 stellis
1136 1831 1229 1890 iis,
1261 1846 1377 1894 quas
1412 1834 1571 1878 Graeci
1601 1842 1824 1891 cometas,
1856 1835 2003 1880 nostri

160 1911 352 1959 crinitae
392 1921 579 1971 vocant,
615 1930 730 1976 quae
763 1927 905 1981 nuper
939 1911 1052 1958 bello
1087 1911 1330 1956 Octaviano
1359 1926 1623 1974 magnarum
1645 1911 1844 1971 suerunt
1882 1912 2002 1958 cala·

163 1981 372 2066 mitatuni
394 1993 706 2062 praenuntiae.
770 1992 937 2038 Plinius
966 1994 1017 2036 Η.
1041 1991 1088 2035 Ν.
1123 2001 1173 2034 11.
1201 2004 1237 2034 c.
1254 1992 1327 2035 25.
1352 1992 1426 2037 23.
1459 1992 1655 2036 Cometes
1684 2007 1925 2053 numquam
1951 1992 2001 2037 in

161 2056 373 2114 oceasum
398 2076 530 2139 parte
561 2070 676 2116 caeli
703 2077 801 2116 est.-
835 2069 1084 2131 terrificum
1115 2084 1278 2130 magna
1303 2083 1359 2113 ea·
1382 2075 1517 2130 parte
1543 2068 1703 2126 sidus,
1735 2086 1787 2115 ac
1820 2087 1905 2115 non
1939 2070 1998 2115 le-

161 2146 275 2191 viter
293 2147 497 2209 piatum,
526 2154 582 2193 ut
606 2147 732 2193 civili
760 2154 883 2193 motu
924 2147 1109 2192 Octavio
1139 2145 1330 2191 consule.

238 2233 302 2309 (⁸)
345 2233 406 2290 T.
429 2226 786 2308 PomponiuS‚
827 2233 1098 2290 Ciceronis
1134 2233 1371 2298 amicuS,
1411 2248 1614 2288 annum
1650 2250 1814 2305 agens
1847 2252 1994 2290 xxm.

160 2327 397 2408 Athenas
430 2351 487 2393 se
519 2333 752 2398 consert;
793 2334 884 2389 ubi
917 2351 1013 2406 per
1044 2334 1178 2389 duos
1205 2332 1316 2389 sere
1343 2340 1397 2388 et
1423 2334 1615 2405 viginti
1645 2351 1812 2389 annos
1848 2352 1995 2390 man-

159 2436 246 2488 sit.
322 2433 455 2489 Cum
483 2433 584 2489 hoo
623 2435 738 2489 viro
770 2435 955 2490 Cicero
989 2440 1043 2489 et
1076 2433 1329 2506 frequens
1362 2435 1604 2489 exercuit
1644 2435 1993 2507 epistolarum

157 2523 542 2590 commercium
575 2535 646 2611 (v.
685 2533 752 2590 ad
785 2551 832 2590 a.
856 2538 984 2590 686.
1022 2533 1095 2608 2.)
1135 2542 1187 2589 et
1227 2550 1324 2607 per
1352 2540 1519 2589 totam
1559 2534 1726 2589 vitam
1762 2534 1994 2591 familia·

158 2633 370 2691 rissime
408 2626 560 2690 vi'xit.
615 2653 650 2690 1.
693 2652 740 2690 c.
779 2638 867 2690 25.
910 2639 999 2690 81.
1042 2652 1089 2690 c.
1122 2639 1208 2690 37.
1256 2639 1359 2689 115
1395 2652 1473 2710 sq.
1531 2653 1605 2689 ιιι.
1647 2652 1694 2690 c.
1737 2640 1824 2691 55.
1866 2640 1988 2691 109.

156 2752 227 2791 ιν.
270 2740 444 2814 0.,18.
487 2739 574 2791 45.
629 2753 694 2791 νι.
737 2754 784 2791 c.
825 2740 910 2790 12.
948 2740 1039 2796 28.
1094 2754 1202 2791 vm.
1240 2754 1288 2791 c.
1328 2740 1416 2792 24.
1457 2740 1547 2791 59.
1588 2755 1635 2791 c.
1672 2742 1762 2793 55.
1805 2742 1895 2794 86.
1937 2756 1988 2793 x.

158 2854 203 2890 o.
243 2838 332 2892 12.
378 2840 467 2891 29.
508 2853 555 2891 o.
583 2840 670 2891 21.
712 2841 799 2892 58.
841 2854 887 2891 c.
913 2841 1002 2891 22.
1040 2841 1129 2893 60.

216 2937 351 2998 Nepos
389 2939 483 2980 Att.
509 2950 546 2981 c.
581 2938 623 2981 2.
657 2940 699 2981 1.
748 2936 1113 2982 Adolescentulus
1146 2945 1332 2998 propter
1364 2936 1635 2998 affiitatem
1676 2939 1728 2981 P.
1762 2938 1989 2999 Sulpicii,

155 3014 236 3074 qui
261 3012 470 3058 tribunus
488 3012 638 3074 plebis
662 3013 930 3074 interfectus
953 3022 1042 3071 est,
1074 3030 1160 3059 non
1179 3031 1336 3077 expers
1351 3014 1458 3074 suit
1479 3014 1610 3059 illius
1623 3015 1835 3075 periculi.
1878 3017 1989 3060 Nam

153 3091 335 3148 Anicia,
368 3091 605 3152 Pomponii
628 3092 912 3148 consobrina,
943 3101 1158 3154 nupserat
1179 3095 1238 3138 M.
1257 3094 1433 3149 Servio,
1454 3093 1609 3151 fratri
1634 3092 1849 3154 Sulpicii.-
1892 3097 1988 3139 [taz

154 3185 238 3230 que
265 3167 505 3228 interfecto
539 3168 771 3230 Sulpicia,
808 3176 1102 3231 posteaquam
1137 3170 1253 3216 vidit
1289 3171 1482 3216 Cinnano
1528 3172 1727 3217 tumultu
1758 3174 1985 3218 civitatem

154 3262 249 3291 esse
264 3247 600 3308 perturbatam,
632 3263 770 3308 neque
791 3248 886 3306 sibi,
903 3248 1004 3293 dari
1017 3248 1292 3307 facultatem
1302 3265 1390 3310 pro
1408 3249 1629 3312 dignitate
1648 3251 1823 3295 vivendi
1829 3285 1843 3302 ,
1876 3253 1986 3313 quin

153 3325 418 3371 alterutmm
454 3332 632 3387 partem
674 3325 936 3385 offenderet,
983 3326 1241 3372 dissociatis
1278 3328 1442 3372 animis
1485 3329 1672 3387 civium,
1715 3347 1851 3391 quum
1899 3331 1986 3374 alii

156 3398 382 3461 Sullanis,
422 3404 508 3449 alii
541 3405 752 3449 Cinnanis
773 3404 985 3463 faverent
1008 3406 1244 3467 partibus,
1285 3405 1695 3470 idoneumtempus
1726 3417 1855 3454 ratus
1886 3419 1981 3455 stu·

153 3482 244 3528 diis
272 3483 534 3543 obsequendi
567 3485 685 3540 suis,
721 3483 914 3528 Athenas
941 3500 987 3529 se
1013 3484 1215 3530 contulit.
1251 3512 1309 3519 —
1342 3500 1377 3530 c,
1398 3488 1437 3530 4.
1466 3490 1507 3531 5.
1547 3487 1871 3548 Tranquillatis
1903 3505 1982 3531 au-

1609 3564 1672 3611 38
