2210 3970
688 234 892 273 Annus
932 233 990 272 u.-
1018 234 1064 271 c.
1116 218 1434 273 676—677.
1873 216 1982 270 575

152 382 314 441 quam
346 383 407 421 eo
445 364 716 439 profectus
749 372 898 430 erat,
937 365 1162 420 Romam
1199 378 1485 428 reversus,
1524 362 1731 417 caussis
1765 361 1987 432 agendis

152 484 208 523 se
240 465 422 532 dedit,
463 463 718 537 brevique
739 466 882 520 inter
902 464 1173 553 principes
1194 469 1432 519 oratores
1468 462 1652 518 eluxit.
1694 479 1750 518 11.
1786 479 1831 516 c.
1859 466 1910 518 1.
1940 466 1987 515 1.

215 564 436 613 Plutarch.
465 565 549 612 Cic.
566 566 616 610 ’.5
643 568 686 612 2.
727 567 821 612 Καὶ
853 566 940 612 τόν
970 580 1020 630 γε
1052 565 1253 626 πρῶτον
1278 562 1330 609 ἑν
1363 562 1524 626 Ῥώμη
1559 563 1735 624 χρόνον
1769 559 1993 622 εὐλαβῶς

155 643 291 710 διῆγε
319 648 400 703 καὶ
435 651 541 697 ταῖς
573 642 747 707 ἀρχαῖς
781 643 990 708 ὀκνηρῶς
1022 659 1223 707 προσῃει
1257 645 1340 689 καὶ
1372 644 1715 706 παρημελεῖτο,
1754 645 1909 687 ταῦτα
1935 640 1995 699 δη

159 727 217 773 roi
270 728 521 788 Ῥωμαίων
571 732 674 777 τοῖς
722 722 1106 784 βαναυσοτάτοις
1145 723 1388 786 πρόχειρα
1436 725 1519 768 καὶ
1567 716 1757 780 συνήθη
1806 721 1995 783 ῥήματα

153 802 421 869 Γραιῃςός
454 807 536 850 καὶ
570 804 989 864 σχολαστικὸς,
1010 802 1215 861 ἀκούων.
1286 805 1430 850 Ἐπεὶ
1462 800 1517 851 δὲ
1548 803 1702 861 φύσει
1728 801 1996 862 φιλότιμος

157 872 222 931 ὤν
256 886 338 932 καὶ
365 884 744 947 παροξυνόμενος
778 881 874 928 ὑπὸ
902 870 990 929 τοῦ
1024 881 1204 947 πατρὸς
1236 883 1443 949 καὶτῶν
1470 880 1630 942 φίλων
1657 878 1896 926 ἐπέδωκεν
1925 882 1998 933 εἰς

162 961 217 1009 τὸ
241 971 526 1027 συνηγορεῖν
550 961 751 1020 ἑαυτὸν,
787 961 878 1009 οὐκ
904 961 1056 1025 ἡρέμα
1083 962 1150 1026 τῷ
1173 965 1390 1027 πρωτείῳ
1413 963 1671 1025 προσῆγεν,
1703 957 1811 1005 ἀλλ’
1834 958 1999 1012 εὐθύς

158 1025 395 1104 ἐξέλαμψε
425 1045 482 1102 τῇ
510 1040 628 1103 δόξῃ
663 1044 745 1088 καὶ.
778 1040 973 1104 διέφερε
993 1043 1131 1096 ,πολύ
1167 1043 1263 1088 τῶν
1287 1039 1644 1108 ἀγωνιζομένων
1667 1038 1742 1086 ἐπ’
1774 1038 1971 1104 ἀγορᾶς.

166 1169 180 1180 ’·
235 1145 296 1220 (²)
340 1146 401 1214 Q.
431 1126 749 1200 Hortensius
783 1151 836 1200 et
865 1146 919 1200 C.
943 1146 1194 1201 Aurelius
1226 1145 1406 1211 Cotta,
1437 1145 1709 1218 principes
1729 1161 1791 1199 ea
1824 1149 2000 1198 aetate

161 1262 477 1301 caussarum
514 1246 769 1319 patroni,
812 1245 1108 1301 defendunt
1150 1248 1221 1302 M.
1257 1246 1606 1309 Canuleium,
1648 1260 1785 1317 quae
1822 1251 2001 1299 tamen

161 1344 464 1430 cuiusmodi
503 1363 694 1402 caussa
728 1345 924 1412 fuerit,
966 1347 1267 1418 ignoratur.
1312 1350 1531 1401 u.c.1.
1568 1349 1617 1400 1.

221 1445 339 1493 Conf-
367 1450 520 1510 Meyer.
553 1449 674 1492 Orat.
702 1449 827 1494 Rom.
855 1449 1026 1508 Fragm.
1047 1459 1161 1492 1.le-
1192 1451 1235 1493 5.
1269 1464 1309 1509 p.
1328 1449 1418 1492 342
1445 1453 1491 1491 et
1522 1459 1625 1491 ιιι
1654 1450 1697 1491 5.
1730 1448 1896 1508 Ρ.387.

195 1549 317 1625 (³)
349 1550 518 1606 Iidem
550 1548 843 1606 defendunt
873 1549 966 1605 Cn.
1003 1548 1326 1606 Dolabellam
1356 1549 1717 1616 consularem,
1757 1555 2005 1622 repetun-

165 1650 365 1707 darum·
387 1656 702 1706 accusatum
736 1666 767 1705 a
800 1649 855 1706 C.
890 1649 1027 1705 Iulio
1059 1649 1301 1706 Caesare.
1341 1668 1398 1706 u.
1436 1668 1483 1711 c.
1511 1655 1564 1707 1.
1597 1655 1646 1710 1.

228 1730 382 1797 Ascon.
418 1751 465 1796 in
498 1750 581 1797 Cic.
614 1750 836 1798 Scaurian.
870 1735 910 1813 p.
940 1754 1015 1797 26.
1067 1753 1140 1797 Gn.
1175 1750 1454 1796 Dolabellam
1486 1777 1547 1786 —
1578 1752 1627 1796 in
1657 1767 1787 1813 quem
1829 1752 1871 1796 0.
1905 1750 2006 1794 Gae-

167 1830 287 1875 earie
323 1829 543 1875 orationes
583 1828 735 1891 legitis
767 1855 826 1864 —
861 1830 1026 1874 Caesar
1057 1830 1286 1875 accusavit
1326 1844 1403 1874 nec
1439 1827 1681 1875 damnavit.
1747 1829 1918 1875 Gellius
1943 1842 2006 1874 iv.

168 1923 207 1953 c·
242 1910 313 1954 16.
348 1911 389 1954 8.
466 1908 628 1953 Caesar
657 1908 707 1952 in
742 1906 1021 1952 Dolabellam
1053 1907 1245 1952 actionis
1278 1910 1362 1953 111.
1395 1922 1487 1969 sqq.
1540 1911 1717 1953 Sueton.
1751 1910 1865 1954 Caes.
1898 1923 1935 1952 c.
1964 1910 2006 1951 4.
2056 1937 2066 1947 .

172 1985 423 2047 Composita
445 1983 661 2031 :editione
678 1984 806 2031 civili
835 1986 960 2032 Corn.
990 1984 1293 2043 Dolabellam,
1324 1984 1602 2031 consularem
1628 1993 1673 2031 et
1691 1984 2008 2047 triumphalem

169 2063 315 2108 virum
331 2094 345 2119 ‚
392 2062 733 2124 repetundarum
755 2063 1012 2126 postulavit
1041 2063 1331 2124 absolutoque
1362 2062 1565 2108 Rhodum
1594 2063 1792 2110 secedere
1827 2064 2007 2109 statuit.

170 2157 208 2187 c.
237 2144 310 2187 55.
349 2141 462 2186 Post
497 2142 823 2186 accusationem
866 2139 1124 2198 Dolabellae
1167 2139 1292 2186 baud
1328 2140 1460 2186 dubie
1492 2142 1772 2204 principibus
1799 2142 2011 2204 patr-onis

169 2227 487 2270 annumeratus
519 2226 598 2265 est.
664 2217 782 2265 Conf.
807 2219 948 2266 Valer-
968 2222 1073 2267 Μαι.
1104 2222 1321 2266 V111.c.9.
1350 2223 1391 2264 3.
1426 2219 1618 2265 Velleius
1646 2233 1697 2265 11.
1726 2236 1763 2265 c.
1783 2223 1854 2266 43.
1888 2220 2012 2266 Plut-

168 2297 284 2343 arch.
319 2301 434 2343 Caes.
467 2313 505 2343 c.
536 2299 582 2342 4.
662 2299 785 2358 Emp.
817 2296 942 2342 Rhet.
978 2314 1016 2362 p.
1047 2301 1150 2342 311.
1182 2297 1248 2343 cd.
1281 2301 1458 2360 Capper.
1538 2300 1671 2343 Errat
1708 2314 1808 2343 vero
1847 2300 2013 2343 Auctor

176 2376 284 2421 Dial.
317 2375 370 2420 de
401 2378 521 2422 Orat.
555 2390 592 2420 c.
611 2378 683 2420 34.
714 2377 754 2419 7.
802 2376 893 2419 Uno
926 2376 1059 2434 [rect.
1078 2375 1235 2435 tertio]
1253 2383 1298 2421 et
1311 2376 1520 2420 vicesimo
1533 2376 1702 2420 aetatis
1716 2391 1832 2420 anno
1853 2377 2014 2421 Caesar

175 2452 453 2498 Dolabellam
484 2479 541 2488 —
575 2454 638 2506 iis
679 2452 957 2500 orationibus
997 2454 1230 2499 insecutus
1260 2461 1358 2510 eet,
1406 2469 1521 2516 quas
1553 2453 1681 2500 bodie
1711 2470 1885 2516 quoque
1915 2470 2014 2501 cum

175 2531 470 2578 admiratione
509 2503 708 2594 legimus.
773 2535 924 2578 Caesar
950 2531 1094 2588 enim,
1143 2531 1223 2594 qui
1261 2539 1392 2577 natus
1429 2539 1523 2577 erat
1556 2547 1595 2577 a.
1628 2535 1677 2578 U.
1695 2535 1740 2578 C.
1773 2536 1902 2590 654„
1935 2532 2015 2578 hoc

175 2619 368 2677 tempore
396 2622 532 2663 xxm.
565 2609 722 2672 agebat
753 2610 909 2656 aetatis
939 2626 1108 2656 annum
1135 2612 1250 2669 [654
1280 2619 1327 2667 -1—
1358 2613 1419 2655 23
1439 2626 1504 2655 Ξ
1531 2612 1661 2669 677.]
1723 2614 2015 2673 Heyer.0rat.

174 2690 299 2734 Rom.
331 2689 502 2754 Fragm.
529 2700 640 2734 ivn.
675 2692 717 2734 4.
749 2706 791 2750 p.
809 2691 914 2734 341.
962 2700 1065 2734 xxv.
1090 2691 1131 2733 7.
1161 2706 1201 2750 Ρ.
1220 2692 1325 2734 368.
1366 2702 1498 2735 xxxx.
1527 2693 1568 2734 1.
1602 2706 1643 2752 p.
1662 2692 1767 2735 408.

255 2806 339 2883 (⁴)·‘
358 2807 430 2874 Q:
459 2805 686 2864 Caecilio
723 2808 932 2864 Metello
976 2808 1176 2863 bellum
1223 2813 1442 2879 gerente
1482 2813 1669 2863 contra
1715 2807 2015 2863 Sertorium

186 2925 219 2961 1.
266 2923 313 2962 c.
352 2909 403 2962 2.
449 2911 500 2962 4.
560 2905 847 2984 Pompeius
898 2908 1262 2982 proficiscitur
1310 2908 1367 2962 in
1415 2906 1756 2980 Hispaniam,
1810 2907 2019 2988 Metello

184 3007 561 3064 auxiliaturus.
595 3026 664 3064 v1.
700 3027 746 3064 c.
771 3014 860 3065 25.
891 3014 981 3065 57.

247 3110 427 3169 Eutrop.
455 3121 520 3153 vl.
553 3124 588 3155 c.
622 3113 662 3155 1.
691 3109 900 3155 Metellus
931 3108 1095 3171 (filius
1127 3109 1251 3165 eius,
1298 3111 1379 3171 qui
1409 3107 1678 3170 Iugurtham
1707 3124 1853 3170 regem
1887 3110 2017 3170 vicit)

185 3186 308 3230 vario
326 3201 533 3231 successu
558 3196 713 3232 contra
740 3189 989 3234 Sertorium
1014 3187 1257 3233 dimicavit.
1305 3189 1494 3243 Postea,
1523 3204 1660 3248 quum
1675 3187 1824 3249 impar
1837 3205 2019 3250 pugnae

185 3263 310 3308 solue
340 3263 549 3309 Metellus
572 3273 841 3326 putaretur,
878 3267 953 3311 Gn.
978 3266 1219 3326 Pompeius
1250 3265 1314 3309 ad
1335 3266 1583 3325 Hispanias
1610 3267 1779 3310 missus
1804 3273 1885 3311 est.
1933 3267 2019 3311 cic.

185 3342 296 3388 Phil.
328 3357 392 3390 1¹.
413 3360 448 3390 c.
469 3348 510 3390 8.
531 3347 604 3389 18.
646 3344 950 3388 Sertorianum
981 3343 1145 3389 bellum
1170 3360 1200 3388 a
1222 3351 1381 3388 senatu
1398 3343 1582 3403 privato
1607 3343 1762 3389 datum
1786 3353 1880 3402 est,
1911 3347 2020 3407 quia

188 3421 392 3469 consules
419 3422 682 3467 recusabant
696 3441 711 3466 .·
744 3438 880 3484 quum
906 3423 954 3465 L.
972 3421 1218 3483 Philippus
1232 3439 1319 3484 pro
1351 3421 1608 3466 consulibus
1638 3439 1737 3467 eum
1767 3439 1815 3468 se
1844 3426 2020 3470 mittere

191 3497 458 3558 dixit,'non
482 3518 567 3563 pro
589 3500 793 3546 consule.
840 3498 902 3546 Cf.
929 3518 970 3563 p.
990 3500 1020 3547 l.
1055 3502 1197 3548 Manil.
1231 3503 1359 3546 c.21.
1392 3504 1465 3547 62.
1531 3501 1675 3547 Livius
1708 3501 1819 3563 Epit.
1839 3505 1912 3547 91.
1942 3507 2016 3551 Gn.
