2210 3970
261 205 370 257 818
738 211 1071 251 ANNALes
1128 211 1641 254 αιοΕΒοΝιΛΝῐ.

268 360 617 418 congreSSOS,
658 343 938 407 convenit,
974 347 1040 407 ut
1086 342 1189 413 ipsi
1233 341 1508 404 triumviri
1543 341 1870 414 reipublicae
1913 347 2107 400 consti·-

262 448 494 505 tuendae
530 462 625 518 per
664 443 1096 516 quinquen-nium
1136 448 1346 507 essent,
1386 447 1441 497 et
1473 447 1536 496 ut
1573 459 1700 498 suos
1739 443 1968 515 quisque
2004 445 2108 499 ini·
2174 428 2210 478 *Γ

270 550 439 605 micos
473 543 887 619 proscriberent.

328 672 475 718 Livius
499 670 628 731 „Epic
657 672 763 713 120.
831 668 874 712 C.
918 668 1079 711 Caesar
1114 683 1273 726 pacem
1310 683 1412 712 cum
1451 667 1642 712 Antonio
1685 674 1731 711 et
1760 667 1927 729 Lepido
1954 668 2110 728 fecit:

268 752 338 796 ita
368 757 423 794 ut
454 747 635 793 tresviri
663 744 933 806 reipublicae
970 744 1303 788 constituendae
1326 761 1413 806 per
1444 745 1793 806 quinquennium
1824 753 1971 798 essent
2013 746 2113 806 ipse
2171 750 2176 756 “

268 840 314 878 et
345 828 542 891 Lepidus
583 833 628 869 et
657 823 879 868 Antonius
896 844 914 878 ‚·
956 829 1001 865 et
1045 829 1100 866 ut
1138 838 1243 866 suos
1292 810 1497 883 quisque⁴
1527 822 1733 866 inimicos
1773 823 2115 891 proscriberent.
2168 845 2175 888 7ς

269 912 327 954 In
348 923 439 968 qua
466 901 796 966 proscriptione
821 898 1015 960 plurimi
1051 899 1224 958 equites
1253 899 1465 955 Romani,
1498 911 1620 944 cxxx
1651 906 1906 954 senatorum
1936 899 2116 944 nomina
2167 907 2186 965 31

271 986 493 1044 fuerunt,
536 987 582 1025 et
619 979 737 1023 inter
768 991 841 1020 eos
884 978 934 1020 L.
963 975 1123 1019 Paulli
1134 1006 1161 1032 ,-
1181 976 1358 1034 fratris
1399 978 1460 1021 M.
1487 974 1679 1037 Lepidi,
1723 984 1766 1021 et
1793 979 1843 1021 L.
1880 978 2116 1035 Caesaris,
2176 1008 2185 1048 ⁵.

273 1060 459 1107 Antonii
489 1055 731 1111 avunculi,
765 1060 809 1097 et
838 1055 898 1098 M.
931 1053 1165 1098 Ciceronis.
1209 1052 1362 1098 Florus
1391 1066 1457 1098 lv.
1489 1069 1524 1098 e.
1554 1057 1595 1099 6.
1631 1057 1673 1099 3.
1737 1057 1840 1100 Pax
1871 1056 1991 1100 inter
2024 1046 2117 1100 tres
2164 1066 2181 1110 j

275 1140 410 1185 duces
439 1135 730 1198 componitur.
792 1130 926 1192 Apud
949 1131 1222 1192 confluentes
1253 1133 1373 1176 inter
1406 1131 1642 1176 Perusiam
1675 1140 1717 1176 et
1750 1134 1991 1177 Bononiam
2016 1133 2120 1178 iun·

274 1225 391 1280 gunt
416 1229 574 1261 manus
591 1247 605 1270 ,
638 1219 682 1257 et
715 1210 938 1256 excercitus
980 1210 1278 1256 consalutant.
1335 1210 1470 1255 Nullo
1504 1211 1611 1256 bono
1639 1226 1757 1256 more
1793 1211 2120 1255 Triumviratus
2178 1231 2183 1271 ς,

276 1294 538 1347 invaditur;
569 1303 865 1353 oppressaque
891 1287 1030 1331 armis
1062 1288 1312 1348 republica,
1345 1287 1463 1334 redit
1490 1289 1688 1343 ,Sullana
1710 1289 2012 1351 proscriptio,
2044 1304 2120 1333 cu·
2168 1316 2175 1324 ι

275 1373 352 1417 ius
384 1371 601 1415 atrocitas
630 1365 751 1412 nihil
782 1364 831 1408 in
873 1378 920 1406 se
957 1363 1106 1407 minus
1140 1363 1299 1421 habet,
1333 1382 1478 1425 quam
1509 1383 1740 1412 numerum
1768 1381 1921 1413 cxxxx
1947 1375 2120 1412 senato·
2172 1387 2178 1398 =⁷

275 1466 389 1494 rum.
453 1446 629 1491 Exitus
653 1442 817 1503 foedi,
863 1449 1009 1485 truces
1027 1474 1040 1497 ,
1083 1442 1359 1487 miserabiles
1376 1476 1390 1500 ,
1424 1451 1516 1488 toto
1555 1452 1776 1489 terrarum
1808 1445 1908 1489 orbe
1930 1445 2120 1507 fugienss
2179 1439 2181 1443 ’

278 1527 405 1571 tium.
475 1523 589 1582 Quis
624 1537 710 1583 pro
748 1518 1019 1580 indignitate
1050 1520 1118 1564 rei
1147 1537 1235 1565 non
1281 1522 1577 1583 ingemiscat,
1609 1539 1744 1584 quum
1778 1523 1998 1567 Antonius
2030 1525 2119 1568 Lu-

274 1603 394 1648 cium
437 1602 666 1645 Caesarem
713 1597 980 1642 avunculum
1022 1612 1182 1654 suum,
1231 1597 1428 1659 Lepidus
1455 1600 1644 1646 Lucium
1681 1601 1896 1646 Paullum
1918 1601 2119 1661 fratrem
2172 1584 2174 1588 Υ

269 1675 660 1742 proscripserint?
692 1676 886 1723 Velleius
915 1688 967 1720 ΙΙ.
999 1692 1035 1720 c.
1062 1679 1133 1720 66.
1167 1680 1210 1722 1.
1274 1680 1467 1724 Furente
1494 1678 1650 1724 deinde
1681 1679 1871 1724 Antonio
1898 1678 2122 1740 simulque
2169 1671 2173 1690 ³

278 1757 444 1820 Lepido
476 1785 537 1791 —
569 1773 706 1818 quum
733 1755 858 1799 ambo
885 1755 1072 1800 mallent
1102 1757 1192 1800 sibi
1217 1757 1461 1818 imputari,
1494 1758 1608 1819 quid
1621 1758 1758 1820 passi
1784 1764 1954 1812 essent,
1987 1772 2122 1817 quam
2171 1762 2173 1767 “

278 1836 391 1899 quid
416 1830 733 1888 emeruissent,
766 1841 1040 1894 repugnante
1076 1835 1260 1878 Caesare
1277 1867 1291 1892 ,
1324 1835 1406 1880 sed
1429 1834 1619 1894 frustra
1649 1835 1862 1880 adversus
1879 1833 1991 1879 duos
2008 1867 2021 1890 ,
2055 1834 2135 1882 ins

278 1921 535 1959 stauratum
568 1912 751 1971 Sullani
789 1911 982 1972 exempli
1012 1911 1210 1968 malum,
1245 1914 1534 1974 proscriptio,
1597 1912 1726 1958 Nihil
1755 1920 1846 1956 tam
1889 1911 2124 1972 indignum

279 1992 363 2037 illo
391 1999 583 2052 tempore
599 1989 731 2050 fuit,
765 2005 899 2049 quam
931 1989 1052 2049 quod
1085 1997 1168 2034 aut
1209 1992 1370 2034 Caesar
1401 1990 1598 2052 aliquem
1635 1989 1913 2051 proscribere
1945 1996 2125 2034 coactus

282 2076 350 2113 cst
367 2102 380 2125 ,
413 2076 495 2113 aut
524 2067 580 2111 ab
603 2065 698 2110 ullo
731 2065 878 2109 Cicero
898 2066 1183 2127 proscriptus
1215 2075 1309 2125 est,
1338 2068 1600 2130 abscisaque
1636 2067 1798 2112 scelere
1824 2067 2008 2111 Antonii
2037 2082 2126 2111 vox
2178 2099 2182 2107 s

275 2146 463 2209 publica
501 2152 598 2201 est,
641 2161 778 2206 quum
811 2146 909 2191 eius
939 2145 1131 2191 salutem
1157 2162 1281 2190 nemo
1314 2145 1622 2205 defendisset,
1660 2146 1741 2207 qui
1758 2163 1846 2207 per
1878 2153 1946 2190 tot
1985 2160 2126 2190 annos

284 2233 328 2270 et
352 2223 586 2286 publicam
618 2223 820 2268 civitatis
848 2231 891 2268 et
919 2225 1146 2285 privatam
1177 2224 1341 2270 civium
1369 2223 1642 2284 defenderat.
1704 2221 1833 2268 Nihil
1859 2231 2007 2271 tamen
2037 2224 2127 2286 egi·
2170 2275 2171 2278 ¹

283 2303 380 2359 sti,
413 2304 472 2347 M.
501 2301 695 2358 Antoni,
729 2302 869 2363 (cogit
901 2302 1018 2347 enim
1059 2302 1264 2347 excedere
1297 2302 1529 2364 propositi
1548 2301 1752 2362 formam
1798 2302 1945 2362 operis
1983 2318 2126 2346 erum·

282 2395 394 2441 pens
436 2379 583 2422 animo
623 2395 674 2422 ac
703 2386 881 2439 pectore
921 2379 1228 2441 indignatio,)
1271 2379 1420 2437 nihil,
1463 2381 1676 2442 inquam,
1719 2380 1855 2441 egisti
1891 2379 2128 2424 mercedem

288 2456 601 2501 coelestissimi
631 2456 724 2500 oris
755 2465 801 2501 et
831 2456 1077 2502 clarissimi
1114 2459 1280 2520 capitis
1307 2459 1475 2504 abscisi
1500 2458 1793 2514 numerando,
1827 2464 2133 2518 auctoramen-⁴

288 2541 420 2594 toque
442 2532 634 2592 funebri
659 2531 721 2576 ad
753 2535 1078 2579 conservatoris
1108 2536 1330 2597 quondam
1370 2536 1642 2598 reipublicae
1685 2536 1889 2596 tantique
1930 2535 2129 2581 consulis

286 2608 518 2656 invitando
554 2625 714 2654 necem.
778 2611 992 2671 Rapuisti
1024 2619 1075 2656 tu
1108 2615 1164 2658 M.
1194 2614 1391 2660 Ciceroni
1423 2613 1563 2659 lucem
1592 2614 1835 2658 sollicitam
1863 2621 1907 2658 et
1938 2621 2129 2659 aetatem
2172 2602 2179 2648 s

287 2687 472 2733 senilem
503 2693 547 2730 et
578 2687 717 2730 vitam
747 2690 1020 2734 miseriorem
1048 2698 1092 2735 te
1114 2691 1381 2757 principe„
1400 2709 1534 2753 quam
1567 2691 1650 2736 sub
1682 2700 1725 2736 te
1752 2692 1986 2736 triumviro
2016 2709 2131 2736 mor-

290 2775 378 2811 tem
395 2787 413 2820 ;
445 2763 627 2823 famam
662 2780 764 2809 vero
801 2766 1079 2829 gloriamque
1101 2767 1337 2827 factorum
1374 2777 1509 2831 atque
1541 2769 1761 2815 dictorum
1792 2769 1900 2815 adeo
1932 2786 2020 2815 non
2055 2770 2132 2814 ab·

290 2845 499 2900 stulisti,
541 2851 596 2887 ut
631 2844 828 2889 auxeris.
908 2845 1059 2910 Vivit,
1105 2845 1308 2906 vivetque
1348 2862 1432 2908 per
1472 2862 1640 2892 omnem
1682 2834 1930 2893 seculorum
1972 2864 2131 2896 memo·v
2168 2853 2206 2911 ζ’

291 2924 408 2967 riam
425 2944 442 2978 ,-
473 2920 663 2982 dumque
694 2920 773 2964 Ιιοσ
806 2920 879 2965 vel
899 2921 1062 2979 sorte,
1093 2922 1168 2967 vel
1187 2922 1502 2983 providentia,
1546 2925 1620 2970 vel
1651 2934 1875 2987 utcunque
1915 2927 2131 2972 constitu·
2194 2924 2202 2930 ’

221 3013 225 3016 .
298 3009 394 3047 tum
425 3017 573 3045 rerum
603 3008 792 3045 naturae
829 3015 1013 3061 corpus,
1058 3001 1178 3061 quod
1209 3002 1290 3046 ille
1321 3019 1465 3064 paene
1496 3003 1620 3048 solus
1658 3005 1952 3048 Romanorum
1983 3004 2133 3059 animo
2181 3047 2188 3062 ¹

294 3079 441 3136 vidit,
473 3078 650 3140 ingenio
692 3077 947 3138 complexus
984 3086 1082 3134 est,
1131 3079 1389 3141 eloquentia¹
1429 3080 1736 3139 illuminavit,
1779 3082 1974 3126 manebit
2012 3083 2131 3127 inco·

297 3157 414 3202 lume
431 3189 445 3214 ,
476 3157 677 3201 comitem
709 3156 808 3199 aevi
837 3157 913 3200 sui
953 3155 1128 3201 laudem
1162 3154 1383 3203 Ciceronis
1415 3159 1592 3216 trahet,
1625 3160 1852 3221 omnisque
1880 3162 2129 3221 posteritas
2161 3178 2210 3206 ,·ι

293 3236 426 3280 illius
453 3235 502 3279 in
535 3242 579 3278 te
611 3235 782 3295 scripta
811 3234 1075 3290 mirabitur,
1124 3242 1252 3280 tuum
1277 3238 1327 3281 in
1358 3254 1457 3282 eum
1479 3238 1664 3297 factum
1702 3241 2035 3296 exsecrabitur,
2068 3241 2130 3285 ci·

294 3313 475 3373 tius-que
503 3311 665 3357 mundo
699 3327 840 3372 genus
869 3311 1092 3357 hominum
1129 3330 1261 3374 quam
1302 3318 1362 3362 M.
1393 3317 1539 3361 Cicero
1570 3317 1706 3361 cedet.
1770 3320 1872 3361 Dav.
1905 3317 2126 3376 Bernard,

294 3391 569 3435 Dissertatio
600 3390 653 3434 de
678 3397 1005 3435 auctoramento
1022 3391 1215 3450 funebri
1243 3395 1303 3436 M.
1337 3396 1381 3437 T.
1415 3394 1636 3439 Ciceronis
1665 3396 1813 3439 necati
1843 3395 1918 3452 (ad
1947 3395 2055 3441 Vell.
2075 3408 2125 3441 11.
2167 3388 2178 3437 ⁴¹1

296 3473 394 3531 66.)
427 3468 753 3529 vitembergae,
786 3471 919 3514 1720.
956 3473 1018 3519 40,
1061 3470 1279 3516 Plutarch.
1322 3473 1406 3518 Cic.
1439 3477 1568 3520 0.-46.
1588 3477 1630 3522 1.
1691 3475 1956 3534 Λύξηθεὶς,
1975 3474 2065 3539 γὰρ
2098 3471 2128 3521 n‘

2160 3444 2181 3482 ’θ’
2186 3447 2187 3450 '
