2210 3970
746 230 954 271 Aulius
1006 231 1052 270 υ.
1102 233 1146 270 c.
1206 216 1332 268 696.
1849 214 1953 266 681

118 360 190 406 37.
225 359 427 406 Habebas
461 359 917 419 (Piso),e.vercitum
943 367 1139 416 tantum,
1174 365 1392 421 quantum
1425 354 1511 400 tibi
1543 371 1630 400 non
1660 362 1846 400 senatus
1871 359 1955 400 aut

106 438 309 499 populus
335 441 560 484 Romanus
587 438 795 495 dederat,
826 438 907 484 sed
929 445 1144 499 quantum
1172 445 1253 481 taa
1279 434 1415 480 libido
1442 435 1790 495 conscripserat.-
1824 449 1951 477 aera·

63 566 79 575 α
113 515 231 560 rium
269 516 554 562 exhauseras.
622 517 745 575 Quas
776 533 847 560 res
878 514 1066 576 gessisti
1108 514 1156 557 in
1194 513 1403 573 imperio,
1446 512 1675 567 exercitu,
1712 510 1950 573 provincia

114 592 378 637 consulari?
409 619 468 628 ——
499 593 690 637 nondum
722 607 1003 638 commemoro
1037 591 1242 651 rapinas,
1275 588 1467 633 nondum
1499 578 1680 632 exactas
1703 589 1947 649 pecunias,

114 684 199 714 non
221 676 404 730 captas,
427 657 520 714 'non
546 670 814 730 imperatas,
849 683 936 713 non
957 682 1081 712 neces
1108 668 1351 723 sociorum,
1386 682 1472 710 non
1493 664 1667 710 caedem
1694 665 1948 725 hospitum,

111 761 198 790 non
222 745 496 807 perfidiam,
529 762 614 791 non
646 747 1002 801 immanitatem,
1044 759 1131 789 non
1162 744 1329 788 seelera
1353 742 1587 804 praedico:
1620 768 1680 777 -
1711 758 1748 788 c.
1767 746 1840 787 17.
1870 745 1943 786 40.

117 822 241 882 Quid
262 823 439 868 tandem
472 831 569 869 erat
612 832 759 868 actum
792 832 873 870 aut
903 830 1079 884 gestum
1110 822 1159 866 in
1190 821 1275 866 illa
1295 821 1555 882 provincia,
1588 819 1641 864 de
1668 835 1755 880 quo
1791 817 1853 863 ad
1881 833 1948 862 se·

111 907 266 946 natum
296 917 395 946 cum
429 902 734 963 gratulatione
766 903 922 963 aliqua
949 902 1086 948 scribi
1117 901 1196 945 abs
1229 908 1272 945 te
1304 898 1565 960 oporteret?
1634 897 1819 941 Via-atio
1850 898 1946 940 Ma-

111 977 343 1024 cedoniae.
339 979 361 1012 9
409 995 467 1024 (ιιι
508 980 766 1041 oppidorum
804 982 952 1041 turpis
984 979 1207 1024 amissio?
1250 994 1308 1022 an
1351 976 1570 1021 sociorum
1611 974 1828 1045 direptio.
1823 974 1846 1004 9
1888 989 1948 1018 an

29 1110 32 1116 ι
111 1070 318 1116 agrorum
351 1055 672 1117 depopulatio?
704 1075 762 1102 an
789 1059 980 1103 munitio
1014 1056 1387 1102 Thessalonicae?
1419 1071 1477 1099 an
1508 1053 1700 1099 obsessio
1730 1051 1950 1096 militaris

109 1132 247 1177 viae?
278 1149 337 1179 an
359 1134 581 1178 eaeercitus
607 1136 752 1180 nostri
777 1136 990 1180 interitus
1008 1135 1141 1193 serr-o
1157 1168 1168 1190 ,
1188 1133 1346 1192 same,
1364 1131 1464 1193 frio
1447 1147 1571 1184 vore,
1587 1128 1866 1190 pestilentia.
1886 1154 1948 1164 -

32 1269 34 1271 .
111 1226 148 1256 c.
167 1213 240 1255 21.
266 1213 338 1256 48.
371 1211 488 1256 Ecce
515 1211 599 1256 tibi
629 1212 746 1257 alter
778 1213 1121 1271 (Gabinius),
1157 1211 1306 1272 effusa
1331 1211 1424 1254 iam
1455 1209 1652 1253 mas-ima
1669 1206 1863 1269 praeda,
1886 1231 1948 1240 --

111 1303 159 1333 se
191 1288 365 1350 ipsum,
390 1288 550 1349 fasces
581 1291 713 1345 suos,
747 1291 990 1335 exercitum
1015 1289 1179 1351 populi
1211 1289 1423 1343 Romani,
1455 1303 1614 1330 numen
1643 1284 1950 1330 interdictum·

16 1382 34 1412 ·.
111 1382 196 1428 que
223 1364 403 1412 deorum
429 1366 774 1422 immortalium,
809 1381 1020 1426 responsa
1048 1364 1325 1409 sacerdotum
1342 1396 1356 1420 ‚
1389 1365 1703 1408 auctoritatem
1735 1370 1918 1407 senatus
1935 1390 1951 1416 ‚

110 1438 238 1488 iussa
249 1443 412 1506 populi
424 1474 438 1500 ‚
455 1460 608 1490 nomen
625 1461 676 1489 ac
695 1443 960 1506 dignitatem
978 1442 1157 1504 imperii
1168 1472 1180 1497 ,
1205 1443 1302 1503 regi
1317 1442 1536 1503 Aegyptio
1554 1439 1765 1485 vendidit.
1803 1439 1950 1497 Quum

105 1521 230 1583 fines
267 1521 523 1582 prouinciae
557 1529 705 1567 tantos
752 1522 954 1577 liaberet,
988 1529 1179 1583 quantos
1211 1521 1434 1573 voluerat.
1470 1526 1660 1582 quantos
1692 1524 1948 1579 optaverat,

7 1651 10 1653 ,
111 1605 302 1660 quantos
327 1599 416 1644 mei
437 1600 602 1660 capitis
619 1600 769 1661 pretio
788 1600 1076 1661 periculoque
1103 1607 1291 1645 emerat:
1325 1598 1398 1643 liis
1424 1614 1471 1642 se
1501 1605 1644 1640 tenere
1670 1612 1756 1639 non
1774 1595 1951 1655 potuit.-

15 1681 31 1730 ·’,
111 1677 354 1722 exercitum
394 1676 552 1723 eduxit
586 1693 641 1722 es:
674 1679 823 1741 Syria.
904 1678 994 1735 Qui
1034 1677 1166 1722 licuit
1201 1684 1330 1722 extra
1355 1674 1673 1738 prorinciam?
1736 1672 1953 1717 Praebuit

0 1747 6 1756 ’
108 1770 156 1800 se
193 1755 509 1801 mercenarium
551 1757 752 1802 comitem
784 1757 881 1817 regi
928 1754 1242 1800 Alexandrino.
1327 1754 1449 1812 Quid
1490 1755 1567 1799 Ιιοι·
1600 1754 1817 1815 turpius?
1891 1754 1950 1797 11·

107 1833 361 1896 Aegyptum
386 1833 530 1879 venit:
562 1834 693 1896 signa
720 1833 914 1879 contulit
933 1850 1031 1878 cum
1064 1831 1395 1877 Alexandrinis.
1464 1832 1650 1891 Quando
1678 1833 1757 1876 lcoc
1787 1830 1951 1876 bellum

28 1914 29 1917 ’
107 1917 191 1956 aut
218 1909 289 1955 liic
321 1909 453 1971 ordo,
489 1919 571 1958 aut
597 1911 798 1974 populus
829 1911 1123 1972 susceperat?
1192 1911 1318 1972 Cepit
1343 1910 1675 1956 Alexandriam.
1707 1907 1792 1955 cfr.
1821 1907 1877 1954 nd
1909 1925 1948 1953 a.

112 1989 295 2141 ωἶθῖξ),
315 2067 376 2123 Α.
413 2067 464 2123 d.
514 2085 585 2126 ιν.
634 2067 711 2123 Id.
743 2065 1038 2122 Decembr.
1081 2067 1170 2140 [t.-
1214 2071 1284 2122 10
1317 2067 1596 2122 Decembr.
1630 2070 1845 2122 696-
1770 2085 1845 2097 -
1877 2068 1949 2120 25

112 2167 236 2221 Deo.
267 2169 337 2222 58
369 2183 416 2221 a.
440 2166 523 2239 C.]
571 2168 694 2222 novi
726 2167 931 2221 tribuni
970 2166 1138 2238 plebis
1172 2168 1554 2238 magistratum
1597 2169 1818 2231 ineunt,
1856 2164 1951 2238 qui

22 2311 35 2329 ,
109 2280 294 2322 omnes
329 2267 394 2323 de
425 2266 676 2324 Cicerone
707 2266 1005 2322 revocando
1043 2284 1098 2321 se
1132 2267 1568 2340 promulgaturos
1596 2266 1949 2331 confirmant,

105 2372 320 2440 praeter
366 2367 427 2436 Q.
463 2352 785 2424 Numerium
828 2366 1031 2422 Rufum
1088 2374 1139 2422 et
1202 2368 1324 2424 Sex.
1367 2367 1593 2423 Atilium
1634 2367 1947 2423 Serranum.

109 2484 158 2522 v.
193 2485 239 2522 e.
269 2472 355 2523 18.
389 2472 477 2524 48.
509 2486 556 2524 e.
587 2473 677 2524 50.
714 2472 801 2523 76.

107 2583 112 2587 ’
155 2559 322 2605 Άεοοιι.
350 2559 398 2606 in
427 2560 635 2605 Pisonian.
662 2577 701 2621 p.
722 2563 793 2604 11.
830 2561 955 2603 Duos
980 2559 1184 2604 tribunos
1212 2585 1272 2594 —
1300 2574 1412 2622 quos
1438 2559 1499 2604 de
1533 2558 1717 2620 lapide
1744 2566 1947 2620 emptos

107 2636 205 2693 ait,
237 2637 346 2699 quia
376 2634 570 2682 mercede
601 2637 652 2682 id
682 2637 920 2696 faciebant
937 2670 950 2693 ,
995 2639 1100 2683 Sex.
1128 2638 1319 2683 Atilium
1352 2642 1592 2684 Serranum
1624 2644 1667 2681 et
1710 2636 1760 2695 Q.
1790 2637 1948 2680 Nume-

107 2715 227 2760 rium
255 2715 505 2776 signifieat.
569 2714 707 2760 schol.
742 2713 844 2759 Bob.
890 2714 934 2758 in
969 2717 1089 2760 Orat.
1125 2733 1199 2776 pro
1231 2717 1378 2761 Sextio
1411 2734 1451 2777 p.
1482 2720 1585 2760 303.
1631 2715 1681 2773 Q.
1712 2715 1949 2758 Numerius

109 2791 263 2850 Rufus
294 2818 354 2828 —-
376 2791 484 2852 fuit
515 2808 632 2836 unm
663 2807 686 2835 e
710 2790 897 2851 collegio
925 2791 1203 2835 tribunorum
1228 2794 1511 2837 restitutioni
1535 2793 1758 2837 Ciceronis
1784 2792 1944 2836 obnixe

110 2867 372 2912 adversatus
389 2889 406 2922 ,-
436 2872 566 2915 cuius
584 2884 823 2930 personam
851 2867 1122 2928 despiciens,
1157 2868 1277 2930 quod
1305 2877 1422 2913 esset
1448 2885 1534 2922 non
1561 2877 1736 2914 tantum
1762 2876 1943 2913 statura

112 2945 374 3007 depressus,
406 2963 556 2991 verum
588 2946 724 2990 etiam
766 2945 908 2990 colore
940 2945 1153 3002 rubidus,
1186 2946 1490 2992 nitedulam
1522 2950 1796 3001 nominavit5
1827 2947 1949 3009 quod

111 3023 288 3068 videtur
314 3039 410 3068 esse
435 3024 578 3068 muris
606 3039 779 3083 genus,
821 3031 875 3067 ut
906 3032 1093 3084 apparet
1131 3040 1188 3068 ea·
1220 3025 1346 3069 verbo
1381 3026 1430 3071 in
1466 3024 1675 3071 clausula
1710 3026 1846 3070 huius
1872 3041 1946 3071 ea·

102 3099 244 3162 pitis,
280 3101 402 3161 quod
431 3100 553 3145 dixit
584 3099 856 3144 adrodere.
891 3100 974 3144 cfr.
1003 3100 1058 3145 ad
1091 3118 1127 3145 a.
1154 3104 1256 3147 697.
1282 3106 1323 3146 2.

109 3205 112 3208 Δ
188 3178 274 3253 (³⁸)
317 3179 384 3233 M.
414 3178 669 3233 Aemilius
705 3178 940 3232 Scaurus
974 3178 1026 3232 h.
1051 3195 1098 3233 3.
1128 3179 1456 3234 aedilitatem
1490 3199 1703 3237 summa
1739 3180 1945 3254 magni·

39 3289 44 3292 ’
110 3276 323 3333 fluentia
375 3279 568 3349 gessit,
631 3277 1012 3350 theatrumque
1067 3279 1398 3342 aedificavit,
1461 3282 1601 3353 quod
1655 3301 1789 3355 opus
1842 3282 1947 3337 suit

110 3379 407 3435 maximum
460 3380 703 3433 omnium
731 3422 744 3445 ,
807 3396 944 3450 quae
989 3397 1247 3453 umquam
1289 3380 1438 3436 suere
1484 3382 1721 3439 humana
1779 3401 1946 3439 manu

111 3475 268 3534 faeta.
313 3497 367 3535 u.
402 3497 448 3535 c.
476 3458 564 3534 ⁶2⁶2..
609 3484 698 3535 60.

1572 3575 1632 3620 54
