2210 3970
197 258 306 311 666
660 262 1557 305 ANNALES-CIGERONIANI.

280 402 343 476 (ὃ)
388 402 569 456 Tertia
597 398 662 453 de
695 395 1019 466 collegiis
1062 411 1130 448 lv.
1166 398 1324 449 (232.
1365 401 1455 452 79.
1499 399 1661 471 (222.
1695 401 1783 450 55.

264 506 416 546 Ascon.
440 502 484 544 in
503 501 639 544 Pison.
659 500 741 560 p.'7
767 513 828 558 sq.
864 497 911 539 L.
934 493 1123 537 Gaecilio
1162 493 1210 551 Q.
1226 495 1393 538 Marcio
1426 493 1682 539 consulibus
1707 497 1771 553 [a.
1788 498 1836 540 U.
1857 498 1898 539 C.
1915 499 2044 554 686.]

208 573 592 618 senatusconsulto
621 574 810 635 collegia
842 572 1022 617 sublata
1043 579 1174 628 sunt,
1208 589 1321 633 quae
1349 571 1560 615 adversus
1586 572 1902 633 rempublicam
1929 571 2045 615 vide-

206 650 369 695 bantur
397 655 519 695 esse':
553 678 612 685 —-
645 654 757 696 Post
791 666 940 694 novem
969 648 1123 694 deinde
1157 666 1327 705 annos,
1376 665 1510 710 quam
1552 649 1732 693 sublata
1765 657 1890 694 eraut
1924 651 1981 707 [i.
2008 665 2048 694 e.

208 746 364 774 novem
408 730 531 775 annis
573 729 846 793 interpositis(
870 730 989 773 inter
1019 745 1058 772 a.
1094 730 1184 771 686
1218 736 1261 771 et
1291 730 1444 787 696.]‚
1490 728 1545 771 P.
1587 726 1798 782 Clodius,
1844 726 2053 770 tribunus

206 806 378 867 plebis,
413 806 506 867 lege
539 807 634 851 lata
658 807 863 851 restituit
897 805 1106 865 collegia.
1172 804 1256 848 Cic.
1287 804 1343 848 ad
1377 810 1471 850 Att.
1501 817 1573 857 111.
1603 808 1678 848 15.
1714 807 1754 849 4.
1806 803 1879 866 Si,
1915 819 2054 863 quan-

213 891 310 929 tum
335 902 403 929 me
430 901 554 928 amas
583 893 627 929 et
650 885 838 940 amasti,
873 890 1049 927 tantum
1076 898 1226 925 amare
1243 881 1417 925 deberes
1444 898 1496 925 ac
1524 881 1749 925 debuisses
1768 913 1782 936 ,
1814 895 2055 941 numquam

219 977 338 1005 esses
357 977 557 1021 passus,
592 978 659 1005 me
676 993 688 1014 ‚
725 977 811 1022 quo
838 968 889 1003 tu
915 958 1174 1002 abundabas
1192 991 1205 1014 ,
1240 974 1364 1018 egere
1394 958 1579 1002 consilio
1589 979 1605 1011 ‚·
1639 975 1716 1002 nec
1745 974 1862 1002 esses
1887 972 2060 1019 passus

217 1038 333 1082 mihi
353 1037 644 1099 persuaderi,
677 1038 792 1081 utile
815 1036 942 1081 nob-is
974 1051 1095 1091 esse,
1134 1035 1271 1095 leqem
1298 1034 1351 1079 de
1384 1035 1587 1098 colleqiis
1602 1036 1816 1097 perferri.
1849 1037 1895 1080 in
1924 1036 2060 1079 Pison-

218 1114 250 1159 l.
267 1130 303 1160 c.
339 1120 489 1160 Ascon.
514 1114 559 1158 in
594 1115 728 1160 Pison.
754 1131 794 1175 p.
814 1116 854 1158 9.
880 1114 910 1157 l.
929 1128 964 1157 c.
1016 1114 1094 1157 Dio
1119 1112 1147 1157 1.
1167 1128 1204 1157 c.

235 1288 239 1291 ⁴
299 1216 364 1292 (⁷)
406 1218 609 1285 Quarta
640 1216 705 1271 de
741 1211 1074 1271 censoria
1119 1217 1543 1272 notionellv.
1587 1199 1750 1271 0252.
1791 1220 1880 1270 79.

283 1316 426 1362 schol.
460 1316 562 1362 Bob.
590 1316 638 1361 in
669 1319 790 1361 Orat.
821 1332 898 1376 pm
928 1316 1071 1360 Sextio
1101 1333 1139 1376 p.
1159 1320 1264 1360 300.
1303 1316 1616 1360 Clodianarum
1646 1315 1792 1377 legum
1810 1315 1939 1375 facit
1962 1331 2066 1360 enu-

223 1395 508 1440 merationem
525 1414 542 1447 ;
573 1410 762 1454 quarum
779 1393 886 1453 fuit
914 1401 957 1438 et
991 1393 1120 1449 haec,
1153 1410 1208 1437 ne
1233 1393 1384 1438 liceret
1411 1394 1584 1437 censori
1597 1395 1848 1454 praeterire
1869 1393 2066 1454 aliquem

226 1475 278 1525 in
304 1481 463 1518 senatu
499 1472 724 1517 recitando
741 1507 753 1529 ,
804 1472 896 1515 nisi
928 1487 1026 1515 eum
1044 1505 1062 1527 ,
1091 1487 1221 1531 quem
1252 1471 1510 1516 damnatum
1543 1487 1642 1516 esse
1677 1479 1911 1516 constaret.
1979 1472 2066 1517 Cio.

232 1552 286 1596 de
314 1567 430 1614 prov.
458 1566 572 1594 cons,
604 1549 633 1593 l.
652 1565 686 1594 c.
716 1549 762 1593 in
792 1549 932 1594 Pison.
963 1548 994 1594 l.
1012 1564 1052 1592 e.
1087 1554 1238 1593 Ascon.
1267 1547 1314 1593 in
1350 1550 1484 1594 Pison.
1506 1566 1549 1610 p.
1570 1553 1615 1594 9.
1647 1549 1733 1594 Le.
1767 1550 1844 1593 Dio
1861 1549 1950 1594 Le.
2019 1549 2021 1552 ’

309 1645 376 1721 (⁸)
417 1644 562 1699 Alias
590 1642 795 1722 deinde⁴
814 1642 946 1696 duas
977 1642 1280 1713 rogationes
1314 1642 1456 1698 idem
1487 1643 1703 1698 Clodius
1732 1660 1838 1698 uno
1865 1643 2074 1715 eodem·

231 1762 341 1818 que
375 1752 616 1816 tempore
650 1742 1038 1814 promulgavit;
1080 1759 1311 1813 quarum
1344 1730 1518 1799 {ultera
1551 1744 1767 1798 iubebat
1803 1743 2076 1816 provin·
2127 1783 2130 1785 >
2203 1744 2205 1746 ’

234 1846 392 1902 cias
457 1823 893 1899 consulibus
945 1844 1375 1898 nominatim
1428 1843 1724 1899 dandas:
1786 1862 1854 1898 lv.
1902 1863 1950 1900 c.
1986 1848 2075 1898 ⁶22.

240 1950 327 2001 54.
367 1964 414 2000 o.
438 1949 527 1998 25.
571 1948 659 1997 62.
703 1961 748 1997 c,
774 1947 862 1998 52.
908 1947 995 1996 79.
1027 1960 1089 2018 tv.
1124 1959 1169 1996 ο.
1197 1946 1284 1996 12.
1328 1946 1415 1996 52.
1453 1960 1498 1996 o.
1525 1948 1612 1998 55.
1656 1948 1744 2000 88.

302 2045 388 2094 Cio.
415 2061 492 2106 pro
523 2047 657 2088 Domo
689 2059 767 2087 sua
795 2059 833 2086 c.
858 2044 899 2086 9.
930 2045 1003 2086 23.
1054 2041 1212 2100 Quid?
1253 2042 1422 2086 homini
1444 2051 1554 2103 post
1597 2043 1797 2087 lemni-nes·
1823 2051 1952 2087 natos
1986 2051 2081 2088 tur-

230 2124 451 2186 pissimo,
483 2121 826 2167 sceleratissimo
846 2153 859 2175 ,
892 2119 1319 2164 contaminatissimo
1348 2121 1452 2181 quis
1483 2120 1613 2164 illam
1641 2122 1833 2181 opimam
1864 2120 2083 2175 fertilem-

240 2220 325 2265 que
362 2203 571 2265 Syriam,
602 2201 705 2261 quis
723 2199 884 2243 bellum
893 2198 1215 2259 pacatissimis>
1229 2198 1462 2259 gentibus,
1493 2200 1596 2260 quis
1607 2199 1845 2259 pecuniam
1868 2198 1929 2242 ad
1943 2215 2085 2242 emen·

242 2279 321 2324 dos
350 2294 482 2340 agros
509 2278 800 2321 constitutam
817 2309 830 2331 ,
864 2283 1059 2336 ereptam
1092 2276 1138 2319 vi
1166 2292 1222 2320 ea·
1252 2277 1456 2322 Caesaris
1483 2278 1614 2322 rebus
1640 2277 1787 2333 actis,
1821 2277 1923 2337 quis
1945 2277 2083 2337 impe·

239 2359 358 2402 rium
384 2357 620 2417 infinita-m
655 2354 818 2398 dedit?
887 2354 969 2397 Cui
1001 2352 1178 2414 quidem
1211 2370 1347 2414 quum
1390 2354 1593 2398 Ciliciam
1636 2352 1860 2408 dedisses,
1892 2353 2086 2396 mutasti

240 2436 522 2497 pactionem,
572 2441 616 2477 et
663 2432 871 2477 Ciliciam
908 2430 970 2474 ad
998 2418 1252 2491 praetorem
1284 2432 1391 2475 item
1425 2439 1554 2476 extra
1592 2431 1788 2475 ordinem
1831 2430 2085 2477 tratulisti:

250 2511 462 2567 Gabinio,
485 2510 638 2570 pretio
659 2509 965 2570 amplificato,
990 2510 1170 2569 Syriam
1195 2510 1459 2554 nominatim
1487 2509 1668 2553 dedisti.
1739 2508 1893 2566 Quid?
1922 2508 2090 2552 homini

248 2589 502 2634 taeterrimo
520 2620 534 2643 ,
566 2578 897 2643 crudelissimo,
921 2586 1259 2646 fallacissimo,
1296 2587 1491 2630 omnium
1523 2586 1737 2630 scelerum
1770 2584 2092 2646 libidinumque
2148 2628 2150 2630 ,
2202 2623 2203 2626 ,

252 2665 445 2710 maculis
481 2665 794 2718 notatissimo,
847 2666 897 2707 L.
937 2664 1096 2707 Pisoni
1112 2690 1127 2719 5
1174 2679 1314 2707 norme
1358 2664 1622 2707 nominatim
1659 2661 1871 2724 populos·
1906 2662 2092 2719 liberos,

249 2743 410 2787 mult-is
434 2741 851 2787 'senatusconsultis
869 2773 883 2795 ,
932 2742 1068 2785 etiam
1109 2741 1277 2784 recenti
1326 2738 1421 2801 lege
1465 2741 1619 2801 generi
1661 2741 1809 2801 ipsius
1854 2740 2063 2785 liberatos
2080 2771 2095 2797 ‚

252 2822 425 2867 vinctos
452 2828 497 2864 et
518 2819 780 2864 constrictos
809 2818 1088 2863 tradidisti?
1151 2820 1302 2862 Nonne
1319 2857 1332 2880 ‚
1365 2835 1501 2879 quum
1529 2819 1584 2862 ab
1611 2835 1659 2863 eo
1689 2833 1852 2862 merces
1880 2818 1949 2862 tui
1972 2817 2094 2861 bene-

248 2899 358 2960 ficii
377 2899 663 2959 pretiumque
686 2898 947 2959 provinciae
977 2912 1071 2940 meo
1104 2896 1325 2957 sanguine
1351 2895 1436 2940 tibi
1464 2904 1580 2941 esset
1606 2894 1884 2958 persolutum
1902 2927 1915 2950 ,
1949 2902 2096 2939 tamen

254 2977 478 3021 aerarium
520 2992 620 3019 cum
653 2991 701 3019 eo
726 2974 934 3036 partitus
971 2974 1058 3017 es?
1107 2975 1238 3017 Itane
1269 2989 1371 3018 vero
1388 2974 1415 3016 Ρ
1449 2982 1500 3018 tu
1522 2974 1784 3034 provincias
1816 2971 2096 3029 consulares,

257 3069 371 3116 quas
412 3054 455 3096 G.
499 3053 750 3109 Gracchus,
793 3052 873 3112 qui
909 3067 1027 3095 unus
1059 3052 1253 3096 maxime
1291 3051 1529 3114 popularis
1556 3052 1664 3111 fuit
1682 3086 1695 3108 ,
1735 3054 1821 3095 non
1855 3049 1981 3094 modo
2012 3066 2099 3094 non

259 3130 451 3175 abstulit
478 3130 532 3173 ab
559 3138 746 3185 senatu,
786 3128 867 3173 sed
896 3129 1033 3173 etiam
1050 3161 1063 3184 ‚
1096 3136 1151 3172 ut
1174 3145 1348 3174 necesse
1375 3137 1491 3173 esset
1516 3131 1757 3190 quotannis
1788 3129 2006 3173 constitui
2012 3144 2099 3189 per

257 3217 460 3254 senatum
478 3241 491 3264 ,
523 3207 698 3251 decreta
727 3206 820 3267 lege
852 3206 1010 3268 sanxit
1027 3242 1040 3262 ‚
1077 3223 1178 3262 eas,
1214 3206 1309 3269 lege
1340 3208 1603 3267 Sempronia
1616 3224 1703 3268 per
1729 3215 1931 3251 senatum
1957 3205 2102 3250 decre·
2171 3216 2192 3261 ‚³

262 3295 360 3342 tas,
401 3285 631 3330 rescidisti
644 3306 662 3340 ;
705 3291 835 3329 extra
874 3281 1102 3340 ordinem,
1149 3285 1246 3328 sine
1287 3292 1431 3341 sorte,
1479 3286 1744 3329 nominatim
1783 3284 1973 3340 dedisti,
2016 3300 2103 3328 non
2171 3291 2201 3336 ᾗ

263 3363 540 3419 consulibus,
574 3361 653 3405 secl
672 3361 943 3422 reipublicae
962 3361 1183 3422 pestibus.
1248 3362 1367 3410 Ibid.
1401 3379 1435 3407 c.
1456 3365 1528 3407 23.
1557 3358 1643 3410 60.'·
1673 3363 1817 3420 Quum
1839 3361 1974 3405 alteri
2000 3362 2105 3419 (Pi-

264 3442 384 3499 soni)
418 3439 558 3483 totam
599 3439 835 3497 Achaiam,
874 3422 1181 3496 Timauum,
1215 3442 1471 3493 Boeotiam,
1513 3441 1768 3496 Graeciam,
1803 3438 2102 3483 Macedoniam
2179 3431 2210 3505 ξ’,

267 3534 517 3578 omnemque
561 3517 833 3575 barbariam,
886 3518 995 3563 bona
1048 3518 1212 3562 civium
1259 3520 1552 3564 Romanorum
1598 3518 1887 3564 condonasses
1904 3539 1922 3574 ,-
1970 3516 2104 3562 alteri
2180 3517 2201 3562 ἑ
