2158 4030
420 228 474 283 12.
498 228 535 283 1.
580 248 623 282 0.
651 176 782 282 xn's.
827 228 957 299 §45
999 259 1070 267 -κ
1111 227 1315 281 cxvi.
1359 228 1509 299 §47-
1802 234 1862 284 21

59 381 311 455 permulti
339 380 634 436 imitatores
658 378 961 450 principum
989 379 1271 432 exsistunt.
1352 378 1485 433 Nam
1513 379 1638 434 licet
1666 380 1872 446 videre,

57 484 103 537 si
126 483 255 539 velis
275 481 533 554 replicare
552 478 862 535 memoriam
885 483 1210 550 temporum,
1237 479 1655 552 qualescumque
1674 484 1871 535 summi

58 583 294 637 civitatis
332 582 434 636 viri
475 580 702 644 fuerint,
749 578 910 634 talem
948 578 1221 632 civitatem
1263 578 1453 634 luisse:
1505 596 1875 652 quaecumque

58 681 295 739 mutatio,
313 697 524 736 morum
551 681 607 735 in
634 677 966 752 principibus
990 678 1288 742 exstiterit,
1327 678 1570 735 eamdem
1603 681 1662 733 iu
1686 680 1877 752 populo

57 787 314 838 secutam.
397 780 563 853 quue
602 779 745 836 haud
783 778 963 852 paullo
997 785 1080 835 est
1128 779 1339 844 verius,
1382 796 1544 852 quam
1578 780 1721 853 qum
1760 780 1876 836 Pla-

62 881 174 938 toni
202 888 383 940 nostro
408 882 611 955 placet,
649 882 773 954 qui,
802 880 1132 937 musicorum
1163 879 1446 946 cantiliu8‚
1479 882 1585 946 ait,
1625 883 1878 945 mutam,

58 982 261 1038 mutari
286 981 569 1038 civitatum
602 987 792 1037 status·
870 980 984 1052 Ego
1022 986 1230 1045 autem,
1267 980 1527 1036 nobilium
1566 982 1676 1036 vita
1709 983 1878 1037 victu·

62 1098 167 1154 que
206 1088 463 1148 mutato,
488 1098 665 1138 mores
705 1081 905 1137 mutari
936 1080 1220 1137 civitatum
1259 1086 1406 1154 puto.
1488 1084 1576 1136 46.
1618 1082 1735 1150 Quo
1766 1100 1881 1155 per-

65 1182 321 1240 niciosius
346 1181 413 1238 de
444 1181 717 1254 republica
749 1187 1028 1237 merentur
1048 1180 1236 1235 ·vitiosi
1264 1180 1562 1251 principes,
1602 1182 1743 1252 quod
1778 1199 1882 1237 non

66 1280 239 1338 solum
270 1281 402 1336 vitia
433 1281 744 1351 concipiunt
776 1280 907 1351 ipsi,
947 1278 1041 1333 sed
1073 1295 1135 1334 ea
1169 1278 1461 1334 infundunt
1494 1281 1549 1335 in
1581 1281 1883 1337 civitatem:

62 1397 238 1454 neque
273 1380 467 1437 solum:
490 1379 713 1444 obsunt,
767 1379 868 1451 ipsi
908 1379 1050 1451 quod
1093 1386 1545 1451 corrumpuntur,
1595 1381 1687 1436 sed
1722 1383 1884 1437 etiam

62 1479 590 1553 quod-eorrumpunt
610 1522 625 1545 ,
665 1479 892 1553 plusque
918 1478 1188 1551 exemplo,
1227 1496 1390 1551 quam
1424 1487 1643 1552 peccato
1676 1474 1884 1538 nocent.

62 1581 244 1654 iAtque
274 1579 412 1638 haec
436 1579 553 1646 lex,
590 1578 814 1636 dilatata
846 1579 902 1634 iu
939 1578 1184 1634 ordinem
1217 1586 1507 1645 cunctum,
1544 1585 1887 1653 coangustari

62 1683 455 1756 etiamfzpotezt»
533 1682 696 1738 Pauci
729 1681 912 1746 enim,
947 1687 1109 1753 atque
1146 1679 1435 1737 admodum
1468 1684 1655 1754 pauci,
1695 1683 1894 1740 honore

62 1790 131 1842 ,et
168 1782 346 1855 *gloria
387 1782 699 1856 amplificati
721 1825 736 1847 ‚
793 1782 875 1838 vel
925 1798 1272 1854 corrumpere
1314 1798 1490 1838 mores
1534 1783 1772 1840 civitatis
1811 1786 1892 1841 vel

66 1883 341 1955 corrigere
377 1888 616 1956 pessunt.

66 2022 71 2029 -
144 1984 254 2042 Sed
292 1985 422 2042 haec
454 1990 510 2041 et
549 2000 696 2040 nunc
730 1984 893 2048 satis,
939 1991 995 2039 et
1036 1985 1097 2040 in
1133 1983 1254 2039 aliis
1296 1983 1448 2041 lilii-is
1488 1992 1724 2043 tractata
1765 1995 1891 2043 sunt

73 2082 399 2157 diligentius.
478 2084 654 2153 Quare
686 2083 753 2139 ad
786 2083 992 2157 reliqua
1031 2084 1327 2140 veniamus

71 2328 74 2331 -
147 2284 302 2344 XVI..
336 2320 337 2323 =
369 2289 457 2341 47.
497 2284 715 2353 Quum¹
759 2300 855 2339 nos
895 2290 950 2340 et
990 2284 1224 2352 Quintus
1256 2284 1423 2341 frater
1461 2302 1592 2341 cum
1628 2288 1895 2343 coiisohri·

76 2387 165 2443 uis
193 2383 442 2450 nosti-iss
465 2385 752 2441 Aculeonis
782 2384 937 2448 filiis,
975 2390 1030 2438 et
1062 2400 1125 2439 ea
1149 2382 1510 2450 disceremuS,
1549 2402 1686 2457 quae
1711 2387 1899 2442 Crasso

75 2487 375 2561 placerent,
425 2491 481 2542 et
511 2485 580 2544 ab
613 2484 698 2541 his
734 2484 1070 2549 dectorihuS,
1108 2484 1308 2556 quibus
1336 2484 1426 2540 ille
1464 2493 1739 2552 uteretur,
1777 2505 1896 2543 eru-

68 2588 342 2646 diremur:
380 2602 577 2658 magua
596 2591 619 2624 ²
652 2585 803 2642 nobis
828 2585 1013 2658 pueris
1036 2585 1217 2656 opinio
1249 2583 1381 2648 suit,
1422 2585 1479 2640 L.
1505 2586 1758 2643 Crassum
1793 2605 1898 2644 nou

69 2687 195 2762 plus
211 2689 482 2760 <attigisse
519 2687 825 2751 doctrinae,
872 2703 1038 2759 quam
1073 2693 1336 2758 quantum
1372 2688 1546 2759 prima
1581 2687 1672 2743 illa
1706 2690 1897 2759 puerili

20 2818 21 2823 κ
76 2789 414 2846 institutione
457 2788 746 2860 potuisset;
798 2787 864 2842 M.
899 2794 1082 2842 autem
1127 2787 1418 2843 Antonium
1464 2790 1682 2844 omnino
1726 2791 1901 2845 omnis

0 2914 2 2931 ι
46 2909 47 2912 ’
76 2887 395 2949 eruditimis
425 2893 699 2960 expertem
732 2893 894 2959 atque
921 2888 1171 2959 ignarum
1200 2887 1398 2950 suisse·,
1431 2896 1692 2961 erantque
1718 2890 1901 2952 multi,

77 2990 202 3060 qui,
259 3004 584 3060 quamquam
629 3005 735 3043 uon
780 2989 857 3044 ita
909 3005 1024 3053 sese
1069 3005 1184 3044 rem
1230 2988 1426 3045 habere
1477 2989 1901 3055 arbitrarentur„

80 3095 290 3154 tamen,
329 3106 434 3161 quo
467 3087 679 3144 facilius
717 3074 813 3145 nos
853 3091 1098 3145 incensos
1124 3089 1304 3145 studio
1337 3089 1550 3144 dicendi
1589 3107 1619 3144 a
1658 3090 1902 3146 doctrina

82 3189 442 3254 deterrerent,
500 3188 728 3244 libenter
786 3189 871 3255 id,
929 3190 1070 3262 quod
1130 3189 1270 3254 dixi,
1329 3189 1394 3243 dc
1447 3189 1552 3242 illis
1604 3192 1905 3245 oratoribus

83 3290 483 3362 praedicarent,
523 3297 615 3355 ut,
667 3292 711 3343 si
753 3289 996 3345 homines
1035 3308 1151 3356 non-
1175 3290 1373 3346 eruditi
1421 3307 1688 3351 summam
1728 3300 1906 3349 essent

128 3525 184 3580 .ι)
215 3521 401 3567 decrat.
421 3523 478 3565 ιι.
511 3518 551 3566 ἐ.
577 3523 614 3565 1.
650 3524 733 3579 §2
769 3549 827 3556 -
862 3526 899 3582 2)
934 3522 1044 3569 lbid.
1074 3524 1159 3578 §¹-
