2158 4030
961 157 1277 194 *XVI——

199 307 290 340 nos
325 290 561 356 perficere
599 287 918 347 studuimus,
967 303 1140 337 revera
1178 288 1276 338 suit
1318 304 1442 354 opus
1485 288 1837 341 difficillimum
1871 291 2044 350 factm·

202 390 259 430 ιιι
305 380 453 430 modo
496 378 745 435 diximus3
795 393 1098 442 quamquam
1144 378 1319 427 multis
1356 378 1567 429 sortasse
1607 382 1767 446 primo
1802 381 2043 445 adspectu

199 471 347 536 longe
399 469 544 518 aliter
588 467 842 517 videbitur
899 475 950 516 et
996 467 1163 532 potius
1211 467 1459 517 eiusmodi
1506 475 1556 517 ut
1601 469 1690 518 sibi
1734 469 1880 533 quivis
1929 468 2043 532 Spe·

198 566 271 608 ret
317 559 474 608 idem:
523 557 610 607 sed
654 558 737 607 vix
789 557 968 606 dubito
1024 558 1173 621 quin,
1221 558 1307 622 qui
1358 547 1638 623 perieulum
1684 559 1847 608 facere
1889 558 2043 615 velit,

199 650 331 699 sudet
365 649 562 698 multum
582 687 593 705 ,
631 657 689 696 ut
724 655 869 712 pocta
908 646 1074 703 addit,
1109 647 1383 711 frustraque
1418 647 1594 697 laboret
1627 648 1780 699 Ausus
1812 648 1950 698 idem.

268 827 365 878 Sed
412 827 607 877 diutius
654 827 784 884 iam,
833 842 982 890 quam
1026 842 1113 890 par
1155 835 1262 882 est,
1300 843 1457 890 quum
1501 826 1673 877 videar
1709 827 1779 877 Te
1819 835 2047 876 moratus

201 933 334 974 esse,
389 916 650 966 Carissime
702 914 912 971 Frater,
961 914 1042 963 hic
1079 915 1304 963 desinam
1356 915 1586 966 scribere.
1667 917 1800 983 Ergo
1852 917 1906 966 in
1946 916 2047 965 fine

202 1007 438 1071 epistolae
459 1044 470 1059 ‚
507 1019 658 1068 quam
705 1003 1041 1053 verbosiorem
1081 1004 1290 1053 sortasse
1338 1004 1508 1069 scripsi
1544 1019 1696 1068 quam
1731 1005 1808 1054 Tu
1841 1006 2047 1069 quidem

201 1095 380 1155 velleS‚
415 1093 502 1158 qui
532 1093 687 1143 vitam
718 1108 836 1158 agas
865 1094 1298 1159 occupatissimam
1318 1134 1332 1153 ,
1367 1097 1533 1161 accipe
1568 1093 1706 1159 quod
1735 1094 1934 1143 animus
1966 1108 2050 1143 me

203 1199 348 1233 meus
383 1182 524 1232 iubet
555 1181 666 1231 Tibi
703 1166 968 1247 apprecari.
1016 1182 1193 1234 Servet
1223 1184 1293 1234 Te
1327 1185 1399 1235 ita
1417 1185 1553 1236 Deus
1586 1185 1640 1236 Ο.
1661 1182 1722 1232 Μ.
1760 1184 1813 1232 in
1847 1184 2049 1249 longam

205 1287 452 1323 annorum
488 1271 700 1328 seriem,
754 1279 814 1321 ut
848 1279 900 1321 et
955 1272 1058 1338 ipse
1111 1274 1235 1323 felix
1281 1275 1421 1326 vivas
1455 1291 1572 1325 cum
1618 1274 1681 1324 iis
1721 1274 1808 1339 qui
1844 1273 1956 1323 Tibi
1997 1282 2052 1323 et

205 1362 331 1412 mihi
381 1368 498 1410 sunt
544 1360 820 1418 carissimi,
870 1369 920 1410 et
955 1377 1133 1428 pergas
1175 1363 1450 1429 plurimum
1495 1364 1731 1430 prodesse
1783 1363 2049 1421 omnibuS,

207 1452 294 1518 qui
325 1451 393 1500 Te
430 1459 519 1500 aut
545 1451 806 1518 egregium
835 1450 1024 1501 habent
1060 1452 1346 1505 studiorum
1376 1470 1585 1505 suorum
1619 1454 1802 1504 ducem
1831 1460 1920 1502 aut
1949 1466 2054 1502 me-

207 1541 378 1592 dicum
413 1541 616 1592 fidelem
650 1549 702 1592 et
733 1542 1012 1591 amantem!

275 1720 466 1778 Quodsi
499 1728 667 1771 tamen
702 1739 790 1788 per
823 1721 1050 1789 graviora
1086 1724 1287 1790 negotia
1319 1724 1469 1775 liccat
1513 1724 1625 1775 Tibi
1666 1723 1760 1774 hos
1794 1721 2054 1772 Commen-

211 1810 365 1859 tarios
388 1810 595 1880 legere,
647 1811 723 1862 Tu
759 1813 912 1863 velim
947 1813 1173 1864 animum
1215 1831 1243 1864 a
1276 1810 1358 1864 me
1393 1830 1660 1882 parumper
1705 1821 1931 1873 avenae,
1977 1810 2059 1861 Ci-

211 1915 442 1950 ceronem
478 1900 616 1966 loqui
654 1902 819 1968 ipsum
854 1911 1017 1970 putes,

344 2082 454 2134 Dat.
489 2085 718 2135 Kalendis
749 2086 1028 2139 Februariis

352 2180 355 2183 “
479 2189 783 2227 cmmcccmv,
