2150 3990
452 218 618 273 mn.
661 234 704 270 c.
731 216 865 271 xxi
910 215 1041 288 §67
1083 247 1156 255 -
1195 216 1426 271 0‚xx11.
1469 216 1508 287 g
1536 223 1619 270 70.
1817 221 1914 270 151

111 368 438 430 Statiliuset
472 374 588 440 post
615 383 736 423 eum
768 367 823 421 C.
856 365 1137 437 Cethegus.
1216 365 1546 421 Tan-dissime
1575 372 1754 420 autem
1788 365 1917 421 Leu-

111 470 258 526 tulus
294 470 475 533 venit,
515 463 847 539 credoquod
881 466 1078 522 litteris
1114 466 1305 521 dandis
1337 473 1550 539 praeter
1580 466 1918 521 cousuetudi-

113 586 233 626 nem
265 569 507 643 proxima
545 575 697 623 nocte
735 566 997 639 vigilarat.
1078 566 1254 635 Quum
1293 583 1418 622 vero
1450 567 1678 621 summis
1715 582 1778 620 ac
1817 565 1918 620 ela·

109 656 338 725 rissimis
382 668 544 724 huius
586 670 822 725 civitatis
866 669 1032 734 viris,
1083 670 1213 740 qui,
1252 666 1435 723 audita
1473 684 1567 732 re,
1619 667 1923 739 frequentes

108 769 176 825 ad
207 786 295 825 me
325 776 484 825 mane
509 775 895 833 convenerant,
922 769 1130 826 litteras
1149 785 1182 823 a
1207 784 1294 822 me
1319 769 1473 840 prius
1493 767 1689 840 aperiri
1706 809 1720 831 ‚
1760 781 1922 839 quam

0 935 1 938 Ἴ
107 867 194 950 ad.
208 875 458 925 senatum
490 869 714 935 deferri,
754 870 1015 943 placeret,
1054 884 1149 932 ne,
1189 870 1235 923 si
1273 867 1409 922 nihil
1448 874 1589 922 esset
1620 867 1923 930 inventum,

0 955 37 1031 ε’
109 976 309 1027 temere
352 987 385 1026 a
423 986 509 1026 me
551 977 737 1026 tantus
775 970 1042 1026 tumultus
1087 970 1319 1027 iniectus
1369 968 1577 1023 civitati
1622 968 1923 1028 videretur:

112 1072 299 1143 negavi
339 1087 430 1129 me
474 1089 590 1127 esse
628 1071 927 1137 facturum,
967 1078 1029 1125 ut
1074 1069 1139 1125 de
1176 1069 1414 1142 periculo
1453 1068 1665 1142 publico
1708 1085 1813 1124 non
1857 1068 1924 1123 ad

3 1220 5 1227 .
111 1172 393 1228 consilium
438 1172 712 1245 publicum
758 1189 872 1227 rem
921 1173 1186 1243 integram
1231 1170 1512 1226 deferrem.
1591 1169 1805 1226 Etenim
1826 1210 1842 1234 ‚
1880 1171 1927 1224 si

111 1289 200 1338 ea,
252 1288 388 1344 quae
421 1278 574 1327 erant
613 1271 678 1325 ad
720 1288 806 1326 me
837 1271 1046 1335 delata,
1086 1277 1298 1342 reperta
1338 1286 1442 1323 non
1489 1277 1695 1333 essent,
1748 1277 1925 1324 tamen

17 1402 24 1407 ·
108 1388 342 1444 egouon
374 1370 677 1428 arbitrabar
710 1371 765 1425 in
798 1371 965 1426 tantis
997 1369 1323 1442 reipublicae
1361 1370 1615 1442 periculis
1647 1369 1781 1425 mihi
1815 1386 1929 1426 esse

8 1532 9 1546 χ
109 1471 333 1528 nimiam
389 1470 725 1543 diligentiam
777 1469 1278 1543 pertimescendam.
1370 1472 1458 1525 69.
1509 1470 1767 1526 Senatum
1828 1469 1927 1525 fre·

8 1587 9 1590 ’
106 1577 360 1645 queutem
404 1570 651 1654 celeriter
688 1571 856 1642 coegi.
935 1571 1109 1642 Atque
1145 1571 1349 1626 interea
1387 1572 1573 1626 statim
1594 1612 1609 1635 ‚
1648 1570 1929 1628 admonitu

10 1694 11 1697 ¹
108 1671 478 1744 Allobrogum,
508 1670 566 1727 G.
595 1669 924 1743 Sulpicium,
952 1677 1285 1743 praetorem,
1314 1669 1503 1727 sortem
1538 1672 1746 1734 virum,
1775 1671 1928 1734 misi,

11 1776 13 1782 '
105 1773 199 1844 qui
229 1788 296 1828 ex
327 1770 548 1829 aedibus
578 1770 825 1843 Cethegi,
864 1772 911 1826 si
949 1770 1079 1843 quid
1107 1770 1336 1826 telorum
1369 1778 1538 1834 esset,
1577 1770 1825 1827 efferret:
1863 1787 1929 1827 ex

105 1872 301 1944 quibus
321 1872 410 1944 ille
427 1873 726 1929 maximum
746 1874 983 1930 sicarum
1005 1888 1290 1928 numerum
1318 1880 1372 1927 et
1392 1872 1692 1944 gladiorum
1719 1873 1929 1929 extulit.

108 1971 386 2030 Introduxi
431 1972 775 2030 Vulturcium
813 1974 929 2029 sine
980 1973 1170 2030 Gallis:
1213 1973 1372 2029 fidem
1412 1975 1462 2028 ei
1513 1974 1783 2047 publicam
1824 1976 1930 2030 ius·

109 2088 173 2130 su
210 2053 428 2133 senatus
474 2074 622 2131 dedi:
682 2074 928 2130 hortatus
972 2090 1123 2139 sum,
1163 2082 1225 2130 ut
1257 2091 1349 2139 ea,
1393 2091 1532 2146 quae
1582 2077 1774 2140 sciret,
1814 2077 1933 2131 sine

109 2173 569 2230 metu-indicaret.
609 2245 615 2251 .
647 2175 786 2230 Tum
819 2175 935 2239 ille,
975 2190 1143 2246 quum
1183 2174 1270 2228 vix
1313 2174 1371 2228 se
1407 2190 1472 2228 ex
1505 2158 1700 2245 mag'no
1739 2176 1933 2231 timore

109 2283 402 2332 recreasset
421 2315 436 2341 ,
476 2275 613 2330 dixit
650 2291 683 2331 a
714 2276 771 2332 P.
806 2275 1030 2330 Lentulo
1061 2292 1119 2329 se
1145 2274 1340 2330 habere
1364 2274 1432 2329 ad
1464 2275 1748 2330 Catilinam
1779 2291 1931 2332 man·-

109 2376 234 2432 data
265 2381 320 2431 et
351 2375 586 2440 litterati,
614 2380 676 2429 ut
696 2391 973 2429 servorum
1000 2374 1266 2446 praesidio
1295 2381 1541 2430 uteretur
1572 2382 1628 2429 et
1646 2375 1712 2430 ad
1734 2372 1927 2433 Urbem

107 2492 269 2550 quam
306 2474 542 2549 primum
575 2492 700 2531 cum
733 2475 975 2530 exercitu
1008 2475 1312 2531 accederet:
1355 2475 1409 2530 id
1450 2482 1631 2531 autem
1657 2494 1720 2532 eo
1758 2481 1928 2534 cousi·

106 2576 202 2642 lio,
235 2583 331 2642 ut,
371 2592 540 2649 quum
573 2572 766 2631 Urbem
800 2575 1049 2630 omnibus
1081 2593 1146 2630 ex
1179 2576 1451 2647 partibus,
1477 2577 1928 2648 quemadmodum

107 2676 437 2750 descriptum
458 2719 460 2721 -
479 2676 938 2747 distributumque
977 2683 1126 2741 erat,
1168 2675 1531 2731 incendissent
1552 2716 1566 2740 ,
1606 2677 1930 2751 caedemque

110 2777 376 2834 infinitam
416 2777 616 2834 civium
643 2776 909 2833 fecissent
930 2817 943 2841 ,
983 2785 1195 2849 praesto
1234 2784 1374 2834 esset
1408 2778 1524 2842 ille,
1564 2780 1657 2849 qui
1698 2786 1752 2833 et
1790 2779 1928 2851 fugi·

109 2886 266 2933 entes.
291 2879 588 2950 exciperet,
629 2885 682 2932 et
708 2894 765 2933 se
790 2895 915 2934 cum
944 2878 1028 2932 his
1055 2878 1277 2933 urbanis
1303 2878 1531 2933 ducibus
1557 2880 1924 2951 coniungeret.

112 2983 197 3034 70.
238 2978 538 3034 Introducti
578 2986 759 3034 autem
807 2979 941 3034 Galli
983 2979 1358 3048 iusiurandum
1407 2979 1507 3033 sibi
1554 2985 1607 3032 et
1644 2977 1854 3035 litteras
1897 2996 1927 3036 a

70 3088 85 3093 “
108 3079 333 3137 Lentulo
350 3123 366 3146 ,
405 3079 662 3152 Cethego,
705 3079 916 3136 Statilio
940 3079 1008 3136 ad
1040 3097 1195 3136 suam
1222 3087 1436 3152 gentem
1463 3079 1616 3135 datas
1642 3096 1758 3136 esse
1781 3077 1932 3138 dixe-'

107 3187 270 3246 runt,
310 3187 473 3255 atque
498 3183 572 3237 ita
604 3182 707 3237 sibi
735 3182 802 3236 ab
828 3180 913 3236 his
939 3189 993 3236 et
1019 3198 1051 3237 a
1075 3183 1131 3237 L.
1155 3182 1336 3237 Cassio
1367 3198 1484 3236 esse
1509 3185 1925 3255 praescriptum,

111 3287 171 3335 ut
201 3283 502 3354 equitatum
531 3284 586 3338 in
613 3282 823 3338 Italiam
850 3298 1012 3354 quam
1046 3284 1282 3355 primum
1309 3283 1614 3337 mitterent:
1656 3283 1927 3354 pedestres

112 3381 214 3436 sibi
241 3385 419 3455 copias
445 3400 549 3438 non
581 3382 884 3437 defuturas:
928 3384 1212 3438 Lentulum
1244 3391 1425 3450 autem
1455 3384 1554 3437 sibi
1585 3385 1927 3439 confirmasse

112 3498 171 3534 ex
202 3482 326 3538 fatis
355 3484 630 3557 Sibyllinis
667 3485 1119 3556 haruspicumque
1141 3487 1437 3555 responsis,
1476 3503 1533 3539 se
1560 3502 1675 3539 esse
1705 3488 1924 3544 tertium

1572 3585 1600 3630 9
1621 3593 1640 3613 a
