<?xml version="1.0" encoding="UTF-8"?>
<!DOCTYPE html PUBLIC "-//W3C//DTD XHTML 1.0 Transitional//EN"
    "http://www.w3.org/TR/xhtml1/DTD/xhtml1-transitional.dtd">
<html xmlns="http://www.w3.org/1999/xhtml" xml:lang="en" lang="en">
 <head>
  <title>
</title>
<meta http-equiv="Content-Type" content="text/html;charset=utf-8" />
  <meta name='ocr-system' content='tesseract 3.04.00' />
  <meta name='ocr-capabilities' content='ocr_page ocr_carea ocr_par ocr_line ocrx_word'/>
</head>
<body>
  <div class='ocr_page' id='page_1' title='image "./mtulliiciceronis00suriuoft/mtulliiciceronis00suriuoft_0702.png"; bbox 0 0 2210 3970; ppageno 0'>
   <div class='ocr_carea' id='block_1_1' title="bbox 238 218 1604 272">
    <p class='ocr_par' dir='ltr' id='par_1_1' title="bbox 238 218 1604 272">
     <span class='ocr_line' id='line_1_1' title="bbox 238 218 1604 272; baseline -0.004 -4"><span class='ocrx_word' id='word_1_1' title='bbox 238 218 347 270; x_wconf 89' lang='grc'><strong><em>676</em></strong></span> <span class='ocrx_word' id='word_1_2' title='bbox 708 225 1037 266; x_wconf 77' lang='lat' dir='ltr'><strong>ANNALES</strong></span> <span class='ocrx_word' id='word_1_3' title='bbox 1091 225 1604 272; x_wconf 74' lang='lat' dir='ltr'><strong>cicnnoNiAni.</strong></span> 
     </span>
    </p>
   </div>
   <div class='ocr_carea' id='block_1_2' title="bbox 244 354 2077 736">
    <p class='ocr_par' dir='ltr' id='par_1_2' title="bbox 244 354 2077 736">
     <span class='ocr_line' id='line_1_2' title="bbox 303 354 2070 416; baseline -0.002 -12"><span class='ocrx_word' id='word_1_4' title='bbox 303 357 524 408; x_wconf 83' lang='lat' dir='ltr'><strong>Plutarch.</strong></span> <span class='ocrx_word' id='word_1_5' title='bbox 562 356 645 401; x_wconf 87' lang='lat' dir='ltr'>Cic.</span> <span class='ocrx_word' id='word_1_6' title='bbox 674 372 710 400; x_wconf 86' lang='lat' dir='ltr'><strong><em>c.</em></strong></span> <span class='ocrx_word' id='word_1_7' title='bbox 741 359 812 416; x_wconf 83' lang='lat'><strong>32.</strong></span> <span class='ocrx_word' id='word_1_8' title='bbox 848 359 890 399; x_wconf 93' lang='lat'><strong>1.</strong></span> <span class='ocrx_word' id='word_1_9' title='bbox 940 359 1028 399; x_wconf 89' lang='grc' dir='ltr'><strong><em>Ἐν</em></strong></span> <span class='ocrx_word' id='word_1_10' title='bbox 1061 354 1104 400; x_wconf 90' lang='grc' dir='ltr'><strong><em>δ’</em></strong></span> <span class='ocrx_word' id='word_1_11' title='bbox 1141 357 1406 416; x_wconf 81' lang='grc' dir='ltr'><strong><em>Ἱππωνίῳ,</em></strong></span> <span class='ocrx_word' id='word_1_12' title='bbox 1452 356 1597 400; x_wconf 84' lang='grc' dir='ltr'><strong><em>πόλει</em></strong></span> <span class='ocrx_word' id='word_1_13' title='bbox 1642 356 1727 411; x_wconf 82' lang='grc' dir='ltr'><strong><em>τῆς</em></strong></span> <span class='ocrx_word' id='word_1_14' title='bbox 1770 357 2070 411; x_wconf 77' lang='grc' dir='ltr'><strong><em>Λευκανίας,</em></strong></span> 
     </span>
     <span class='ocr_line' id='line_1_3' title="bbox 246 421 2071 496; baseline 0.001 -15"><span class='ocrx_word' id='word_1_15' title='bbox 246 421 554 496; x_wconf 53' lang='grc' dir='ltr'><strong><em>ἧνὈίἰβῶνα</em></strong></span> <span class='ocrx_word' id='word_1_16' title='bbox 581 439 670 481; x_wconf 80' lang='grc' dir='ltr'><strong><em>νῦν</em></strong></span> <span class='ocrx_word' id='word_1_17' title='bbox 702 437 965 490; x_wconf 78' lang='grc' dir='ltr'><strong><em>καλοῦσιν,</em></strong></span> <span class='ocrx_word' id='word_1_18' title='bbox 1001 433 1235 494; x_wconf 78' lang='grc' dir='ltr'><strong><em>Οὐίβιος,</em></strong></span> <span class='ocrx_word' id='word_1_19' title='bbox 1270 434 1482 486; x_wconf 87' lang='grc' dir='ltr'><strong><em>Σικελὸς</em></strong></span> <span class='ocrx_word' id='word_1_20' title='bbox 1512 433 1655 495; x_wconf 70' lang='grc' dir='ltr'><strong><em>ἀνήρ,</em></strong></span> <span class='ocrx_word' id='word_1_21' title='bbox 1691 432 1814 478; x_wconf 79' lang='grc' dir='ltr'><strong><em>ἄλλα</em></strong></span> <span class='ocrx_word' id='word_1_22' title='bbox 1840 452 1888 480; x_wconf 89' lang='grc' dir='ltr'><strong><em>τε</em></strong></span> <span class='ocrx_word' id='word_1_23' title='bbox 1915 437 2071 482; x_wconf 81' lang='grc' dir='ltr'><strong><em>πολλὰ</em></strong></span> 
     </span>
     <span class='ocr_line' id='line_1_4' title="bbox 247 512 2074 578; baseline 0.001 -17"><span class='ocrx_word' id='word_1_24' title='bbox 247 518 329 573; x_wconf 82' lang='grc' dir='ltr'><strong><em>τῆς</em></strong></span> <span class='ocrx_word' id='word_1_25' title='bbox 356 514 634 578; x_wconf 83' lang='grc' dir='ltr'><strong><em>Κικέρωνος</em></strong></span> <span class='ocrx_word' id='word_1_26' title='bbox 657 517 828 573; x_wconf 78' lang='grc' dir='ltr'><strong><em>φιλίας</em></strong></span> <span class='ocrx_word' id='word_1_27' title='bbox 866 512 1225 568; x_wconf 76' lang='grc' dir='ltr'><strong><em>ἀπολελαυκὼς,</em></strong></span> <span class='ocrx_word' id='word_1_28' title='bbox 1249 516 1331 558; x_wconf 86' lang='grc' dir='ltr'><strong><em>καὶ</em></strong></span> <span class='ocrx_word' id='word_1_29' title='bbox 1351 513 1552 576; x_wconf 73' lang='grc' dir='ltr'><strong><em>γεγονὼς</em></strong></span> <span class='ocrx_word' id='word_1_30' title='bbox 1570 513 1898 567; x_wconf 71' lang='grc' dir='ltr'><strong><em>ὑπατεύοντος</em></strong></span> <span class='ocrx_word' id='word_1_31' title='bbox 1916 517 2074 562; x_wconf 77' lang='grc' dir='ltr'><strong><em>αὐτοῦ</em></strong></span> 
     </span>
     <span class='ocr_line' id='line_1_5' title="bbox 244 591 2077 659; baseline 0.002 -21"><span class='ocrx_word' id='word_1_32' title='bbox 244 595 477 640; x_wconf 77' lang='grc' dir='ltr'><em>τεκτόνων</em></span> <span class='ocrx_word' id='word_1_33' title='bbox 505 593 741 656; x_wconf 68' lang='grc' dir='ltr'><strong><em>ἔπαρχος.</em></strong></span> <span class='ocrx_word' id='word_1_34' title='bbox 786 596 920 656; x_wconf 71' lang='grc' dir='ltr'><strong><em>οἰκίᾳ</em></strong></span> <span class='ocrx_word' id='word_1_35' title='bbox 951 591 1039 653; x_wconf 82' lang='grc' dir='ltr'><strong><em>μὲν</em></strong></span> <span class='ocrx_word' id='word_1_36' title='bbox 1068 593 1159 639; x_wconf 73' lang='grc' dir='ltr'><strong><em>οὐκ</em></strong></span> <span class='ocrx_word' id='word_1_37' title='bbox 1192 592 1388 643; x_wconf 65' lang='grc' dir='ltr'><strong><em>ἐδέξατο</em></strong></span> <span class='ocrx_word' id='word_1_38' title='bbox 1412 627 1427 650; x_wconf 93' lang='grc'><strong><em>,</em></strong></span> <span class='ocrx_word' id='word_1_39' title='bbox 1465 592 1520 638; x_wconf 84' lang='grc' dir='ltr'><strong><em>τὸ</em></strong></span> <span class='ocrx_word' id='word_1_40' title='bbox 1549 597 1728 656; x_wconf 77' lang='grc' dir='ltr'><strong><em>χωρίον</em></strong></span> <span class='ocrx_word' id='word_1_41' title='bbox 1760 593 1814 641; x_wconf 80' lang='grc' dir='ltr'><strong><em>δέ</em></strong></span> <span class='ocrx_word' id='word_1_42' title='bbox 1842 597 2077 659; x_wconf 85' lang='grc' dir='ltr'><strong><em>καταγρά-</em></strong></span> 
     </span>
     <span class='ocr_line' id='line_1_6' title="bbox 244 671 749 736; baseline -0.002 -17"><span class='ocrx_word' id='word_1_43' title='bbox 244 688 356 733; x_wconf 80' lang='grc' dir='ltr'><strong><em>ψειν</em></strong></span> <span class='ocrx_word' id='word_1_44' title='bbox 385 671 718 736; x_wconf 79' lang='grc' dir='ltr'><strong><em>ἐπηγγέλλετο.</em></strong></span> <span class='ocrx_word' id='word_1_45' title='bbox 747 691 749 693; x_wconf 67' lang='grc'>’</span> 
     </span>
    </p>
   </div>
   <div class='ocr_carea' id='block_1_3' title="bbox 245 810 2083 1196">
    <p class='ocr_par' dir='ltr' id='par_1_3' title="bbox 245 810 2083 1196">
     <span class='ocr_line' id='line_1_7' title="bbox 322 810 2076 885; baseline 0.002 -21"><span class='ocrx_word' id='word_1_46' title='bbox 322 810 409 885; x_wconf 79' lang='lat'><em>(22)</em></span> <span class='ocrx_word' id='word_1_47' title='bbox 451 811 511 865; x_wconf 92' lang='lat' dir='ltr'><strong><em>In</em></strong></span> <span class='ocrx_word' id='word_1_48' title='bbox 560 810 800 866; x_wconf 88' lang='lat' dir='ltr'><strong>Siciliam</strong></span> <span class='ocrx_word' id='word_1_49' title='bbox 838 817 1020 864; x_wconf 85' lang='lat' dir='ltr'><strong>autem</strong></span> <span class='ocrx_word' id='word_1_50' title='bbox 1060 827 1228 881; x_wconf 89' lang='lat' dir='ltr'><strong>quum</strong></span> <span class='ocrx_word' id='word_1_51' title='bbox 1264 816 1706 884; x_wconf 79' lang='lat' dir='ltr'><strong>transgressurus</strong></span> <span class='ocrx_word' id='word_1_52' title='bbox 1747 819 1916 876; x_wconf 88' lang='lat' dir='ltr'><strong>esset,</strong></span> <span class='ocrx_word' id='word_1_53' title='bbox 1957 830 2076 884; x_wconf 91' lang='lat' dir='ltr'><strong>pro-</strong></span> 
     </span>
     <span class='ocr_line' id='line_1_8' title="bbox 245 909 2079 980; baseline 0.002 -15"><span class='ocrx_word' id='word_1_54' title='bbox 245 911 449 965; x_wconf 88' lang='lat' dir='ltr'><strong>hibitus</strong></span> <span class='ocrx_word' id='word_1_55' title='bbox 485 917 567 964; x_wconf 87' lang='lat' dir='ltr'><strong><em>est</em></strong></span> <span class='ocrx_word' id='word_1_56' title='bbox 614 927 644 964; x_wconf 82' lang='lat' dir='ltr'><strong>a</strong></span> <span class='ocrx_word' id='word_1_57' title='bbox 682 910 735 964; x_wconf 90' lang='lat' dir='ltr'><strong>C.</strong></span> <span class='ocrx_word' id='word_1_58' title='bbox 776 909 1033 980; x_wconf 81' lang='lat' dir='ltr'><strong>virgilio,</strong></span> <span class='ocrx_word' id='word_1_59' title='bbox 1081 911 1173 980; x_wconf 90' lang='lat' dir='ltr'><strong><em>qui</em></strong></span> <span class='ocrx_word' id='word_1_60' title='bbox 1224 917 1437 980; x_wconf 86' lang='lat' dir='ltr'><strong>praetor</strong></span> <span class='ocrx_word' id='word_1_61' title='bbox 1482 910 1719 965; x_wconf 81' lang='lat' dir='ltr'><strong>Siciliam</strong></span> <span class='ocrx_word' id='word_1_62' title='bbox 1771 912 2079 977; x_wconf 86' lang='lat' dir='ltr'><strong>obtinebat;</strong></span> 
     </span>
     <span class='ocr_line' id='line_1_9' title="bbox 248 1009 2080 1083; baseline 0.002 -18"><span class='ocrx_word' id='word_1_63' title='bbox 248 1029 354 1083; x_wconf 85' lang='lat' dir='ltr'><strong><em>qua</em></strong></span> <span class='ocrx_word' id='word_1_64' title='bbox 389 1027 447 1064; x_wconf 88' lang='lat' dir='ltr'><strong>re</strong></span> <span class='ocrx_word' id='word_1_65' title='bbox 482 1009 702 1064; x_wconf 90' lang='lat' dir='ltr'><strong>consilio</strong></span> <span class='ocrx_word' id='word_1_66' title='bbox 742 1015 986 1071; x_wconf 75' lang='lat' dir='ltr'><strong>mutam,</strong></span> <span class='ocrx_word' id='word_1_67' title='bbox 1029 1025 1125 1080; x_wconf 88' lang='lat' dir='ltr'><strong>per</strong></span> <span class='ocrx_word' id='word_1_68' title='bbox 1166 1009 1397 1064; x_wconf 88' lang='lat' dir='ltr'><strong>Thurios</strong></span> <span class='ocrx_word' id='word_1_69' title='bbox 1432 1017 1486 1064; x_wconf 84' lang='lat' dir='ltr'><strong><em>et</em></strong></span> <span class='ocrx_word' id='word_1_70' title='bbox 1531 1011 1825 1071; x_wconf 76' lang='lat' dir='ltr'><strong>Tarentum</strong></span> <span class='ocrx_word' id='word_1_71' title='bbox 1865 1021 2080 1069; x_wconf 85' lang='lat' dir='ltr'><strong>conten·</strong></span> 
     </span>
     <span class='ocr_line' id='line_1_10' title="bbox 246 1109 2083 1196; baseline -0.002 -28"><span class='ocrx_word' id='word_1_72' title='bbox 246 1114 326 1168; x_wconf 89' lang='lat' dir='ltr'><strong>dit</strong></span> <span class='ocrx_word' id='word_1_73' title='bbox 361 1111 739 1174; x_wconf 85' lang='lat' dir='ltr'><strong>Brundisium,</strong></span> <span class='ocrx_word' id='word_1_74' title='bbox 781 1127 885 1181; x_wconf 90' lang='lat' dir='ltr'><strong><em>quo</em></strong></span> <span class='ocrx_word' id='word_1_75' title='bbox 915 1127 962 1164; x_wconf 85' lang='lat' dir='ltr'><strong><em>a.</em></strong></span> <span class='ocrx_word' id='word_1_76' title='bbox 999 1109 1049 1162; x_wconf 91' lang='lat' dir='ltr'><strong><em>d.</em></strong></span> <span class='ocrx_word' id='word_1_77' title='bbox 1085 1128 1192 1164; x_wconf 84' lang='lat' dir='ltr'><strong>xiv.</strong></span> <span class='ocrx_word' id='word_1_78' title='bbox 1217 1110 1331 1164; x_wconf 83' lang='lat' dir='ltr'><strong>Kal.</strong></span> <span class='ocrx_word' id='word_1_79' title='bbox 1355 1111 1477 1164; x_wconf 73' lang='lat' dir='ltr'><strong>Mai.</strong></span> <span class='ocrx_word' id='word_1_80' title='bbox 1517 1111 1708 1196; x_wconf 27' lang='lat'>[2:117</span> <span class='ocrx_word' id='word_1_81' title='bbox 1732 1113 1858 1184; x_wconf 90' lang='lat' dir='ltr'><strong>Apr.</strong></span> <span class='ocrx_word' id='word_1_82' title='bbox 1878 1117 1987 1167; x_wconf 83' lang='lat'><strong><em>696</em></strong></span> <span class='ocrx_word' id='word_1_83' title='bbox 2009 1134 2083 1165; x_wconf 86' lang='lat'>=</span> 
     </span>
    </p>
   </div>
   <div class='ocr_carea' id='block_1_4' title="bbox 249 1211 1410 1285">
    <p class='ocr_par' dir='ltr' id='par_1_4' title="bbox 249 1211 1410 1285">
     <span class='ocr_line' id='line_1_11' title="bbox 249 1211 1410 1285; baseline -0.004 -16"><span class='ocrx_word' id='word_1_84' title='bbox 249 1219 282 1269; x_wconf 88' lang='grc'>6</span> <span class='ocrx_word' id='word_1_85' title='bbox 321 1215 443 1268; x_wconf 81' lang='lat' dir='ltr'><strong><em>Mai.</em></strong></span> <span class='ocrx_word' id='word_1_86' title='bbox 482 1217 550 1268; x_wconf 82' lang='lat'><strong><em>58</em></strong></span> <span class='ocrx_word' id='word_1_87' title='bbox 583 1230 628 1266; x_wconf 82' lang='lat' dir='ltr'><strong><em>a.</em></strong></span> <span class='ocrx_word' id='word_1_88' title='bbox 653 1212 730 1285; x_wconf 90' lang='lat' dir='ltr'><strong>C.]</strong></span> <span class='ocrx_word' id='word_1_89' title='bbox 778 1211 941 1265; x_wconf 83' lang='lat' dir='ltr'><strong>venit.</strong></span> <span class='ocrx_word' id='word_1_90' title='bbox 987 1228 1035 1264; x_wconf 82' lang='lat' dir='ltr'><strong>V.</strong></span> <span class='ocrx_word' id='word_1_91' title='bbox 1076 1229 1120 1264; x_wconf 91' lang='lat' dir='ltr'><strong><em>c.</em></strong></span> <span class='ocrx_word' id='word_1_92' title='bbox 1147 1215 1197 1264; x_wconf 72' lang='lat'><strong>2.</strong></span> <span class='ocrx_word' id='word_1_93' title='bbox 1236 1215 1265 1264; x_wconf 88' lang='grc'><strong>4</strong></span> <span class='ocrx_word' id='word_1_94' title='bbox 1296 1228 1410 1282; x_wconf 87' lang='lat' dir='ltr'><strong>sqq.</strong></span> 
     </span>
    </p>
   </div>
   <div class='ocr_carea' id='block_1_5' title="bbox 247 1310 2088 1932">
    <p class='ocr_par' dir='ltr' id='par_1_5' title="bbox 247 1310 2088 1932">
     <span class='ocr_line' id='line_1_12' title="bbox 312 1310 2084 1379; baseline 0.002 -20"><span class='ocrx_word' id='word_1_95' title='bbox 312 1315 389 1359; x_wconf 92' lang='lat' dir='ltr'><strong>Dio</strong></span> <span class='ocrx_word' id='word_1_96' title='bbox 405 1327 605 1359; x_wconf 81' lang='lat' dir='ltr'><strong>xxxvm.</strong></span> <span class='ocrx_word' id='word_1_97' title='bbox 640 1329 676 1357; x_wconf 92' lang='lat' dir='ltr'><strong><em>c.</em></strong></span> <span class='ocrx_word' id='word_1_98' title='bbox 697 1315 768 1356; x_wconf 80' lang='lat'><strong>17.</strong></span> <span class='ocrx_word' id='word_1_99' title='bbox 800 1316 840 1356; x_wconf 88' lang='lat'><strong><em>5.</em></strong></span> <span class='ocrx_word' id='word_1_100' title='bbox 875 1312 1136 1369; x_wconf 80' lang='grc' dir='ltr'><strong><em>Ὑπεξῆλθε</em></strong></span> <span class='ocrx_word' id='word_1_101' title='bbox 1165 1310 1219 1359; x_wconf 82' lang='grc' dir='ltr'><strong><em>δὲ</em></strong></span> <span class='ocrx_word' id='word_1_102' title='bbox 1252 1312 1302 1364; x_wconf 81' lang='grc' dir='ltr'><strong><em>ἒς</em></strong></span> <span class='ocrx_word' id='word_1_103' title='bbox 1327 1314 1587 1359; x_wconf 77' lang='grc' dir='ltr'><strong><em>Σικελίαν·</em></strong></span> <span class='ocrx_word' id='word_1_104' title='bbox 1626 1315 1899 1377; x_wconf 81' lang='grc' dir='ltr'><strong><em>προστάτης</em></strong></span> <span class='ocrx_word' id='word_1_105' title='bbox 1919 1332 1970 1366; x_wconf 87' lang='grc' dir='ltr'><strong><em>τε</em></strong></span> <span class='ocrx_word' id='word_1_106' title='bbox 1995 1317 2084 1379; x_wconf 79' lang='grc' dir='ltr'><strong><em>γάρ</em></strong></span> 
     </span>
     <span class='ocr_line' id='line_1_13' title="bbox 253 1390 2082 1458; baseline 0.001 -17"><span class='ocrx_word' id='word_1_107' title='bbox 253 1395 378 1455; x_wconf 80' lang='grc' dir='ltr'><strong><em>αὐτῇ</em></strong></span> <span class='ocrx_word' id='word_1_108' title='bbox 419 1394 659 1458; x_wconf 81' lang='grc' dir='ltr'><strong><em>ἐγεγόνει,</em></strong></span> <span class='ocrx_word' id='word_1_109' title='bbox 709 1395 790 1438; x_wconf 78' lang='grc' dir='ltr'><strong><em>καὶ</em></strong></span> <span class='ocrx_word' id='word_1_110' title='bbox 831 1390 1010 1436; x_wconf 81' lang='grc' dir='ltr'><strong><em>ἐλπίδα</em></strong></span> <span class='ocrx_word' id='word_1_111' title='bbox 1054 1390 1236 1450; x_wconf 83' lang='grc' dir='ltr'><strong><em>πολλήν</em></strong></span> <span class='ocrx_word' id='word_1_112' title='bbox 1269 1390 1319 1436; x_wconf 74' lang='grc' dir='ltr'><strong><em>ἔν</em></strong></span> <span class='ocrx_word' id='word_1_113' title='bbox 1358 1409 1408 1438; x_wconf 89' lang='grc' dir='ltr'><strong><em>τε</em></strong></span> <span class='ocrx_word' id='word_1_114' title='bbox 1439 1400 1542 1447; x_wconf 83' lang='grc' dir='ltr'><strong><em>τοῖς</em></strong></span> <span class='ocrx_word' id='word_1_115' title='bbox 1577 1392 1750 1454; x_wconf 91' lang='grc' dir='ltr'><strong><em>δήμοις</em></strong></span> <span class='ocrx_word' id='word_1_116' title='bbox 1783 1397 1864 1440; x_wconf 79' lang='grc' dir='ltr'><strong><em>καὶ</em></strong></span> <span class='ocrx_word' id='word_1_117' title='bbox 1896 1393 1948 1439; x_wconf 74' lang='grc' dir='ltr'><strong><em>ἐν</em></strong></span> <span class='ocrx_word' id='word_1_118' title='bbox 1977 1403 2082 1450; x_wconf 79' lang='grc' dir='ltr'><strong><em>τοῖς</em></strong></span> 
     </span>
     <span class='ocr_line' id='line_1_14' title="bbox 252 1463 2082 1536; baseline 0 -15"><span class='ocrx_word' id='word_1_119' title='bbox 252 1474 480 1527; x_wconf 81' lang='grc' dir='ltr'><strong><em>ἰδιώταις</em></strong></span> <span class='ocrx_word' id='word_1_120' title='bbox 512 1474 575 1535; x_wconf 74' lang='grc' dir='ltr'><strong><em>τῷ</em></strong></span> <span class='ocrx_word' id='word_1_121' title='bbox 606 1489 656 1518; x_wconf 87' lang='grc' dir='ltr'><strong><em>τε</em></strong></span> <span class='ocrx_word' id='word_1_122' title='bbox 685 1471 886 1534; x_wconf 80' lang='grc' dir='ltr'><strong><em>ἄρχοντι</em></strong></span> <span class='ocrx_word' id='word_1_123' title='bbox 921 1470 1072 1530; x_wconf 77' lang='grc' dir='ltr'><strong><em>αὐτῆς</em></strong></span> <span class='ocrx_word' id='word_1_124' title='bbox 1095 1465 1200 1529; x_wconf 76' lang='grc' dir='ltr'><strong><em>εἶχε</em></strong></span> <span class='ocrx_word' id='word_1_125' title='bbox 1231 1463 1618 1531; x_wconf 73' lang='grc' dir='ltr'><strong><em>τιμηθήσεσθαι.</em></strong></span> <span class='ocrx_word' id='word_1_126' title='bbox 1653 1499 1715 1512; x_wconf 69' lang='lat'><em>—</em></span> <span class='ocrx_word' id='word_1_127' title='bbox 1743 1477 1844 1521; x_wconf 79' lang='grc' dir='ltr'><strong><em>Καὶ</em></strong></span> <span class='ocrx_word' id='word_1_128' title='bbox 1877 1474 1904 1533; x_wconf 82' lang='grc' dir='ltr'><em>ἦ</em></span> <span class='ocrx_word' id='word_1_129' title='bbox 1940 1474 1990 1520; x_wconf 77' lang='grc' dir='ltr'><strong><em>ἓν</em></strong></span> <span class='ocrx_word' id='word_1_130' title='bbox 2024 1479 2082 1536; x_wconf 81' lang='grc' dir='ltr'><strong><em>τῇ</em></strong></span> 
     </span>
     <span class='ocr_line' id='line_1_15' title="bbox 249 1550 2088 1617; baseline -0.001 -14"><span class='ocrx_word' id='word_1_131' title='bbox 249 1557 462 1617; x_wconf 78' lang='grc' dir='ltr'><strong><em>Σικελίᾳ</em></strong></span> <span class='ocrx_word' id='word_1_132' title='bbox 493 1550 725 1614; x_wconf 85' lang='grc' dir='ltr'><strong><em>διατριβή</em></strong></span> <span class='ocrx_word' id='word_1_133' title='bbox 767 1550 1047 1613; x_wconf 86' lang='grc' dir='ltr'><strong><em>ἀπερρήθη·</em></strong></span> <span class='ocrx_word' id='word_1_134' title='bbox 1086 1550 1391 1612; x_wconf 77' lang='grc' dir='ltr'><strong><em>τρισχιλίους</em></strong></span> <span class='ocrx_word' id='word_1_135' title='bbox 1425 1567 1477 1597; x_wconf 88' lang='grc' dir='ltr'><strong><em>τε</em></strong></span> <span class='ocrx_word' id='word_1_136' title='bbox 1510 1552 1597 1616; x_wconf 81' lang='grc' dir='ltr'><strong><em>γάρ</em></strong></span> <span class='ocrx_word' id='word_1_137' title='bbox 1641 1555 1724 1598; x_wconf 79' lang='grc' dir='ltr'><strong><em>καὶ</em></strong></span> <span class='ocrx_word' id='word_1_138' title='bbox 1767 1553 2088 1608; x_wconf 81' lang='grc' dir='ltr'><strong><em>ἑπτακοσίους</em></strong></span> 
     </span>
     <span class='ocr_line' id='line_1_16' title="bbox 251 1627 2086 1694; baseline -0.001 -12"><span class='ocrx_word' id='word_1_139' title='bbox 251 1639 334 1683; x_wconf 73' lang='grc' dir='ltr'><strong><em>καὶ</em></strong></span> <span class='ocrx_word' id='word_1_140' title='bbox 373 1635 671 1693; x_wconf 91' lang='grc' dir='ltr'><strong><em>πεντήκοντα</em></strong></span> <span class='ocrx_word' id='word_1_141' title='bbox 709 1631 939 1683; x_wconf 83' lang='grc' dir='ltr'><strong><em>σταδίους</em></strong></span> <span class='ocrx_word' id='word_1_142' title='bbox 974 1627 1094 1690; x_wconf 71' lang='grc' dir='ltr'><strong><em>ὑπὲρ</em></strong></span> <span class='ocrx_word' id='word_1_143' title='bbox 1128 1629 1212 1687; x_wconf 75' lang='grc' dir='ltr'><strong><em>τήν</em></strong></span> <span class='ocrx_word' id='word_1_144' title='bbox 1249 1628 1443 1691; x_wconf 88' lang='grc' dir='ltr'><strong><em>Ῥώμην</em></strong></span> <span class='ocrx_word' id='word_1_145' title='bbox 1470 1630 1801 1694; x_wconf 77' lang='grc' dir='ltr'><strong><em>ὗπερωρίσθη.</em></strong></span> <span class='ocrx_word' id='word_1_146' title='bbox 1864 1633 2086 1680; x_wconf 83' lang='lat' dir='ltr'><strong>Plutarch.</strong></span> 
     </span>
     <span class='ocr_line' id='line_1_17' title="bbox 247 1707 2088 1776; baseline -0.001 -16"><span class='ocrx_word' id='word_1_147' title='bbox 247 1716 331 1761; x_wconf 89' lang='lat' dir='ltr'><strong>Cic.</strong></span> <span class='ocrx_word' id='word_1_148' title='bbox 359 1731 393 1760; x_wconf 94' lang='lat' dir='ltr'><strong><em>c.</em></strong></span> <span class='ocrx_word' id='word_1_149' title='bbox 420 1717 493 1759; x_wconf 81' lang='lat'><strong>32.</strong></span> <span class='ocrx_word' id='word_1_150' title='bbox 524 1717 567 1758; x_wconf 90' lang='lat'><strong>1.</strong></span> <span class='ocrx_word' id='word_1_151' title='bbox 599 1714 701 1757; x_wconf 81' lang='grc' dir='ltr'><strong><em>Καὶ</em></strong></span> <span class='ocrx_word' id='word_1_152' title='bbox 729 1712 889 1762; x_wconf 79' lang='grc' dir='ltr'><strong><em>Γάϊος</em></strong></span> <span class='ocrx_word' id='word_1_153' title='bbox 929 1708 1217 1771; x_wconf 78' lang='grc' dir='ltr'><strong><em>Οὐεργίλιος</em></strong></span> <span class='ocrx_word' id='word_1_154' title='bbox 1261 1707 1288 1753; x_wconf 85' lang='grc' dir='ltr'>ὁ</span> <span class='ocrx_word' id='word_1_155' title='bbox 1326 1711 1412 1767; x_wconf 84' lang='grc' dir='ltr'><strong><em>τῆς</em></strong></span> <span class='ocrx_word' id='word_1_156' title='bbox 1435 1712 1672 1764; x_wconf 78' lang='grc' dir='ltr'><strong><em>Σικελίας</em></strong></span> <span class='ocrx_word' id='word_1_157' title='bbox 1704 1711 1991 1776; x_wconf 80' lang='grc' dir='ltr'><strong><em>στρατηγὸς,</em></strong></span> <span class='ocrx_word' id='word_1_158' title='bbox 2032 1710 2088 1758; x_wconf 77' lang='grc' dir='ltr'><strong><em>ἕν</em></strong></span> 
     </span>
     <span class='ocr_line' id='line_1_18' title="bbox 247 1786 2085 1858; baseline -0.001 -19"><span class='ocrx_word' id='word_1_159' title='bbox 247 1800 353 1846; x_wconf 83' lang='grc' dir='ltr'><strong><em>τοῖς</em></strong></span> <span class='ocrx_word' id='word_1_160' title='bbox 377 1793 593 1853; x_wconf 85' lang='grc' dir='ltr'><strong><em>μάλιστα</em></strong></span> <span class='ocrx_word' id='word_1_161' title='bbox 606 1791 850 1854; x_wconf 83' lang='grc' dir='ltr'><strong><em>Κικέρωνι</em></strong></span> <span class='ocrx_word' id='word_1_162' title='bbox 869 1787 1156 1851; x_wconf 73' lang='grc' dir='ltr'><strong><em>κεχρημένος</em></strong></span> <span class='ocrx_word' id='word_1_163' title='bbox 1170 1819 1184 1842; x_wconf 74' lang='grc'><em>,</em></span> <span class='ocrx_word' id='word_1_164' title='bbox 1218 1786 1423 1851; x_wconf 73' lang='grc' dir='ltr'><strong><em>ἔγραψεν</em></strong></span> <span class='ocrx_word' id='word_1_165' title='bbox 1439 1789 1717 1848; x_wconf 72' lang='grc' dir='ltr'><strong><em>ἀπέχεσθαι</em></strong></span> <span class='ocrx_word' id='word_1_166' title='bbox 1737 1795 1820 1858; x_wconf 81' lang='grc' dir='ltr'><strong><em>τῆς</em></strong></span> <span class='ocrx_word' id='word_1_167' title='bbox 1834 1793 2085 1846; x_wconf 85' lang='grc' dir='ltr'><strong><em>Σικελίας.</em></strong></span> 
     </span>
     <span class='ocr_line' id='line_1_19' title="bbox 251 1864 1475 1932; baseline -0.002 -15"><span class='ocrx_word' id='word_1_168' title='bbox 251 1875 365 1931; x_wconf 78' lang='grc' dir='ltr'><strong><em>Ἐφ’</em></strong></span> <span class='ocrx_word' id='word_1_169' title='bbox 399 1864 474 1923; x_wconf 68' lang='grc' dir='ltr'><strong><em>οἷς</em></strong></span> <span class='ocrx_word' id='word_1_170' title='bbox 512 1870 768 1932; x_wconf 76' lang='grc' dir='ltr'><strong><em>ἀθυμήσας</em></strong></span> <span class='ocrx_word' id='word_1_171' title='bbox 801 1870 1017 1932; x_wconf 82' lang='grc' dir='ltr'><strong><em>ὥρμησεν</em></strong></span> <span class='ocrx_word' id='word_1_172' title='bbox 1050 1868 1133 1915; x_wconf 76' lang='grc' dir='ltr'><strong><em>ἐπὶ</em></strong></span> <span class='ocrx_word' id='word_1_173' title='bbox 1163 1867 1475 1931; x_wconf 78' lang='grc' dir='ltr'><strong><em>Βρεντέσιον.</em></strong></span> 
     </span>
    </p>
   </div>
   <div class='ocr_carea' id='block_1_6' title="bbox 251 1971 2090 2183">
    <p class='ocr_par' dir='ltr' id='par_1_6' title="bbox 251 1971 2090 2183">
     <span class='ocr_line' id='line_1_20' title="bbox 329 1971 2087 2085; baseline 0 -20"><span class='ocrx_word' id='word_1_174' title='bbox 329 2009 414 2085; x_wconf 75' lang='lat'><strong>(2⁸)</strong></span> <span class='ocrx_word' id='word_1_175' title='bbox 456 2011 501 2065; x_wconf 88' lang='lat' dir='ltr'>A</span> <span class='ocrx_word' id='word_1_176' title='bbox 534 2010 820 2066; x_wconf 87' lang='lat' dir='ltr'><strong>Brundisio</strong></span> <span class='ocrx_word' id='word_1_177' title='bbox 840 2052 856 2076; x_wconf 95' lang='lat'><strong>,</strong></span> <span class='ocrx_word' id='word_1_178' title='bbox 896 2010 989 2064; x_wconf 88' lang='lat' dir='ltr'><strong><em>ubi</em></strong></span> <span class='ocrx_word' id='word_1_179' title='bbox 1021 2026 1116 2064; x_wconf 87' lang='lat' dir='ltr'><strong><em>xm</em></strong></span> <span class='ocrx_word' id='word_1_180' title='bbox 1147 2007 1272 2063; x_wconf 87' lang='lat' dir='ltr'><strong>dies</strong></span> <span class='ocrx_word' id='word_1_181' title='bbox 1301 2007 1480 2084; x_wconf 77' lang='lat' dir='ltr'><strong>fuerat</strong></span> <span class='ocrx_word' id='word_1_182' title='bbox 1511 2008 1568 2062; x_wconf 91' lang='lat' dir='ltr'><strong>in</strong></span> <span class='ocrx_word' id='word_1_183' title='bbox 1609 1971 1782 2074; x_wconf 79' lang='lat' dir='ltr'><strong>hortis</strong></span> <span class='ocrx_word' id='word_1_184' title='bbox 1811 2009 1879 2064; x_wconf 90' lang='grc' dir='ltr'><strong><em>Μ.</em></strong></span> <span class='ocrx_word' id='word_1_185' title='bbox 1901 2009 2087 2066; x_wconf 84' lang='lat' dir='ltr'><strong>Laeuii</strong></span> 
     </span>
     <span class='ocr_line' id='line_1_21' title="bbox 251 2107 2090 2183; baseline 0 -17"><span class='ocrx_word' id='word_1_186' title='bbox 251 2110 461 2175; x_wconf 81' lang='lat' dir='ltr'><strong>Flacci,</strong></span> <span class='ocrx_word' id='word_1_187' title='bbox 501 2127 550 2164; x_wconf 84' lang='lat' dir='ltr'><strong>v.</strong></span> <span class='ocrx_word' id='word_1_188' title='bbox 587 2127 633 2165; x_wconf 94' lang='lat' dir='ltr'><strong><em>c.</em></strong></span> <span class='ocrx_word' id='word_1_189' title='bbox 658 2115 709 2165; x_wconf 79' lang='lat'><strong>5.</strong></span> <span class='ocrx_word' id='word_1_190' title='bbox 738 2115 788 2165; x_wconf 89' lang='lat'><strong><em>9.</em></strong></span> <span class='ocrx_word' id='word_1_191' title='bbox 829 2108 1057 2164; x_wconf 83' lang='lat' dir='ltr'><strong>discedit</strong></span> <span class='ocrx_word' id='word_1_192' title='bbox 1085 2108 1225 2182; x_wconf 85' lang='lat' dir='ltr'><strong>prid.</strong></span> <span class='ocrx_word' id='word_1_193' title='bbox 1260 2107 1377 2163; x_wconf 86' lang='lat' dir='ltr'><strong>Kal.</strong></span> <span class='ocrx_word' id='word_1_194' title='bbox 1405 2108 1528 2163; x_wconf 88' lang='lat' dir='ltr'><strong>Mai.</strong></span> <span class='ocrx_word' id='word_1_195' title='bbox 1568 2107 1598 2183; x_wconf 85' lang='lat'>[</span> <span class='ocrx_word' id='word_1_196' title='bbox 1629 2108 1703 2159; x_wconf 83' lang='lat'><strong><em>=</em></strong></span> <span class='ocrx_word' id='word_1_197' title='bbox 1725 2112 1796 2164; x_wconf 76' lang='lat'><strong><em>29</em></strong></span> <span class='ocrx_word' id='word_1_198' title='bbox 1816 2109 1943 2182; x_wconf 88' lang='lat' dir='ltr'><strong>Apr.</strong></span> <span class='ocrx_word' id='word_1_199' title='bbox 1979 2114 2090 2166; x_wconf 83' lang='lat'><strong><em>696</em></strong></span> 
     </span>
    </p>
   </div>
   <div class='ocr_carea' id='block_1_7' title="bbox 252 2209 2089 2285">
    <p class='ocr_par' dir='ltr' id='par_1_7' title="bbox 252 2209 2089 2285">
     <span class='ocr_line' id='line_1_22' title="bbox 252 2209 2089 2285; baseline 0.003 -22"><span class='ocrx_word' id='word_1_200' title='bbox 252 2230 325 2263; x_wconf 88' lang='lat'><strong><em>==</em></strong></span> <span class='ocrx_word' id='word_1_201' title='bbox 363 2216 430 2266; x_wconf 83' lang='lat'><strong><em>18</em></strong></span> <span class='ocrx_word' id='word_1_202' title='bbox 460 2211 580 2266; x_wconf 85' lang='lat' dir='ltr'><strong>Mai.</strong></span> <span class='ocrx_word' id='word_1_203' title='bbox 609 2215 679 2267; x_wconf 74' lang='lat'><strong><em>58</em></strong></span> <span class='ocrx_word' id='word_1_204' title='bbox 714 2229 760 2266; x_wconf 88' lang='lat' dir='ltr'><strong><em>a.</em></strong></span> <span class='ocrx_word' id='word_1_205' title='bbox 787 2211 866 2285; x_wconf 90' lang='lat' dir='ltr'><strong>C.]</strong></span> <span class='ocrx_word' id='word_1_206' title='bbox 910 2215 962 2265; x_wconf 89' lang='lat' dir='ltr'><strong><em>et</em></strong></span> <span class='ocrx_word' id='word_1_207' title='bbox 984 2209 1260 2266; x_wconf 86' lang='lat' dir='ltr'><strong>contendit</strong></span> <span class='ocrx_word' id='word_1_208' title='bbox 1291 2209 1709 2285; x_wconf 79' lang='lat' dir='ltr'><strong>Dyrrhachium.</strong></span> <span class='ocrx_word' id='word_1_209' title='bbox 1750 2229 1799 2267; x_wconf 87' lang='lat' dir='ltr'><strong>v.</strong></span> <span class='ocrx_word' id='word_1_210' title='bbox 1842 2229 1887 2271; x_wconf 82' lang='lat' dir='ltr'><strong><em>c.</em></strong></span> <span class='ocrx_word' id='word_1_211' title='bbox 1911 2215 1962 2267; x_wconf 83' lang='lat'><strong>6.</strong></span> <span class='ocrx_word' id='word_1_212' title='bbox 2001 2216 2089 2268; x_wconf 91' lang='grc'><strong><em>11.</em></strong></span> 
     </span>
    </p>
   </div>
   <div class='ocr_carea' id='block_1_8' title="bbox 257 2310 2097 2616">
    <p class='ocr_par' dir='ltr' id='par_1_8' title="bbox 257 2310 2097 2616">
     <span class='ocr_line' id='line_1_23' title="bbox 316 2310 2094 2376; baseline 0.003 -21"><span class='ocrx_word' id='word_1_213' title='bbox 316 2311 538 2356; x_wconf 84' lang='lat' dir='ltr'><strong>Plutarch.</strong></span> <span class='ocrx_word' id='word_1_214' title='bbox 569 2312 653 2358; x_wconf 89' lang='lat' dir='ltr'><strong>Cic.</strong></span> <span class='ocrx_word' id='word_1_215' title='bbox 689 2327 727 2356; x_wconf 88' lang='lat' dir='ltr'><strong><em>c.</em></strong></span> <span class='ocrx_word' id='word_1_216' title='bbox 756 2315 830 2357; x_wconf 81' lang='lat'><strong>32.</strong></span> <span class='ocrx_word' id='word_1_217' title='bbox 858 2315 900 2356; x_wconf 88' lang='lat'><strong>2.</strong></span> <span class='ocrx_word' id='word_1_218' title='bbox 941 2311 1193 2359; x_wconf 76' lang='grc' dir='ltr'><strong><em>Κάκεῖθεν</em></strong></span> <span class='ocrx_word' id='word_1_219' title='bbox 1223 2314 1296 2364; x_wconf 76' lang='grc' dir='ltr'><strong><em>εἰς</em></strong></span> <span class='ocrx_word' id='word_1_220' title='bbox 1342 2313 1622 2374; x_wconf 71' lang='grc' dir='ltr'><strong><em>Δυρράχιον</em></strong></span> <span class='ocrx_word' id='word_1_221' title='bbox 1653 2310 1810 2376; x_wconf 85' lang='grc' dir='ltr'><strong><em>ἀνέμῳ</em></strong></span> <span class='ocrx_word' id='word_1_222' title='bbox 1844 2313 1978 2374; x_wconf 72' lang='grc' dir='ltr'><strong><em>φορῷ</em></strong></span> <span class='ocrx_word' id='word_1_223' title='bbox 2013 2330 2094 2360; x_wconf 81' lang='grc' dir='ltr'><strong><em>πε·</em></strong></span> 
     </span>
     <span class='ocr_line' id='line_1_24' title="bbox 258 2389 2096 2455; baseline 0.002 -18"><span class='ocrx_word' id='word_1_224' title='bbox 258 2394 579 2454; x_wconf 82' lang='grc' dir='ltr'><strong><em>ραιούμενος,</em></strong></span> <span class='ocrx_word' id='word_1_225' title='bbox 632 2389 1045 2443; x_wconf 78' lang='grc' dir='ltr'><strong><em>ἀντιπνεύσαντος</em></strong></span> <span class='ocrx_word' id='word_1_226' title='bbox 1091 2393 1361 2454; x_wconf 82' lang='grc' dir='ltr'><strong><em>πελαγίου,</em></strong></span> <span class='ocrx_word' id='word_1_227' title='bbox 1409 2394 1529 2452; x_wconf 82' lang='grc' dir='ltr'><strong><em>μεθ’</em></strong></span> <span class='ocrx_word' id='word_1_228' title='bbox 1566 2391 1756 2454; x_wconf 52' lang='grc' dir='ltr'><strong><em>’ἡμέραν</em></strong></span> <span class='ocrx_word' id='word_1_229' title='bbox 1807 2391 2096 2455; x_wconf 76' lang='grc' dir='ltr'><strong><em>ἐπαλινδρό-</em></strong></span> 
     </span>
     <span class='ocr_line' id='line_1_25' title="bbox 257 2463 2097 2534; baseline 0.003 -19"><span class='ocrx_word' id='word_1_230' title='bbox 257 2488 432 2531; x_wconf 82' lang='grc' dir='ltr'><strong><em>μησεν,</em></strong></span> <span class='ocrx_word' id='word_1_231' title='bbox 475 2465 568 2516; x_wconf 80' lang='grc' dir='ltr'><strong><em>εἷτ.’</em></strong></span> <span class='ocrx_word' id='word_1_232' title='bbox 603 2463 758 2525; x_wconf 69' lang='grc' dir='ltr'><strong><em>αὖθις</em></strong></span> <span class='ocrx_word' id='word_1_233' title='bbox 789 2467 996 2527; x_wconf 80' lang='grc' dir='ltr'><strong><em>ἀνήχθη.</em></strong></span> <span class='ocrx_word' id='word_1_234' title='bbox 1075 2470 1283 2534; x_wconf 77' lang='grc' dir='ltr'><strong><em>Λέγεται</em></strong></span> <span class='ocrx_word' id='word_1_235' title='bbox 1328 2469 1383 2519; x_wconf 75' lang='grc' dir='ltr'><strong><em>δὲ</em></strong></span> <span class='ocrx_word' id='word_1_236' title='bbox 1416 2474 1532 2528; x_wconf 70' lang='grc' dir='ltr'><strong><em>καὶ,</em></strong></span> <span class='ocrx_word' id='word_1_237' title='bbox 1577 2474 1997 2525; x_wconf 79' lang='grc' dir='ltr'><strong><em>καταπλεύσαντος</em></strong></span> <span class='ocrx_word' id='word_1_238' title='bbox 2023 2476 2097 2526; x_wconf 73' lang='grc' dir='ltr'><strong><em>εἰς</em></strong></span> 
     </span>
     <span class='ocr_line' id='line_1_26' title="bbox 258 2547 2096 2616; baseline 0.002 -22"><span class='ocrx_word' id='word_1_239' title='bbox 258 2551 538 2611; x_wconf 72' lang='grc' dir='ltr'><strong><em>Δυρράχιον</em></strong></span> <span class='ocrx_word' id='word_1_240' title='bbox 587 2549 744 2594; x_wconf 79' lang='grc' dir='ltr'><strong><em>αὐτοῦ</em></strong></span> <span class='ocrx_word' id='word_1_241' title='bbox 774 2550 858 2593; x_wconf 81' lang='grc' dir='ltr'><strong><em>καὶ</em></strong></span> <span class='ocrx_word' id='word_1_242' title='bbox 884 2547 1147 2608; x_wconf 84' lang='grc' dir='ltr'><strong><em>μέλλοντος</em></strong></span> <span class='ocrx_word' id='word_1_243' title='bbox 1191 2547 1509 2608; x_wconf 73' lang='grc' dir='ltr'><strong><em>ἀποβαίνειν,</em></strong></span> <span class='ocrx_word' id='word_1_244' title='bbox 1538 2553 1745 2612; x_wconf 83' lang='grc' dir='ltr'><strong><em>σεισμόν</em></strong></span> <span class='ocrx_word' id='word_1_245' title='bbox 1790 2569 1842 2598; x_wconf 87' lang='grc' dir='ltr'><strong><em>τε</em></strong></span> <span class='ocrx_word' id='word_1_246' title='bbox 1886 2554 1970 2610; x_wconf 80' lang='grc' dir='ltr'><strong><em>τῆς</em></strong></span> <span class='ocrx_word' id='word_1_247' title='bbox 2012 2556 2096 2616; x_wconf 86' lang='grc' dir='ltr'><strong><em>γῆς</em></strong></span> 
     </span>
    </p>
   </div>
   <div class='ocr_carea' id='block_1_9' title="bbox 264 2626 2195 2778">
    <p class='ocr_par' dir='ltr' id='par_1_9' title="bbox 264 2626 2195 2778">
     <span class='ocr_line' id='line_1_27' title="bbox 265 2626 2183 2693; baseline 0.003 -20"><span class='ocrx_word' id='word_1_248' title='bbox 265 2631 347 2678; x_wconf 84' lang='grc' dir='ltr'><strong><em>καὶ</em></strong></span> <span class='ocrx_word' id='word_1_249' title='bbox 394 2627 616 2688; x_wconf 85' lang='grc' dir='ltr'><strong><em>σπασμὸν</em></strong></span> <span class='ocrx_word' id='word_1_250' title='bbox 663 2629 764 2687; x_wconf 81' lang='grc' dir='ltr'><strong><em>ἅμα</em></strong></span> <span class='ocrx_word' id='word_1_251' title='bbox 806 2626 1036 2690; x_wconf 86' lang='grc' dir='ltr'><strong><em>γενέσθαι</em></strong></span> <span class='ocrx_word' id='word_1_252' title='bbox 1077 2631 1163 2686; x_wconf 83' lang='grc' dir='ltr'><strong><em>τῆς</em></strong></span> <span class='ocrx_word' id='word_1_253' title='bbox 1205 2629 1473 2688; x_wconf 79' lang='grc' dir='ltr'><strong><em>θαλάττης.</em></strong></span> <span class='ocrx_word' id='word_1_254' title='bbox 1554 2633 1674 2690; x_wconf 76' lang='grc' dir='ltr'><strong><em>Ἀφ’</em></strong></span> <span class='ocrx_word' id='word_1_255' title='bbox 1719 2628 1786 2676; x_wconf 80' lang='grc' dir='ltr'><strong><em>ὧν</em></strong></span> <span class='ocrx_word' id='word_1_256' title='bbox 1833 2631 2098 2693; x_wconf 76' lang='grc' dir='ltr'><strong><em>συνέβαλον</em></strong></span> <span class='ocrx_word' id='word_1_257' title='bbox 2180 2656 2183 2658; x_wconf 92' lang='grc'><em>·</em></span> 
     </span>
     <span class='ocr_line' id='line_1_28' title="bbox 264 2707 2195 2778; baseline 0.003 -24"><span class='ocrx_word' id='word_1_258' title='bbox 264 2709 313 2757; x_wconf 81' lang='grc' dir='ltr'><strong><em>οἱ</em></strong></span> <span class='ocrx_word' id='word_1_259' title='bbox 344 2710 573 2768; x_wconf 78' lang='grc' dir='ltr'><strong><em>μαντικοὶ</em></strong></span> <span class='ocrx_word' id='word_1_260' title='bbox 606 2707 673 2767; x_wconf 83' lang='grc' dir='ltr'><strong><em>μή</em></strong></span> <span class='ocrx_word' id='word_1_261' title='bbox 703 2707 917 2766; x_wconf 80' lang='grc' dir='ltr'><strong><em>μόνιμον</em></strong></span> <span class='ocrx_word' id='word_1_262' title='bbox 948 2707 1082 2770; x_wconf 73' lang='grc' dir='ltr'><strong><em>αὐτῷ</em></strong></span> <span class='ocrx_word' id='word_1_263' title='bbox 1117 2707 1202 2766; x_wconf 79' lang='grc' dir='ltr'><strong><em>τήν</em></strong></span> <span class='ocrx_word' id='word_1_264' title='bbox 1234 2708 1389 2771; x_wconf 82' lang='grc' dir='ltr'><strong><em>φυγήν</em></strong></span> <span class='ocrx_word' id='word_1_265' title='bbox 1423 2707 1663 2757; x_wconf 75' lang='grc' dir='ltr'><strong><em>ἔσεσθαι·</em></strong></span> <span class='ocrx_word' id='word_1_266' title='bbox 1705 2709 1978 2771; x_wconf 81' lang='grc' dir='ltr'><strong><em>μεταβολῆς</em></strong></span> <span class='ocrx_word' id='word_1_267' title='bbox 2009 2713 2098 2775; x_wconf 80' lang='grc' dir='ltr'><strong><em>γὰρ</em></strong></span> <span class='ocrx_word' id='word_1_268' title='bbox 2182 2731 2195 2778; x_wconf 49' lang='lat' dir='ltr'>s</span> 
     </span>
    </p>
   </div>
   <div class='ocr_carea' id='block_1_10' title="bbox 263 2781 807 2846">
    <p class='ocr_par' dir='ltr' id='par_1_10' title="bbox 263 2781 807 2846">
     <span class='ocr_line' id='line_1_29' title="bbox 263 2781 807 2846; baseline -0.007 -13"><span class='ocrx_word' id='word_1_269' title='bbox 263 2781 393 2833; x_wconf 77' lang='grc' dir='ltr'><strong><em>εἶναι</em></strong></span> <span class='ocrx_word' id='word_1_270' title='bbox 430 2790 586 2833; x_wconf 85' lang='grc' dir='ltr'><strong><em>ταῦτα</em></strong></span> <span class='ocrx_word' id='word_1_271' title='bbox 618 2791 807 2846; x_wconf 79' lang='grc' dir='ltr'><strong><em>σημεῖα.</em></strong></span> 
     </span>
    </p>
   </div>
   <div class='ocr_carea' id='block_1_11' title="bbox 345 2922 2099 3000">
    <p class='ocr_par' dir='ltr' id='par_1_11' title="bbox 345 2891 2189 3002">
     <span class='ocr_line' id='line_1_30' title="bbox 345 2922 2099 3000; baseline -0.018 36"><span class='ocrx_word' id='word_1_272' title='bbox 345 2924 431 3000; x_wconf 57' lang='lat'>(24)</span> <span class='ocrx_word' id='word_1_273' title='bbox 474 2924 537 2981; x_wconf 76' lang='lat' dir='ltr'><strong><em>A‘</em></strong></span> <span class='ocrx_word' id='word_1_274' title='bbox 579 2923 630 2982; x_wconf 62' lang='lat' dir='ltr'><strong><em>‘l‘</em></strong></span> <span class='ocrx_word' id='word_1_275' title='bbox 674 2942 724 2979; x_wconf 73' lang='lat' dir='ltr'><strong><em>X·</em></strong></span> <span class='ocrx_word' id='word_1_276' title='bbox 766 2922 882 2978; x_wconf 65' lang='lat' dir='ltr'><strong>Kal·</strong></span> <span class='ocrx_word' id='word_1_277' title='bbox 924 2923 1044 2981; x_wconf 76' lang='lat' dir='ltr'><strong>Iun·</strong></span> <span class='ocrx_word' id='word_1_278' title='bbox 1083 2922 1181 2993; x_wconf 67' lang='grc' dir='ltr'><strong><em>[Ξ</em></strong></span> <span class='ocrx_word' id='word_1_279' title='bbox 1218 2928 1292 2984; x_wconf 76' lang='lat'><strong><em>25</em></strong></span> <span class='ocrx_word' id='word_1_280' title='bbox 1325 2925 1448 2983; x_wconf 83' lang='lat' dir='ltr'><strong><em>Mai.</em></strong></span> <span class='ocrx_word' id='word_1_281' title='bbox 1490 2929 1605 2986; x_wconf 84' lang='grc'><strong><em>696</em></strong></span> <span class='ocrx_word' id='word_1_282' title='bbox 1641 2946 1711 2985; x_wconf 73' lang='lat'><strong>:,.-</strong></span> <span class='ocrx_word' id='word_1_283' title='bbox 1757 2932 1827 2983; x_wconf 87' lang='lat'><strong><em>10</em></strong></span> <span class='ocrx_word' id='word_1_284' title='bbox 1864 2928 1986 2986; x_wconf 87' lang='lat' dir='ltr'><strong>Iun.</strong></span> <span class='ocrx_word' id='word_1_285' title='bbox 2028 2934 2099 2987; x_wconf 73' lang='lat'><strong><em>58</em></strong></span> 
     </span>
    </p>
   </div>
   <div class='ocr_carea' id='block_1_12' title="bbox 266 3022 2209 3101">
    <p class='ocr_par' dir='ltr' id='par_1_12' title="bbox 266 3013 2209 3101">
     <span class='ocr_line' id='line_1_31' title="bbox 266 3022 2209 3101; baseline 0.001 -19"><span class='ocrx_word' id='word_1_286' title='bbox 266 3044 312 3082; x_wconf 84' lang='lat' dir='ltr'><strong><em>a.</em></strong></span> <span class='ocrx_word' id='word_1_287' title='bbox 355 3026 436 3098; x_wconf 70' lang='lat' dir='ltr'><strong><em>[L]</em></strong></span> <span class='ocrx_word' id='word_1_288' title='bbox 485 3024 640 3079; x_wconf 83' lang='lat' dir='ltr'><strong>venit·</strong></span> <span class='ocrx_word' id='word_1_289' title='bbox 678 3022 1149 3086; x_wconf 71' lang='lat' dir='ltr'><strong>Thessalo&#39;nicam3</strong></span> <span class='ocrx_word' id='word_1_290' title='bbox 1189 3024 1281 3078; x_wconf 90' lang='lat' dir='ltr'><strong><em>ubi</em></strong></span> <span class='ocrx_word' id='word_1_291' title='bbox 1320 3025 1412 3080; x_wconf 86' lang='lat' dir='ltr'><strong><em>Cn.</em></strong></span> <span class='ocrx_word' id='word_1_292' title='bbox 1444 3025 1726 3091; x_wconf 78' lang='lat' dir='ltr'><strong>Plancius,</strong></span> <span class='ocrx_word' id='word_1_293' title='bbox 1765 3028 1822 3082; x_wconf 92' lang='lat' dir='ltr'><strong><em>L.</em></strong></span> <span class='ocrx_word' id='word_1_294' title='bbox 1852 3029 2100 3101; x_wconf 86' lang='lat' dir='ltr'><strong>Appuleii</strong></span> <span class='ocrx_word' id='word_1_295' title='bbox 2172 3031 2209 3101; x_wconf 55' lang='grc' dir='ltr'><strong><em>ᾖ,</em></strong></span> 
     </span>
    </p>
   </div>
   <div class='ocr_carea' id='block_1_13' title="bbox 266 3123 2198 3282">
    <p class='ocr_par' dir='ltr' id='par_1_13' title="bbox 266 3112 2198 3282">
     <span class='ocr_line' id='line_1_32' title="bbox 267 3123 2198 3200; baseline 0.003 -20"><span class='ocrx_word' id='word_1_296' title='bbox 267 3125 530 3198; x_wconf 83' lang='lat' dir='ltr'><strong>praetoris</strong></span> <span class='ocrx_word' id='word_1_297' title='bbox 558 3130 838 3194; x_wconf 83' lang='lat' dir='ltr'><strong>quaestor,</strong></span> <span class='ocrx_word' id='word_1_298' title='bbox 879 3139 976 3177; x_wconf 86' lang='lat' dir='ltr'><strong><em>sua</em></strong></span> <span class='ocrx_word' id='word_1_299' title='bbox 1001 3123 1322 3187; x_wconf 85' lang='lat' dir='ltr'><strong>liberalitate</strong></span> <span class='ocrx_word' id='word_1_300' title='bbox 1347 3125 1654 3187; x_wconf 88' lang='lat' dir='ltr'><strong>Ciceronem</strong></span> <span class='ocrx_word' id='word_1_301' title='bbox 1682 3145 1778 3200; x_wconf 90' lang='lat' dir='ltr'><strong>per</strong></span> <span class='ocrx_word' id='word_1_302' title='bbox 1810 3147 1861 3184; x_wconf 81' lang='lat' dir='ltr'><strong>vi</strong></span> <span class='ocrx_word' id='word_1_303' title='bbox 1889 3147 2100 3186; x_wconf 89' lang='lat' dir='ltr'><strong>menses</strong></span> <span class='ocrx_word' id='word_1_304' title='bbox 2172 3132 2198 3155; x_wconf 70' lang='lat'><strong>⁸</strong></span> 
     </span>
     <span class='ocr_line' id='line_1_33' title="bbox 266 3221 2193 3282; baseline -0.003 -2"><span class='ocrx_word' id='word_1_305' title='bbox 266 3226 510 3282; x_wconf 82' lang='lat' dir='ltr'><strong>retinuit.</strong></span> <span class='ocrx_word' id='word_1_306' title='bbox 552 3242 602 3278; x_wconf 79' lang='lat' dir='ltr'><strong>v.</strong></span> <span class='ocrx_word' id='word_1_307' title='bbox 641 3241 687 3278; x_wconf 90' lang='lat' dir='ltr'><strong><em>c.</em></strong></span> <span class='ocrx_word' id='word_1_308' title='bbox 714 3228 909 3280; x_wconf 79' lang='lat'><strong>7—10.</strong></span> <span class='ocrx_word' id='word_1_309' title='bbox 2189 3221 2193 3228; x_wconf 87' lang='lat'>&#39;</span> 
     </span>
    </p>
   </div>
   <div class='ocr_carea' id='block_1_14' title="bbox 266 3308 2210 3472">
    <p class='ocr_par' dir='ltr' id='par_1_14' title="bbox 266 3308 2210 3472">
     <span class='ocr_line' id='line_1_34' title="bbox 333 3308 2202 3392; baseline 0.004 -23"><span class='ocrx_word' id='word_1_310' title='bbox 333 3326 410 3369; x_wconf 89' lang='lat' dir='ltr'><strong>Dio</strong></span> <span class='ocrx_word' id='word_1_311' title='bbox 439 3337 645 3371; x_wconf 61' lang='lat' dir='ltr'><strong>xxxvln.</strong></span> <span class='ocrx_word' id='word_1_312' title='bbox 676 3339 712 3368; x_wconf 90' lang='lat' dir='ltr'><strong><em>c.</em></strong></span> <span class='ocrx_word' id='word_1_313' title='bbox 739 3326 811 3368; x_wconf 82' lang='lat'><strong>18.</strong></span> <span class='ocrx_word' id='word_1_314' title='bbox 843 3316 883 3367; x_wconf 70' lang='lat'><strong><em>1‘.</em></strong></span> <span class='ocrx_word' id='word_1_315' title='bbox 911 3322 1020 3370; x_wconf 72' lang='grc' dir='ltr'><strong><em>Καὶ</em></strong></span> <span class='ocrx_word' id='word_1_316' title='bbox 1065 3324 1094 3370; x_wconf 85' lang='lat' dir='ltr'><strong><em>o‘</em></strong></span> <span class='ocrx_word' id='word_1_317' title='bbox 1131 3323 1219 3384; x_wconf 83' lang='grc' dir='ltr'><strong><em>μὲν</em></strong></span> <span class='ocrx_word' id='word_1_318' title='bbox 1256 3323 1306 3378; x_wconf 84' lang='grc' dir='ltr'><strong><em>ές</em></strong></span> <span class='ocrx_word' id='word_1_319' title='bbox 1350 3326 1434 3384; x_wconf 84' lang='grc' dir='ltr'><strong><em>τήν</em></strong></span> <span class='ocrx_word' id='word_1_320' title='bbox 1474 3327 1786 3392; x_wconf 70' lang='grc' dir='ltr'><strong><em>Μακεδονίαν</em></strong></span> <span class='ocrx_word' id='word_1_321' title='bbox 1819 3329 1903 3376; x_wconf 78' lang='grc' dir='ltr'><strong><em>διά</em></strong></span> <span class='ocrx_word' id='word_1_322' title='bbox 1952 3337 2099 3380; x_wconf 78' lang='grc' dir='ltr'><strong><em>τοῦτο</em></strong></span> <span class='ocrx_word' id='word_1_323' title='bbox 2162 3308 2202 3363; x_wconf 82' lang='lat'><strong>⁴</strong></span> 
     </span>
     <span class='ocr_line' id='line_1_35' title="bbox 266 3395 2210 3472; baseline 0 -21"><span class='ocrx_word' id='word_1_324' title='bbox 266 3403 473 3465; x_wconf 79' lang='grc' dir='ltr'><strong><em>μετέστη</em></strong></span> <span class='ocrx_word' id='word_1_325' title='bbox 510 3407 599 3450; x_wconf 73' lang='grc' dir='ltr'><strong><em>καὶ</em></strong></span> <span class='ocrx_word' id='word_1_326' title='bbox 637 3401 745 3448; x_wconf 76' lang='grc' dir='ltr'><strong><em>ἐκεῖ</em></strong></span> <span class='ocrx_word' id='word_1_327' title='bbox 779 3400 1028 3464; x_wconf 80' lang='grc' dir='ltr'><strong><em>διέτριβεν</em></strong></span> <span class='ocrx_word' id='word_1_328' title='bbox 1067 3401 1371 3465; x_wconf 81' lang='grc' dir='ltr'><strong><em>ὀδυρόμενος.</em></strong></span> <span class='ocrx_word' id='word_1_329' title='bbox 1447 3405 1586 3453; x_wconf 82' lang='lat' dir='ltr'><strong>Schol.</strong></span> <span class='ocrx_word' id='word_1_330' title='bbox 1624 3406 1725 3452; x_wconf 90' lang='lat' dir='ltr'><strong>Bob.</strong></span> <span class='ocrx_word' id='word_1_331' title='bbox 1771 3407 1822 3453; x_wconf 84' lang='lat' dir='ltr'><strong><em>ad</em></strong></span> <span class='ocrx_word' id='word_1_332' title='bbox 1859 3413 1983 3460; x_wconf 81' lang='lat' dir='ltr'><strong>Orat,</strong></span> <span class='ocrx_word' id='word_1_333' title='bbox 2021 3427 2098 3472; x_wconf 81' lang='lat' dir='ltr'><strong><em>pm</em></strong></span> <span class='ocrx_word' id='word_1_334' title='bbox 2167 3395 2210 3455; x_wconf 55' lang='grc' dir='ltr'><strong><em>ξ’,ε</em></strong></span> 
     </span>
    </p>
   </div>
   <div class='ocr_carea' id='block_1_15' title="bbox 268 3482 2098 3551">
    <p class='ocr_par' dir='ltr' id='par_1_15' title="bbox 268 3471 2210 3559">
     <span class='ocr_line' id='line_1_36' title="bbox 268 3482 2098 3551; baseline 0.005 -24"><span class='ocrx_word' id='word_1_335' title='bbox 268 3482 436 3528; x_wconf 82' lang='lat' dir='ltr'><strong>Plancio</strong></span> <span class='ocrx_word' id='word_1_336' title='bbox 471 3500 510 3543; x_wconf 88' lang='lat' dir='ltr'><strong>p.</strong></span> <span class='ocrx_word' id='word_1_337' title='bbox 531 3486 635 3527; x_wconf 85' lang='lat'><strong>253.</strong></span> <span class='ocrx_word' id='word_1_338' title='bbox 670 3482 890 3540; x_wconf 75' lang='lat' dir='ltr'><strong>(Cicero),</strong></span> <span class='ocrx_word' id='word_1_339' title='bbox 924 3498 1060 3542; x_wconf 81' lang='lat' dir='ltr'><strong>quum</strong></span> <span class='ocrx_word' id='word_1_340' title='bbox 1092 3483 1145 3525; x_wconf 86' lang='lat' dir='ltr'><strong>P.</strong></span> <span class='ocrx_word' id='word_1_341' title='bbox 1167 3482 1310 3528; x_wconf 73' lang='lat' dir='ltr'><strong>Clodii</strong></span> <span class='ocrx_word' id='word_1_342' title='bbox 1337 3485 1509 3533; x_wconf 71' lang='lat' dir='ltr'><strong>tribuni</strong></span> <span class='ocrx_word' id='word_1_343' title='bbox 1536 3485 1664 3546; x_wconf 78' lang='lat' dir='ltr'><strong>plebi</strong></span> <span class='ocrx_word' id='word_1_344' title='bbox 1690 3486 1863 3533; x_wconf 74' lang='lat' dir='ltr'><strong>inimici</strong></span> <span class='ocrx_word' id='word_1_345' title='bbox 1895 3491 1970 3534; x_wconf 81' lang='lat' dir='ltr'><strong>sui</strong></span> <span class='ocrx_word' id='word_1_346' title='bbox 2005 3491 2098 3551; x_wconf 80' lang='lat' dir='ltr'><strong><em>Iege</em></strong></span> 
     </span>
    </p>
   </div>
   <div class='ocr_carea' id='block_1_16' title="bbox 2162 545 2210 3471">
    <p class='ocr_par' dir='ltr' id='par_1_16' title="bbox 2162 545 2210 3471">
     <span class='ocr_line' id='line_1_37' title="bbox 2162 545 2210 3471; baseline 0 0"><span class='ocrx_word' id='word_1_347' title='bbox 2162 545 2210 3471; x_wconf 95' lang='lat' dir='ltr'><strong><em> </em></strong></span> 
     </span>
    </p>
   </div>
  </div>
 </body>
</html>
