2210 3970
239 238 348 290 670
717 251 1044 290 ANNALES
1106 251 1612 290 mensorium.

239 380 321 424 bus
358 380 569 425 Romanis
601 382 907 440 repetiturum.
973 382 1243 426 Nominatim
1275 381 1360 426 alii
1396 381 1803 443 compellabantur⁷
1847 382 1933 428 alii
1963 383 2074 427 cita·

237 457 399 502 bantur
412 490 424 514 ‚
455 457 541 501 alii
557 457 881 518 relegabantur.
942 458 1106 503 Aditus
1123 458 1386 519 templorum
1407 467 1534 503 erant
1551 476 1637 504 nou
1667 456 2075 520 solum'praesidiis

233 543 279 580 et
320 553 484 591 manu,
528 552 678 581 verum
721 537 857 583 etiam
891 536 1170 582 demolitione
1203 536 1388 583 sublati.
1463 537 1590 582 Alter
1620 538 1801 594 consul,
1849 546 1902 582 ut
1932 555 1999 582 me
2031 547 2074 583 et

230 613 546 674 rempublicam
573 631 658 659 non
683 615 808 659 modo
841 615 1058 660 desereret
1075 648 1088 672 ,
1119 615 1200 659 sed
1225 615 1360 659 etiam
1389 615 1589 660 hostibus
1620 615 1890 676 reipublicae
1909 615 2071 676 prode-

230 698 329 747 ret,
362 691 652 751 pactionibus
695 708 767 735 eos
816 708 996 737 suorum
1030 694 1336 755 praemiorum
1373 692 1608 755 obligarat.
1686 695 1807 738 Erat
1848 694 1970 738 alius
2012 694 2074 738 ad
2139 726 2143 731 -

222 777 383 831 portas
415 787 515 816 cum
541 772 726 833 imperio
760 771 808 815 in
839 770 1005 815 multos
1037 786 1176 814 annos
1201 786 1446 832 magnoque
1470 771 1693 815 eoeercitu:
1723 788 1851 832 quem
1879 788 1956 833 ego
1983 772 2070 816 ini·

226 849 390 892 micum
420 848 533 892 mihi
553 848 713 907 fuisse
745 864 830 892 non
862 848 959 891 dico
977 869 995 903 ;
1026 848 1247 909 tacuisse,
1281 865 1418 908 quum
1449 847 1669 893 diceretur
1701 865 1796 893 esse
1828 849 2068 906 iuimicus,

227 926 334 971 scia.
398 927 526 970 Duae
554 934 714 986 partes
746 941 841 969 esse
871 926 921 969 iu
951 925 1181 985 republica
1214 942 1351 985 quum
1373 933 1680 986 putarentur,
1722 927 1868 972 altera
1900 944 1967 971 me
1995 927 2066 971 de-

221 1018 401 1064 poscere
413 1010 602 1064 propter
622 1002 888 1047 inimicitias
907 1035 920 1057 ‚
953 1001 1099 1046 altera
1126 1001 1280 1046 timide
1307 1001 1542 1062 defendere
1559 1012 1748 1065 propter
1769 1007 2066 1066 suspicionem

228 1079 377 1125 caedis
397 1080 660 1141 putabatur.
724 1080 819 1139 vQui
839 1087 987 1124 autem
1008 1096 1075 1124 me
1101 1079 1332 1140 deposcere
1352 1079 1636 1138 videbantur,
1668 1082 1718 1126 in
1740 1083 1818 1127 Ιιοι·
1845 1092 2069 1129 auxerunt

227 1157 530 1202 dimicationis
569 1166 764 1215 metum,
806 1157 928 1220 quod
956 1175 1198 1219 numquam
1234 1157 1479 1219 infitiando
1510 1159 1807 1220 suspicionem
1842 1160 2067 1205 homiuum

227 1251 466 1296 curamque
497 1236 764 1281 minuerunt.
832 1238 978 1295 Quare
1005 1255 1140 1298 quum
1164 1236 1357 1282 viderem
1387 1243 1591 1280 senatum
1616 1235 1806 1281 ducibus
1836 1237 2064 1294 orbatum,

229 1329 297 1358 me
328 1330 357 1356 a
382 1313 729 1374 magistratibus
754 1316 927 1375 partim
958 1323 1288 1376 oppugnatum,
1313 1315 1484 1375 partim
1506 1312 1771 1375 proditum,
1795 1316 1971 1376 partim
1994 1314 2067 1359 de-

226 1391 434 1437 relictum
459 1399 540 1436 cet.
603 1390 744 1438 schol.
776 1392 878 1438 Bob.
906 1394 952 1438 in
980 1396 1100 1439 Orat.
1129 1409 1208 1455 pro
1229 1392 1371 1438 Sextio
1400 1410 1441 1454 p.
1461 1392 1565 1439 297.
1599 1392 1717 1437 Haec
1745 1394 1893 1437 omnia
1927 1393 2065 1438 laten-

226 1477 295 1514 tes
326 1469 530 1530 querelae
560 1476 665 1513 sunt
691 1469 744 1513 de
776 1472 1009 1532 Pompeio,
1048 1473 1207 1516 Crasso
1239 1479 1283 1516 et
1320 1472 1674 1532 Caesare,squos
1704 1488 1791 1517 non
1821 1473 2065 1534 ambigitur

216 1550 393 1610 partim
430 1548 722 1606 manifestius
748 1549 922 1608 partim
962 1565 1061 1593 vero
1089 1549 1310 1594 occultius
1339 1548 1400 1610 ,id
1430 1544 1598 1611 egisse,
1640 1557 1694 1594 ut
1742 1550 1850 1595 Urbe
1887 1550 2063 1595 Tullius

226 1626 471 1671 eiiceretur.
535 1626 620 1669 Cic.
648 1625 695 1668 in
730 1625 863 1670 Pison.
897 1641 932 1670 c.
952 1629 1024 1670 14.
1054 1629 1130 1673 32.
1166 1630 1230 1671 Tu
1264 1626 1432 1672 luctum
1465 1633 1679 1680 senatus,
1715 1634 1767 1671 tu
1794 1626 2063 1672 desiderium

227 1705 447 1766 equestris
472 1703 668 1759 ordinis,
698 1711 750 1748 tu
785 1703 1036 1765 squalorem
1067 1704 1265 1762 Italiae,
1315 1713 1366 1750 tu
1397 1706 1548 1750 curiae
1590 1705 1945 1750 taciturnitatem
1983 1722 2062 1750 an·

223 1800 357 1828 uuam
375 1817 388 1840 ‚
437 1791 489 1828 tu
521 1782 751 1827 silentium
775 1789 1042 1843 perpetuum
1075 1782 1345 1828 iudiciorum
1381 1800 1433 1828 ac
1456 1784 1592 1843 fori,
1635 1793 1687 1830 tu
1718 1793 1866 1829 cetera
1897 1785 1982 1829 illa
2011 1786 2060 1830 iu

225 1861 455 1906 maledicti
482 1861 575 1905 loco
586 1876 725 1921 pones
738 1893 750 1916 ‚
773 1875 886 1920 quae
901 1875 1025 1903 meus
1043 1859 1268 1905 discessus
1284 1861 1555 1923 reipublicae
1572 1862 1754 1907 vulnera
1767 1863 1986 1923 inflixit?
1999 1889 2058 1897 —

230 1942 385 1985 Utrum
413 1939 588 1984 tandem
606 1939 712 1983 bono
738 1938 833 1981 viro
857 1944 901 1981 et
922 1928 1119 1998 sapienti
1141 1939 1386 1999 optabilius
1403 1948 1571 2001 putas,
1604 1941 1670 1984 sic
1693 1941 1815 1984 exire
1832 1957 1854 1983 e
1872 1942 2059 2001 patria,

223 2025 276 2062 ut
302 2034 449 2062 omnes
486 2019 560 2062 sui
592 2018 708 2060 cives
740 2014 931 2059 salutem
950 2048 963 2071 ‚
996 2015 1346 2059 incolumitatem
1365 2049 1378 2073 ‚
1421 2016 1614 2062 reditum
1638 2026 1907 2079 precentur,
1940 2018 2059 2079 quod

222 2096 337 2140 mihi
377 2095 566 2140 accidit:
615 2111 698 2150 an,
747 2092 867 2153 quod
914 2091 999 2136 tibi
1039 2091 1351 2154 proficiscenti
1385 2091 1536 2139 'evenit
1575 2103 1657 2140 cet.
1733 2095 1812 2140 Dio
1855 2109 2054 2141 xxxviii.

223 2188 260 2220 e.
281 2178 353 2219 16.
387 2179 429 2220 5.
461 2177 563 2220 Καὶ
596 2173 716 2234 μετὰ
747 2171 904 2217 ταῦτα
931 2171 960 2217 ὅ
996 2187 1046 2216 τε
1074 2174 1275 2218 Πίσων
1305 2197 1366 2206 —-
1397 2171 1679 2235 πυθομένου
1707 2176 1796 2219 τοῦ
1824 2173 2054 2220 Κλωδίου

224 2256 336 2299 τίνα
373 2253 562 2318 γνώμην
589 2256 700 2315 περὶ
731 2252 822 2297 τῶν
850 2250 1178 2315 γεγραμμένων
1205 2251 1340 2310 ἔχοι,
1372 2246 1509 2299 εἶπεν
1534 2253 1616 2300 ὅτι
1650 2251 1796 2299 οὐδέν
1827 2270 1913 2314 μοι
1944 2253 2054 2300 οὔτ’

221 2331 357 2394 ὠμὸν
385 2333 503 2381 οὔτε
534 2326 825 2396 σκυθρωπὸν
866 2331 1002 2396 ἔργον
1028 2331 1251 2395 ἀρέσκει·
1283 2335 1366 2379 καὶ
1403 2333 1432 2379 o‘
1465 2331 1757 2394 Γαβίνιος
1789 2329 2055 2394 ἐρωτηθεὶς

223 2414 280 2461 τὸ
318 2413 442 2461 αὐτὸ
470 2419 617 2460 τοῦτο
646 2414 743 2471 οὐχ
782 2412 911 2464 ὅπως
950 2410 1138 2457 ἐκεῖνον
1165 2409 1416 2473 ἐπῄνεσεν,
1456 2412 1580 2460 ἀλλὰ
1624 2415 1706 2458 καὶ
1741 2413 1836 2458 τῶν
1869 2411 2054 2459 ἱππέων

222 2498 307 2553 τῆς
363 2512 414 2541 τε
467 2494 642 2555 βουλῆς
691 2491 1163 2553 προσκατηγόρησεν.
1243 2506 1279 2536 c.
1309 2494 1381 2535 17.
1419 2495 1460 2537 1.
1511 2493 1566 2538 ‘O
1603 2491 1773 2551 μέντοι
1818 2497 2051 2556 Καῖσαρ

223 2571 337 2633 (ἔξω
369 2574 456 2636 γὰρ
488 2575 576 2617 τοῦ
618 2573 809 2627 τείχους
854 2568 881 2614 ὁ
919 2568 1146 2620 Κλώδιος
1182 2568 1252 2614 δι’
1293 2568 1469 2627 αὐτὸν,
1507 2569 1680 2629 ἐπειδή
1709 2587 1799 2634 περ
1834 2571 2050 2635 ἐξεστρά-

221 2645 390 2709 τὲυτο,
425 2651 509 2697 τὸν
546 2652 720 2712 ὅμιλον
753 2649 1028 2712 συναγαγὼν
1058 2650 1138 2693 καὶ
1172 2645 1359 2694 ἐκεῖνον
1391 2647 1695 2713 ἑπιγνώμονα
1728 2653 1821 2698 τῶν
1849 2669 2051 2718 γεγραμ-

219 2731 373 2792 μένων
413 2728 704 2789 ἒποιήσατο)
755 2730 840 2787 τήν
883 2728 970 2790 μὲν
1015 2719 1318 2790 παρανομίαν
1359 2729 1454 2774 τῶν
1487 2735 1604 2794 ,περὶ
1650 2732 1734 2778 τὸν
1775 2733 2048 2781 Λέντουλοι»

218 2811 539 2875 πραχθέντων
566 2811 934 2870 κατεψηφίσατο
965 2834 1050 2853 -.
1081 2807 1354 2870 Κράσσος
1377 2807 1432 2875 δὲ
1450 2809 1536 2856 διὰ
1566 2809 1653 2871 μὲν
1681 2816 1768 2858 τοῦ
1787 2812 1917 2866 υἱέος
1935 2813 2047 2875 βοή-

216 2892 366 2938 θειάν
399 2909 509 2936 τινα
549 2887 896 2952 τῷΚικὲρωνι
939 2886 1271 2943 ἐνεδείκνυτο,
1313 2888 1462 2942 αὐτὸς
1500 2888 1555 2937 δὲ
1602 2893 1660 2938 τὰ
1698 2896 1787 2938 τοῦ
1824 2894 2046 2952 πλήθους

218 2969 453 3034 ἔπρασσεν
471 3005 481 3015 .
516 2972 598 3028 καὶ
623 2968 650 3015 o‘
681 2967 991 3028 Πομπήιος
1026 2966 1313 3025 ὑπισχνεῖτο
1342 2966 1431 3029 μὲν
1459 2970 1592 3033 αὐτῷ
1617 2972 1700 3031 τήν
1728 2972 2042 3036 ἐπικουρίαν,

218 3050 423 3111 σκήψεις
455 3049 509 3097 δέ
555 3066 691 3102 τινας
719 3048 894 3094 ἄλλοτε
927 3047 1076 3098 ἄλλας
1102 3049 1399 3109 ποιούμενος
1440 3053 1522 3095 καὶ
1563 3038 1836 3113 ἀποδημίας
1865 3051 2044 3113 συχνὰς

217 3129 442 3188 ἐπίτηδες
474 3130 793 3189 στελλόμενος
828 3129 919 3174 οὐκ
948 3125 1209 3187 ἒπήμυνεν.
1246 3126 1362 3173 ἰδὼν
1382 3122 1470 3175 οὖν
1502 3134 1653 3176 ταῦτα
1684 3133 1951 3198 ὁΚικέρων
1981 3163 2042 3174 —-

216 3210 330 3256 τότε
360 3210 420 3268 δή
459 3212 536 3255 καὶ
575 3209 702 3254 ἄκων
738 3208 862 3269 μετά
899 3224 949 3252 τε
983 3208 1214 3264 αἰσχύνης
1245 3211 1326 3252 καὶ
1359 3210 1481 3269 μετὰ
1516 3212 1824 3270 κακοδοξίας,
1860 3213 1924 3267 ὥς
1957 3220 2040 3262 καὶ

211 3288 267 3335 ἐκ
305 3293 394 3335 τοῦ
437 3289 721 3341 συνειδότος
766 3285 1027 3344 ἐθελοντής
1074 3284 1343 3348 πεφευγὼς,
1390 3287 1615 3349 μετέστη.
1691 3291 1910 3337 Plutarch.
1955 3294 2041 3340 Cic.

212 3383 248 3413 c.
268 3370 340 3411 30.
360 3370 384 3410 1
404 3383 493 3428 sqq.
528 3368 647 3411 Idem
667 3371 810 3428 Pomp.
829 3382 866 3411 c.
886 3370 957 3411 46.
981 3370 1021 3409 4.
1055 3363 1177 3409 Idem
1195 3368 1331 3410 Crass.
1345 3382 1380 3411 c..
1401 3371 1472 3412 13.
1493 3373 1534 3413 5.
1567 3368 1690 3413 Idem
1709 3371 1818 3414 Caoe.
1842 3385 1881 3414 c.
1902 3374 1973 3415 14.
1994 3374 2036 3416 ¹7.

210 3447 330 3489 Hane
356 3452 524 3504 partem
542 3444 657 3490 vitae
682 3445 893 3490 Ciceronis
926 3443 1230 3505 explicuerunt
1257 3446 1531 3491 Constantius
1555 3438 1742 3491 Felioius
1772 3447 2035 3506 Duratium,

212 3521 347 3579 (idem
381 3522 506 3566 cuius
541 3522 771 3567 Historiam
805 3521 1113 3567 coniurationis
1147 3521 1423 3569 Catilinariae
1453 3541 1582 3586 supra
1616 3525 1949 3572 memoraximus
1983 3526 2038 3571 ad

2200 1973 2210 2179 ‹·⁴⁴-.a—...-—„...
2206 1820 2210 1957 -.-.-.,--.-.
2206 1735 2210 1786 m...
2207 1699 2210 1714 ,Α
2204 1652 2210 1681 ,-,
2204 1608 2210 1626 .-
2206 1581 2210 1587 .
2206 1555 2210 1563 .
2206 1499 2210 1519 v.
2208 1452 2210 1459 .
2206 1403 2210 1413 -

2194 2974 2210 3021 ss.-
2187 2858 2210 2956 ιντερ(-
2190 2656 2210 2846 :ir-m.
2186 2630 2199 2635 ³
