<?xml version="1.0" encoding="UTF-8"?>
<!DOCTYPE html PUBLIC "-//W3C//DTD XHTML 1.0 Transitional//EN"
    "http://www.w3.org/TR/xhtml1/DTD/xhtml1-transitional.dtd">
<html xmlns="http://www.w3.org/1999/xhtml" xml:lang="en" lang="en">
 <head>
  <title>
</title>
<meta http-equiv="Content-Type" content="text/html;charset=utf-8" />
  <meta name='ocr-system' content='tesseract 3.04.00' />
  <meta name='ocr-capabilities' content='ocr_page ocr_carea ocr_par ocr_line ocrx_word'/>
</head>
<body>
  <div class='ocr_page' id='page_1' title='image "./mtulliiciceronis00suriuoft/mtulliiciceronis00suriuoft_0886.png"; bbox 0 0 2210 3970; ppageno 0'>
   <div class='ocr_carea' id='block_1_1' title="bbox 254 203 1553 267">
    <p class='ocr_par' dir='ltr' id='par_1_1' title="bbox 254 203 1553 267">
     <span class='ocr_line' id='line_1_1' title="bbox 254 203 1553 267; baseline -0.003 -12"><span class='ocrx_word' id='word_1_1' title='bbox 254 203 362 255; x_wconf 85' lang='lat'><strong>860</strong></span> <span class='ocrx_word' id='word_1_2' title='bbox 806 213 1214 267; x_wconf 48' lang='lat' dir='ltr'><strong>turentius</strong></span> <span class='ocrx_word' id='word_1_3' title='bbox 1273 215 1553 253; x_wconf 72' lang='lat' dir='ltr'><strong>cronno.</strong></span> 
     </span>
    </p>
   </div>
   <div class='ocr_carea' id='block_1_2' title="bbox 256 346 2095 539">
    <p class='ocr_par' dir='ltr' id='par_1_2' title="bbox 256 346 2095 539">
     <span class='ocr_line' id='line_1_2' title="bbox 257 346 2093 411; baseline 0.001 -16"><span class='ocrx_word' id='word_1_4' title='bbox 257 369 299 411; x_wconf 89' lang='lat' dir='ltr'><strong>p.</strong></span> <span class='ocrx_word' id='word_1_5' title='bbox 322 354 431 395; x_wconf 83' lang='lat'><strong>603.</strong></span> <span class='ocrx_word' id='word_1_6' title='bbox 474 353 602 394; x_wconf 87' lang='lat' dir='ltr'><strong>habet</strong></span> <span class='ocrx_word' id='word_1_7' title='bbox 631 353 866 393; x_wconf 84' lang='lat' dir='ltr'><strong>Orationem</strong></span> <span class='ocrx_word' id='word_1_8' title='bbox 900 354 945 392; x_wconf 90' lang='lat' dir='ltr'><strong>in</strong></span> <span class='ocrx_word' id='word_1_9' title='bbox 979 356 1076 405; x_wconf 89' lang='lat' dir='ltr'><strong>toga</strong></span> <span class='ocrx_word' id='word_1_10' title='bbox 1109 353 1286 392; x_wconf 89' lang='lat' dir='ltr'><strong>eandida</strong></span> <span class='ocrx_word' id='word_1_11' title='bbox 1302 357 1449 393; x_wconf 89' lang='lat' dir='ltr'><strong>contra</strong></span> <span class='ocrx_word' id='word_1_12' title='bbox 1482 353 1778 407; x_wconf 77' lang='lat' dir='ltr'><strong>competitores</strong></span> <span class='ocrx_word' id='word_1_13' title='bbox 1798 346 1908 395; x_wconf 77' lang='grc'><strong>604.</strong></span> <span class='ocrx_word' id='word_1_14' title='bbox 1943 357 2093 397; x_wconf 88' lang='lat' dir='ltr'><strong>consul</strong></span> 
     </span>
     <span class='ocr_line' id='line_1_3' title="bbox 256 418 2095 474; baseline 0.002 -14"><span class='ocrx_word' id='word_1_15' title='bbox 256 421 503 473; x_wconf 88' lang='lat' dir='ltr'><strong>designatur</strong></span> <span class='ocrx_word' id='word_1_16' title='bbox 531 433 627 459; x_wconf 89' lang='lat' dir='ltr'><strong>eum</strong></span> <span class='ocrx_word' id='word_1_17' title='bbox 673 419 715 458; x_wconf 90' lang='lat' dir='ltr'><strong>C.</strong></span> <span class='ocrx_word' id='word_1_18' title='bbox 746 419 930 459; x_wconf 90' lang='lat' dir='ltr'><strong>Antonio</strong></span> <span class='ocrx_word' id='word_1_19' title='bbox 969 418 1076 459; x_wconf 83' lang='lat'><strong>605.</strong></span> <span class='ocrx_word' id='word_1_20' title='bbox 1111 423 1290 471; x_wconf 88' lang='lat' dir='ltr'><strong>augetur</strong></span> <span class='ocrx_word' id='word_1_21' title='bbox 1334 419 1423 458; x_wconf 90' lang='lat' dir='ltr'><strong>filio</strong></span> <span class='ocrx_word' id='word_1_22' title='bbox 1461 419 1569 460; x_wconf 86' lang='lat'><strong>606.</strong></span> <span class='ocrx_word' id='word_1_23' title='bbox 1602 419 1732 459; x_wconf 88' lang='lat' dir='ltr'><strong>filiam</strong></span> <span class='ocrx_word' id='word_1_24' title='bbox 1765 419 2000 474; x_wconf 80' lang='lat' dir='ltr'><strong>despondet</strong></span> <span class='ocrx_word' id='word_1_25' title='bbox 2031 423 2095 463; x_wconf 87' lang='lat' dir='ltr'><strong>Pi-</strong></span> 
     </span>
     <span class='ocr_line' id='line_1_4' title="bbox 259 484 1844 539; baseline 0.001 -13"><span class='ocrx_word' id='word_1_26' title='bbox 259 488 353 527; x_wconf 91' lang='lat' dir='ltr'><strong>soni</strong></span> <span class='ocrx_word' id='word_1_27' title='bbox 391 487 499 527; x_wconf 89' lang='lat'><strong>606.</strong></span> <span class='ocrx_word' id='word_1_28' title='bbox 534 490 668 525; x_wconf 89' lang='lat' dir='ltr'><strong>morte</strong></span> <span class='ocrx_word' id='word_1_29' title='bbox 701 486 856 525; x_wconf 90' lang='lat' dir='ltr'><strong>amittit</strong></span> <span class='ocrx_word' id='word_1_30' title='bbox 889 489 1048 539; x_wconf 85' lang='lat' dir='ltr'><strong>patrem</strong></span> <span class='ocrx_word' id='word_1_31' title='bbox 1081 485 1190 526; x_wconf 89' lang='grc'><strong>606.</strong></span> <span class='ocrx_word' id='word_1_32' title='bbox 1225 485 1414 526; x_wconf 84' lang='lat' dir='ltr'><strong>defendit</strong></span> <span class='ocrx_word' id='word_1_33' title='bbox 1446 487 1493 539; x_wconf 97' lang='lat' dir='ltr'><strong>Q.</strong></span> <span class='ocrx_word' id='word_1_34' title='bbox 1523 485 1703 525; x_wconf 84' lang='lat' dir='ltr'><strong>Gallium</strong></span> <span class='ocrx_word' id='word_1_35' title='bbox 1736 484 1844 528; x_wconf 88' lang='lat'><strong>607.</strong></span> 
     </span>
    </p>
   </div>
   <div class='ocr_carea' id='block_1_3' title="bbox 259 535 2207 671">
    <p class='ocr_par' dir='ltr' id='par_1_3' title="bbox 259 533 2207 671">
     <span class='ocr_line' id='line_1_5' title="bbox 346 535 2207 608; baseline 0.002 -17"><span class='ocrx_word' id='word_1_36' title='bbox 346 542 473 608; x_wconf 91' lang='grc' dir='ltr'><strong>(ΙΙΙ.)</strong></span> <span class='ocrx_word' id='word_1_37' title='bbox 523 551 646 592; x_wconf 91' lang='lat' dir='ltr'><strong>Anno</strong></span> <span class='ocrx_word' id='word_1_38' title='bbox 692 553 839 591; x_wconf 89' lang='lat' dir='ltr'><strong>aetatis</strong></span> <span class='ocrx_word' id='word_1_39' title='bbox 884 564 977 591; x_wconf 81' lang='lat' dir='ltr'><strong>xuv</strong></span> <span class='ocrx_word' id='word_1_40' title='bbox 1022 551 1363 591; x_wconf 80' lang='lat' dir='ltr'><strong>Consulatum</strong></span> <span class='ocrx_word' id='word_1_41' title='bbox 1415 540 1467 607; x_wconf 91' lang='lat' dir='ltr'><strong>(a.</strong></span> <span class='ocrx_word' id='word_1_42' title='bbox 1507 542 1618 607; x_wconf 88' lang='grc'><strong>691)</strong></span> <span class='ocrx_word' id='word_1_43' title='bbox 1669 552 1778 604; x_wconf 88' lang='lat' dir='ltr'><strong>gerit</strong></span> <span class='ocrx_word' id='word_1_44' title='bbox 1817 551 2096 594; x_wconf 43' lang='lat' dir='ltr'><strong>eosq-initio</strong></span> <span class='ocrx_word' id='word_1_45' title='bbox 2180 535 2207 570; x_wconf 81' lang='lat'><strong>&#39;:</strong></span> 
     </span>
     <span class='ocr_line' id='line_1_6' title="bbox 259 617 2138 671; baseline 0.001 -13"><span class='ocrx_word' id='word_1_46' title='bbox 259 619 506 667; x_wconf 79' lang='lat' dir='ltr'><strong>consulatus</strong></span> <span class='ocrx_word' id='word_1_47' title='bbox 561 623 647 658; x_wconf 90' lang='lat' dir='ltr'><strong>tres</strong></span> <span class='ocrx_word' id='word_1_48' title='bbox 697 619 913 658; x_wconf 85' lang='lat' dir='ltr'><strong>Orationes</strong></span> <span class='ocrx_word' id='word_1_49' title='bbox 970 617 1098 658; x_wconf 90' lang='lat' dir='ltr'><strong>habet</strong></span> <span class='ocrx_word' id='word_1_50' title='bbox 1143 618 1188 657; x_wconf 89' lang='lat' dir='ltr'><strong>in</strong></span> <span class='ocrx_word' id='word_1_51' title='bbox 1241 619 1286 658; x_wconf 94' lang='lat' dir='ltr'><strong>P.</strong></span> <span class='ocrx_word' id='word_1_52' title='bbox 1321 618 1483 658; x_wconf 85' lang='lat' dir='ltr'><strong>Servilii</strong></span> <span class='ocrx_word' id='word_1_53' title='bbox 1538 618 1652 658; x_wconf 88' lang='lat' dir='ltr'><strong>Rulli</strong></span> <span class='ocrx_word' id='word_1_54' title='bbox 1695 619 1833 670; x_wconf 87' lang='lat' dir='ltr'><strong>legem</strong></span> <span class='ocrx_word' id='word_1_55' title='bbox 1893 620 2096 671; x_wconf 74' lang='lat' dir='ltr'>agrariam</span> <span class='ocrx_word' id='word_1_56' title='bbox 2135 663 2138 666; x_wconf 59' lang='grc'>,</span> 
     </span>
    </p>
   </div>
   <div class='ocr_carea' id='block_1_4' title="bbox 259 684 2098 804">
    <p class='ocr_par' dir='ltr' id='par_1_4' title="bbox 259 684 2098 804">
     <span class='ocr_line' id='line_1_7' title="bbox 263 684 2098 738; baseline 0.001 -13"><span class='ocrx_word' id='word_1_57' title='bbox 263 685 372 734; x_wconf 83' lang='lat'><strong>609.</strong></span> <span class='ocrx_word' id='word_1_58' title='bbox 408 698 484 738; x_wconf 92' lang='lat' dir='ltr'><strong>per</strong></span> <span class='ocrx_word' id='word_1_59' title='bbox 510 685 696 728; x_wconf 85' lang='lat' dir='ltr'><strong>Fulviam</strong></span> <span class='ocrx_word' id='word_1_60' title='bbox 731 685 883 727; x_wconf 80' lang='lat' dir='ltr'><strong>certior</strong></span> <span class='ocrx_word' id='word_1_61' title='bbox 917 684 967 723; x_wconf 93' lang='lat' dir='ltr'><strong>fit</strong></span> <span class='ocrx_word' id='word_1_62' title='bbox 996 685 1048 724; x_wconf 90' lang='lat' dir='ltr'><strong>de</strong></span> <span class='ocrx_word' id='word_1_63' title='bbox 1087 684 1288 726; x_wconf 82' lang='lat' dir='ltr'><strong>Catilinae</strong></span> <span class='ocrx_word' id='word_1_64' title='bbox 1322 684 1613 724; x_wconf 87' lang='lat' dir='ltr'><strong>coniuratione</strong></span> <span class='ocrx_word' id='word_1_65' title='bbox 1662 684 1770 724; x_wconf 84' lang='lat'><strong>609.</strong></span> <span class='ocrx_word' id='word_1_66' title='bbox 1809 684 1918 726; x_wconf 84' lang='lat'><strong>624.</strong></span> <span class='ocrx_word' id='word_1_67' title='bbox 1967 686 2098 726; x_wconf 75' lang='lat' dir='ltr'><strong>Mace-</strong></span> 
     </span>
     <span class='ocr_line' id='line_1_8' title="bbox 259 750 2095 804; baseline 0.001 -14"><span class='ocrx_word' id='word_1_68' title='bbox 259 751 427 791; x_wconf 90' lang='lat' dir='ltr'><strong>doniam</strong></span> <span class='ocrx_word' id='word_1_69' title='bbox 473 751 667 791; x_wconf 88' lang='lat' dir='ltr'><strong>concedit</strong></span> <span class='ocrx_word' id='word_1_70' title='bbox 707 751 891 803; x_wconf 78' lang='lat' dir='ltr'><strong>collegae</strong></span> <span class='ocrx_word' id='word_1_71' title='bbox 925 751 1033 792; x_wconf 88' lang='grc'><strong>609.</strong></span> <span class='ocrx_word' id='word_1_72' title='bbox 1070 764 1199 790; x_wconf 82' lang='lat' dir='ltr'><strong>novas</strong></span> <span class='ocrx_word' id='word_1_73' title='bbox 1233 750 1398 792; x_wconf 83' lang='lat' dir='ltr'><strong>tabulas</strong></span> <span class='ocrx_word' id='word_1_74' title='bbox 1432 751 1612 804; x_wconf 86' lang='lat' dir='ltr'><strong>proferri</strong></span> <span class='ocrx_word' id='word_1_75' title='bbox 1643 750 1841 804; x_wconf 90' lang='lat' dir='ltr'><strong>prohibet</strong></span> <span class='ocrx_word' id='word_1_76' title='bbox 1879 751 1986 792; x_wconf 87' lang='lat'><strong>610.</strong></span> <span class='ocrx_word' id='word_1_77' title='bbox 2021 752 2095 792; x_wconf 88' lang='lat' dir='ltr'><strong>lus</strong></span> 
     </span>
    </p>
   </div>
   <div class='ocr_carea' id='block_1_5' title="bbox 259 815 2142 873">
    <p class='ocr_par' dir='ltr' id='par_1_5' title="bbox 259 790 2208 873">
     <span class='ocr_line' id='line_1_9' title="bbox 259 815 2142 873; baseline -0.015 -15"><span class='ocrx_word' id='word_1_78' title='bbox 259 818 483 873; x_wconf 79' lang='lat' dir='ltr'><strong>legationis</strong></span> <span class='ocrx_word' id='word_1_79' title='bbox 511 815 666 857; x_wconf 86' lang='lat' dir='ltr'><strong>liberae</strong></span> <span class='ocrx_word' id='word_1_80' title='bbox 694 818 795 857; x_wconf 88' lang='lat' dir='ltr'><strong>facit</strong></span> <span class='ocrx_word' id='word_1_81' title='bbox 827 831 1016 856; x_wconf 90' lang='lat' dir='ltr'><strong>annuum</strong></span> <span class='ocrx_word' id='word_1_82' title='bbox 1049 817 1155 857; x_wconf 89' lang='lat'><strong>610.</strong></span> <span class='ocrx_word' id='word_1_83' title='bbox 1192 817 1430 856; x_wconf 86' lang='lat' dir='ltr'><strong>Orationem</strong></span> <span class='ocrx_word' id='word_1_84' title='bbox 1456 817 1585 857; x_wconf 85' lang='lat' dir='ltr'><strong>hahet</strong></span> <span class='ocrx_word' id='word_1_85' title='bbox 1617 829 1694 870; x_wconf 87' lang='lat' dir='ltr'><strong>pro</strong></span> <span class='ocrx_word' id='word_1_86' title='bbox 1729 817 1772 856; x_wconf 94' lang='lat' dir='ltr'><strong>L.</strong></span> <span class='ocrx_word' id='word_1_87' title='bbox 1797 817 1948 871; x_wconf 63' lang='lat' dir='ltr'><strong>Roscio</strong></span> <span class='ocrx_word' id='word_1_88' title='bbox 1974 818 2099 858; x_wconf 56' lang='lat' dir='ltr'><strong>otho·</strong></span> <span class='ocrx_word' id='word_1_89' title='bbox 2138 829 2142 833; x_wconf 83' lang='lat'><strong>.</strong></span> 
     </span>
    </p>
   </div>
   <div class='ocr_carea' id='block_1_6' title="bbox 260 881 2101 936">
    <p class='ocr_par' dir='ltr' id='par_1_6' title="bbox 260 881 2101 936">
     <span class='ocr_line' id='line_1_10' title="bbox 260 881 2101 936; baseline 0.001 -13"><span class='ocrx_word' id='word_1_90' title='bbox 260 897 315 924; x_wconf 90' lang='lat' dir='ltr'><strong>ne</strong></span> <span class='ocrx_word' id='word_1_91' title='bbox 355 884 463 923; x_wconf 88' lang='lat'><strong>611.</strong></span> <span class='ocrx_word' id='word_1_92' title='bbox 499 883 688 922; x_wconf 84' lang='lat' dir='ltr'><strong>defendit</strong></span> <span class='ocrx_word' id='word_1_93' title='bbox 716 884 758 922; x_wconf 90' lang='lat' dir='ltr'><strong>C.</strong></span> <span class='ocrx_word' id='word_1_94' title='bbox 788 883 1003 922; x_wconf 84' lang='lat' dir='ltr'><strong>Rabirium</strong></span> <span class='ocrx_word' id='word_1_95' title='bbox 1036 882 1143 922; x_wconf 85' lang='lat'><strong>611.</strong></span> <span class='ocrx_word' id='word_1_96' title='bbox 1178 883 1416 921; x_wconf 88' lang='lat' dir='ltr'><strong>Orationem</strong></span> <span class='ocrx_word' id='word_1_97' title='bbox 1442 881 1572 921; x_wconf 89' lang='lat' dir='ltr'><strong>habet</strong></span> <span class='ocrx_word' id='word_1_98' title='bbox 1604 882 1656 922; x_wconf 92' lang='lat' dir='ltr'><strong>de</strong></span> <span class='ocrx_word' id='word_1_99' title='bbox 1689 883 2020 936; x_wconf 87' lang='lat' dir='ltr'><strong>proscriptorum</strong></span> <span class='ocrx_word' id='word_1_100' title='bbox 2052 884 2101 924; x_wconf 90' lang='lat' dir='ltr'><strong>fi-</strong></span> 
     </span>
    </p>
   </div>
   <div class='ocr_carea' id='block_1_7' title="bbox 259 947 2100 1004">
    <p class='ocr_par' dir='ltr' id='par_1_7' title="bbox 259 929 2194 1004">
     <span class='ocr_line' id='line_1_11' title="bbox 259 947 2100 1004; baseline -0.001 -16"><span class='ocrx_word' id='word_1_101' title='bbox 259 949 328 1000; x_wconf 85' lang='lat' dir='ltr'><strong>liis</strong></span> <span class='ocrx_word' id='word_1_102' title='bbox 363 949 483 1000; x_wconf 86' lang='lat'><strong>612,</strong></span> <span class='ocrx_word' id='word_1_103' title='bbox 534 953 578 988; x_wconf 92' lang='lat' dir='ltr'><strong>et</strong></span> <span class='ocrx_word' id='word_1_104' title='bbox 624 962 756 1001; x_wconf 91' lang='lat' dir='ltr'><strong>quum</strong></span> <span class='ocrx_word' id='word_1_105' title='bbox 796 949 976 992; x_wconf 82' lang='lat' dir='ltr'><strong>Galliam</strong></span> <span class='ocrx_word' id='word_1_106' title='bbox 1020 948 1279 1001; x_wconf 87' lang='lat' dir='ltr'><strong>provinciam</strong></span> <span class='ocrx_word' id='word_1_107' title='bbox 1329 948 1561 1004; x_wconf 86' lang='lat' dir='ltr'><strong>deponeret</strong></span> <span class='ocrx_word' id='word_1_108' title='bbox 1597 947 1706 988; x_wconf 88' lang='grc'><strong>613.</strong></span> <span class='ocrx_word' id='word_1_109' title='bbox 1750 948 1888 1000; x_wconf 90' lang='lat' dir='ltr'><strong>legem</strong></span> <span class='ocrx_word' id='word_1_110' title='bbox 1920 950 2005 989; x_wconf 85' lang='lat' dir='ltr'><strong>fert</strong></span> <span class='ocrx_word' id='word_1_111' title='bbox 2047 950 2100 990; x_wconf 90' lang='lat' dir='ltr'><strong>de</strong></span> 
     </span>
    </p>
   </div>
   <div class='ocr_carea' id='block_1_8' title="bbox 229 1014 2105 2330">
    <p class='ocr_par' dir='ltr' id='par_1_8' title="bbox 229 1014 2105 2330">
     <span class='ocr_line' id='line_1_12' title="bbox 259 1014 2101 1071; baseline 0.001 -16"><span class='ocrx_word' id='word_1_112' title='bbox 259 1015 420 1063; x_wconf 81' lang='lat' dir='ltr'><strong>ambitu</strong></span> <span class='ocrx_word' id='word_1_113' title='bbox 458 1014 567 1057; x_wconf 84' lang='lat'><strong>613.</strong></span> <span class='ocrx_word' id='word_1_114' title='bbox 603 1028 793 1060; x_wconf 82' lang='lat' dir='ltr'><strong>caussam</strong></span> <span class='ocrx_word' id='word_1_115' title='bbox 826 1015 913 1067; x_wconf 88' lang='lat' dir='ltr'><strong>agit</strong></span> <span class='ocrx_word' id='word_1_116' title='bbox 931 1015 1150 1068; x_wconf 86' lang='lat' dir='ltr'><strong>Pompeii,</strong></span> <span class='ocrx_word' id='word_1_117' title='bbox 1185 1015 1409 1071; x_wconf 84' lang='lat' dir='ltr'><strong>Torquati,</strong></span> <span class='ocrx_word' id='word_1_118' title='bbox 1443 1014 1611 1055; x_wconf 91' lang='lat' dir='ltr'><strong>Luculli</strong></span> <span class='ocrx_word' id='word_1_119' title='bbox 1644 1018 1818 1068; x_wconf 90' lang='lat' dir='ltr'><strong>propter</strong></span> <span class='ocrx_word' id='word_1_120' title='bbox 1844 1014 1957 1055; x_wconf 91' lang='lat' dir='ltr'><strong>bella</strong></span> <span class='ocrx_word' id='word_1_121' title='bbox 1984 1028 2101 1068; x_wconf 90' lang='lat' dir='ltr'><strong>egre-</strong></span> 
     </span>
     <span class='ocr_line' id='line_1_13' title="bbox 259 1080 2101 1137; baseline 0.001 -16"><span class='ocrx_word' id='word_1_122' title='bbox 259 1082 327 1137; x_wconf 91' lang='lat' dir='ltr'><strong>gie</strong></span> <span class='ocrx_word' id='word_1_123' title='bbox 362 1085 480 1134; x_wconf 85' lang='lat' dir='ltr'><strong>gesta</strong></span> <span class='ocrx_word' id='word_1_124' title='bbox 512 1081 620 1122; x_wconf 84' lang='lat'><strong>615.</strong></span> <span class='ocrx_word' id='word_1_125' title='bbox 669 1082 721 1121; x_wconf 91' lang='lat' dir='ltr'><strong>de</strong></span> <span class='ocrx_word' id='word_1_126' title='bbox 756 1082 1045 1121; x_wconf 91' lang='lat' dir='ltr'><strong>coniuratione</strong></span> <span class='ocrx_word' id='word_1_127' title='bbox 1081 1080 1282 1121; x_wconf 89' lang='lat' dir='ltr'><strong>Catilinae</strong></span> <span class='ocrx_word' id='word_1_128' title='bbox 1316 1080 1448 1120; x_wconf 90' lang='lat' dir='ltr'><strong>semel</strong></span> <span class='ocrx_word' id='word_1_129' title='bbox 1479 1081 1718 1137; x_wconf 81' lang='lat' dir='ltr'><strong>iterumque</strong></span> <span class='ocrx_word' id='word_1_130' title='bbox 1751 1081 1879 1122; x_wconf 82' lang='lat' dir='ltr'><strong>verba</strong></span> <span class='ocrx_word' id='word_1_131' title='bbox 1922 1082 2024 1122; x_wconf 88' lang='lat' dir='ltr'><strong>facit</strong></span> <span class='ocrx_word' id='word_1_132' title='bbox 2055 1083 2101 1124; x_wconf 88' lang='lat' dir='ltr'><strong>in</strong></span> 
     </span>
     <span class='ocr_line' id='line_1_14' title="bbox 261 1147 2101 1201; baseline -0.001 -11"><span class='ocrx_word' id='word_1_133' title='bbox 261 1152 415 1194; x_wconf 79' lang='lat' dir='ltr'><strong>senatu</strong></span> <span class='ocrx_word' id='word_1_134' title='bbox 447 1148 555 1189; x_wconf 90' lang='lat'><strong>620.</strong></span> <span class='ocrx_word' id='word_1_135' title='bbox 591 1161 641 1187; x_wconf 86' lang='lat' dir='ltr'><strong>ex</strong></span> <span class='ocrx_word' id='word_1_136' title='bbox 674 1149 774 1188; x_wconf 91' lang='lat' dir='ltr'><strong>SCto</strong></span> <span class='ocrx_word' id='word_1_137' title='bbox 807 1149 981 1187; x_wconf 83' lang='lat' dir='ltr'><strong>maxima</strong></span> <span class='ocrx_word' id='word_1_138' title='bbox 1014 1147 1260 1187; x_wconf 86' lang='lat' dir='ltr'><strong>consulibus</strong></span> <span class='ocrx_word' id='word_1_139' title='bbox 1294 1147 1554 1201; x_wconf 86' lang='lat' dir='ltr'><strong>permittitur</strong></span> <span class='ocrx_word' id='word_1_140' title='bbox 1595 1151 1782 1200; x_wconf 84' lang='lat' dir='ltr'><strong>potestas</strong></span> <span class='ocrx_word' id='word_1_141' title='bbox 1815 1147 1923 1188; x_wconf 88' lang='lat'><strong>621.</strong></span> <span class='ocrx_word' id='word_1_142' title='bbox 1958 1149 2101 1189; x_wconf 89' lang='lat' dir='ltr'><strong>Cicero</strong></span> 
     </span>
     <span class='ocr_line' id='line_1_15' title="bbox 261 1213 2104 1267; baseline 0.002 -14"><span class='ocrx_word' id='word_1_143' title='bbox 261 1215 308 1262; x_wconf 78' lang='lat' dir='ltr'><strong>in</strong></span> <span class='ocrx_word' id='word_1_144' title='bbox 343 1228 491 1267; x_wconf 87' lang='lat' dir='ltr'><strong>agrum</strong></span> <span class='ocrx_word' id='word_1_145' title='bbox 525 1214 785 1254; x_wconf 88' lang='lat' dir='ltr'><strong>Gallicanum</strong></span> <span class='ocrx_word' id='word_1_146' title='bbox 819 1215 1106 1266; x_wconf 90' lang='lat' dir='ltr'><strong>Picenumque</strong></span> <span class='ocrx_word' id='word_1_147' title='bbox 1141 1214 1374 1267; x_wconf 87' lang='lat' dir='ltr'><strong>praemittit</strong></span> <span class='ocrx_word' id='word_1_148' title='bbox 1413 1214 1461 1266; x_wconf 92' lang='lat' dir='ltr'><strong>Q.</strong></span> <span class='ocrx_word' id='word_1_149' title='bbox 1488 1213 1703 1255; x_wconf 77' lang='lat' dir='ltr'><strong>Metellum</strong></span> <span class='ocrx_word' id='word_1_150' title='bbox 1734 1213 1843 1254; x_wconf 89' lang='lat'><strong>622.</strong></span> <span class='ocrx_word' id='word_1_151' title='bbox 1879 1213 2001 1256; x_wconf 88' lang='lat' dir='ltr'><strong>domo</strong></span> <span class='ocrx_word' id='word_1_152' title='bbox 2026 1228 2104 1256; x_wconf 83' lang='lat' dir='ltr'><strong>sua</strong></span> 
     </span>
     <span class='ocr_line' id='line_1_16' title="bbox 266 1279 2103 1334; baseline 0.002 -14"><span class='ocrx_word' id='word_1_153' title='bbox 266 1281 453 1327; x_wconf 81' lang='lat' dir='ltr'><strong>excludit</strong></span> <span class='ocrx_word' id='word_1_154' title='bbox 481 1294 552 1320; x_wconf 87' lang='lat' dir='ltr'><strong>eos</strong></span> <span class='ocrx_word' id='word_1_155' title='bbox 572 1309 583 1331; x_wconf 90' lang='lat'>‚</span> <span class='ocrx_word' id='word_1_156' title='bbox 620 1281 694 1334; x_wconf 90' lang='lat' dir='ltr'><strong>qui</strong></span> <span class='ocrx_word' id='word_1_157' title='bbox 722 1281 774 1320; x_wconf 89' lang='lat' dir='ltr'><strong>ad</strong></span> <span class='ocrx_word' id='word_1_158' title='bbox 804 1294 848 1321; x_wconf 90' lang='lat' dir='ltr'><strong>se</strong></span> <span class='ocrx_word' id='word_1_159' title='bbox 876 1280 1220 1320; x_wconf 88' lang='lat' dir='ltr'><strong>interficiendum</strong></span> <span class='ocrx_word' id='word_1_160' title='bbox 1251 1280 1370 1320; x_wconf 90' lang='lat' dir='ltr'><strong>missi</strong></span> <span class='ocrx_word' id='word_1_161' title='bbox 1403 1284 1525 1320; x_wconf 89' lang='lat' dir='ltr'><strong>erant</strong></span> <span class='ocrx_word' id='word_1_162' title='bbox 1551 1279 1660 1321; x_wconf 85' lang='lat'><strong>624.</strong></span> <span class='ocrx_word' id='word_1_163' title='bbox 1695 1284 1847 1320; x_wconf 92' lang='lat' dir='ltr'><strong>senatu</strong></span> <span class='ocrx_word' id='word_1_164' title='bbox 1874 1286 2103 1323; x_wconf 82' lang='lat' dir='ltr'><strong>convocato</strong></span> 
     </span>
     <span class='ocr_line' id='line_1_17' title="bbox 264 1346 2100 1400; baseline 0.001 -14"><span class='ocrx_word' id='word_1_165' title='bbox 264 1348 310 1394; x_wconf 82' lang='lat' dir='ltr'><strong>in</strong></span> <span class='ocrx_word' id='word_1_166' title='bbox 345 1347 490 1387; x_wconf 90' lang='lat' dir='ltr'><strong>aedem</strong></span> <span class='ocrx_word' id='word_1_167' title='bbox 523 1347 633 1387; x_wconf 85' lang='lat' dir='ltr'><strong>Iovis</strong></span> <span class='ocrx_word' id='word_1_168' title='bbox 673 1348 847 1387; x_wconf 89' lang='lat' dir='ltr'><strong>Statoris</strong></span> <span class='ocrx_word' id='word_1_169' title='bbox 865 1376 879 1398; x_wconf 82' lang='lat'><strong>,</strong></span> <span class='ocrx_word' id='word_1_170' title='bbox 913 1347 1151 1387; x_wconf 90' lang='lat' dir='ltr'><strong>Orationem</strong></span> <span class='ocrx_word' id='word_1_171' title='bbox 1182 1346 1312 1387; x_wconf 89' lang='lat' dir='ltr'><strong>habet</strong></span> <span class='ocrx_word' id='word_1_172' title='bbox 1353 1346 1400 1386; x_wconf 90' lang='lat' dir='ltr'><strong>in</strong></span> <span class='ocrx_word' id='word_1_173' title='bbox 1440 1346 1659 1386; x_wconf 87' lang='lat' dir='ltr'><strong>Catilinam</strong></span> <span class='ocrx_word' id='word_1_174' title='bbox 1690 1350 1955 1400; x_wconf 86' lang='lat' dir='ltr'><strong>praesentem</strong></span> <span class='ocrx_word' id='word_1_175' title='bbox 1992 1347 2100 1388; x_wconf 89' lang='lat'><strong>625.</strong></span> 
     </span>
     <span class='ocr_line' id='line_1_18' title="bbox 229 1413 2104 1467; baseline 0.001 -14"><span class='ocrx_word' id='word_1_176' title='bbox 229 1452 234 1460; x_wconf 81' lang='grc'><strong>,</strong></span> <span class='ocrx_word' id='word_1_177' title='bbox 264 1427 350 1467; x_wconf 90' lang='lat' dir='ltr'><strong>qua</strong></span> <span class='ocrx_word' id='word_1_178' title='bbox 382 1415 462 1454; x_wconf 92' lang='lat' dir='ltr'><strong>iste</strong></span> <span class='ocrx_word' id='word_1_179' title='bbox 502 1414 751 1467; x_wconf 89' lang='lat' dir='ltr'><strong>perterritus</strong></span> <span class='ocrx_word' id='word_1_180' title='bbox 792 1414 980 1467; x_wconf 84' lang='lat' dir='ltr'><strong>profugit</strong></span> <span class='ocrx_word' id='word_1_181' title='bbox 1011 1413 1120 1454; x_wconf 88' lang='lat'><strong>626.</strong></span> <span class='ocrx_word' id='word_1_182' title='bbox 1154 1417 1246 1453; x_wconf 91' lang='lat' dir='ltr'><strong>tum</strong></span> <span class='ocrx_word' id='word_1_183' title='bbox 1285 1413 1429 1453; x_wconf 91' lang='lat' dir='ltr'><strong>Cicero</strong></span> <span class='ocrx_word' id='word_1_184' title='bbox 1462 1413 1509 1453; x_wconf 92' lang='lat' dir='ltr'><strong>in</strong></span> <span class='ocrx_word' id='word_1_185' title='bbox 1541 1413 1674 1453; x_wconf 86' lang='lat' dir='ltr'><strong>altera</strong></span> <span class='ocrx_word' id='word_1_186' title='bbox 1709 1413 1903 1453; x_wconf 83' lang='lat' dir='ltr'><strong>Oratione</strong></span> <span class='ocrx_word' id='word_1_187' title='bbox 1939 1414 1992 1453; x_wconf 90' lang='lat' dir='ltr'><strong>ad</strong></span> <span class='ocrx_word' id='word_1_188' title='bbox 2031 1427 2104 1467; x_wconf 91' lang='lat' dir='ltr'><strong>po-</strong></span> 
     </span>
     <span class='ocr_line' id='line_1_19' title="bbox 262 1479 2104 1535; baseline 0.001 -16"><span class='ocrx_word' id='word_1_189' title='bbox 262 1481 413 1535; x_wconf 90' lang='lat' dir='ltr'><strong>pulum</strong></span> <span class='ocrx_word' id='word_1_190' title='bbox 445 1479 589 1519; x_wconf 89' lang='lat' dir='ltr'><strong>habita</strong></span> <span class='ocrx_word' id='word_1_191' title='bbox 620 1494 753 1533; x_wconf 92' lang='lat' dir='ltr'><strong>quum</strong></span> <span class='ocrx_word' id='word_1_192' title='bbox 786 1480 1048 1534; x_wconf 84' lang='lat' dir='ltr'><strong>exposuisset</strong></span> <span class='ocrx_word' id='word_1_193' title='bbox 1081 1479 1383 1520; x_wconf 85' lang='lat' dir='ltr'><strong>coniurationis</strong></span> <span class='ocrx_word' id='word_1_194' title='bbox 1411 1479 1617 1520; x_wconf 88' lang='lat' dir='ltr'><strong>rationem</strong></span> <span class='ocrx_word' id='word_1_195' title='bbox 1653 1479 1772 1528; x_wconf 87' lang='lat'><strong>626,</strong></span> <span class='ocrx_word' id='word_1_196' title='bbox 1808 1484 2002 1520; x_wconf 87' lang='lat' dir='ltr'><strong>senatum</strong></span> <span class='ocrx_word' id='word_1_197' title='bbox 2035 1493 2104 1520; x_wconf 91' lang='lat' dir='ltr'><strong>co-</strong></span> 
     </span>
     <span class='ocr_line' id='line_1_20' title="bbox 263 1544 2104 1599; baseline 0.001 -14"><span class='ocrx_word' id='word_1_198' title='bbox 263 1547 358 1599; x_wconf 84' lang='lat' dir='ltr'><strong>git,</strong></span> <span class='ocrx_word' id='word_1_199' title='bbox 410 1547 486 1599; x_wconf 90' lang='lat' dir='ltr'><strong>qui</strong></span> <span class='ocrx_word' id='word_1_200' title='bbox 525 1546 743 1586; x_wconf 83' lang='lat' dir='ltr'><strong>Catilinam</strong></span> <span class='ocrx_word' id='word_1_201' title='bbox 787 1547 954 1586; x_wconf 90' lang='lat' dir='ltr'><strong>hostem</strong></span> <span class='ocrx_word' id='word_1_202' title='bbox 992 1546 1152 1586; x_wconf 90' lang='lat' dir='ltr'><strong>iudicat</strong></span> <span class='ocrx_word' id='word_1_203' title='bbox 1183 1544 1292 1588; x_wconf 89' lang='lat'><strong>627.</strong></span> <span class='ocrx_word' id='word_1_204' title='bbox 1358 1546 1409 1585; x_wconf 92' lang='lat' dir='ltr'><strong>In</strong></span> <span class='ocrx_word' id='word_1_205' title='bbox 1450 1546 1564 1586; x_wconf 84' lang='lat' dir='ltr'><strong>exitu</strong></span> <span class='ocrx_word' id='word_1_206' title='bbox 1602 1546 1690 1586; x_wconf 87' lang='lat' dir='ltr'><strong>fere</strong></span> <span class='ocrx_word' id='word_1_207' title='bbox 1723 1546 1970 1586; x_wconf 90' lang='lat' dir='ltr'><strong>consulatus</strong></span> <span class='ocrx_word' id='word_1_208' title='bbox 1999 1546 2104 1587; x_wconf 90' lang='lat' dir='ltr'><strong>dicit</strong></span> 
     </span>
     <span class='ocr_line' id='line_1_21' title="bbox 263 1610 2105 1668; baseline 0.001 -16"><span class='ocrx_word' id='word_1_209' title='bbox 263 1626 342 1668; x_wconf 87' lang='lat' dir='ltr'><strong>pro</strong></span> <span class='ocrx_word' id='word_1_210' title='bbox 377 1613 422 1654; x_wconf 92' lang='lat' dir='ltr'><strong>L.</strong></span> <span class='ocrx_word' id='word_1_211' title='bbox 452 1613 613 1652; x_wconf 91' lang='lat' dir='ltr'><strong>Licinio</strong></span> <span class='ocrx_word' id='word_1_212' title='bbox 647 1613 850 1664; x_wconf 80' lang='lat' dir='ltr'><strong>Murena,</strong></span> <span class='ocrx_word' id='word_1_213' title='bbox 896 1626 982 1653; x_wconf 93' lang='lat' dir='ltr'><strong>cos.</strong></span> <span class='ocrx_word' id='word_1_214' title='bbox 1019 1613 1107 1653; x_wconf 89' lang='lat' dir='ltr'><strong>des.</strong></span> <span class='ocrx_word' id='word_1_215' title='bbox 1142 1610 1249 1654; x_wconf 88' lang='lat'><strong>627.</strong></span> <span class='ocrx_word' id='word_1_216' title='bbox 1285 1615 1330 1652; x_wconf 90' lang='lat' dir='ltr'><strong>et</strong></span> <span class='ocrx_word' id='word_1_217' title='bbox 1362 1625 1439 1666; x_wconf 88' lang='lat' dir='ltr'><strong>pro</strong></span> <span class='ocrx_word' id='word_1_218' title='bbox 1484 1612 1528 1652; x_wconf 89' lang='lat' dir='ltr'><strong>C.</strong></span> <span class='ocrx_word' id='word_1_219' title='bbox 1557 1611 1781 1666; x_wconf 87' lang='lat' dir='ltr'><strong>Calpurnio</strong></span> <span class='ocrx_word' id='word_1_220' title='bbox 1820 1613 1970 1653; x_wconf 88' lang='lat' dir='ltr'><strong>Pisone</strong></span> <span class='ocrx_word' id='word_1_221' title='bbox 2005 1626 2105 1653; x_wconf 89' lang='lat' dir='ltr'><strong>con·</strong></span> 
     </span>
     <span class='ocr_line' id='line_1_22' title="bbox 265 1678 2103 1734; baseline 0.001 -16"><span class='ocrx_word' id='word_1_222' title='bbox 265 1679 395 1719; x_wconf 88' lang='lat' dir='ltr'><strong>sulari</strong></span> <span class='ocrx_word' id='word_1_223' title='bbox 433 1678 541 1720; x_wconf 87' lang='lat'><strong>628.</strong></span> <span class='ocrx_word' id='word_1_224' title='bbox 588 1679 910 1734; x_wconf 80' lang='lat' dir='ltr'><strong>diligentissime</strong></span> <span class='ocrx_word' id='word_1_225' title='bbox 953 1679 1148 1724; x_wconf 84' lang='lat' dir='ltr'><strong>observat</strong></span> <span class='ocrx_word' id='word_1_226' title='bbox 1188 1679 1291 1732; x_wconf 90' lang='lat' dir='ltr'><strong>quid</strong></span> <span class='ocrx_word' id='word_1_227' title='bbox 1323 1683 1451 1733; x_wconf 89' lang='lat' dir='ltr'><strong>agant</strong></span> <span class='ocrx_word' id='word_1_228' title='bbox 1484 1679 1693 1719; x_wconf 86' lang='lat' dir='ltr'><strong>coniurati</strong></span> <span class='ocrx_word' id='word_1_229' title='bbox 1725 1679 1771 1718; x_wconf 93' lang='lat' dir='ltr'><strong>in</strong></span> <span class='ocrx_word' id='word_1_230' title='bbox 1809 1679 1919 1719; x_wconf 83' lang='lat' dir='ltr'><strong>Urbe</strong></span> <span class='ocrx_word' id='word_1_231' title='bbox 1965 1679 2103 1720; x_wconf 83' lang='lat' dir='ltr'><strong>relicti</strong></span> 
     </span>
     <span class='ocr_line' id='line_1_23' title="bbox 268 1744 2102 1799; baseline 0.001 -14"><span class='ocrx_word' id='word_1_232' title='bbox 268 1745 378 1786; x_wconf 88' lang='grc'><strong>629.</strong></span> <span class='ocrx_word' id='word_1_233' title='bbox 416 1746 570 1785; x_wconf 87' lang='lat' dir='ltr'><strong>certior</strong></span> <span class='ocrx_word' id='word_1_234' title='bbox 601 1745 653 1786; x_wconf 92' lang='lat' dir='ltr'><strong>fit</strong></span> <span class='ocrx_word' id='word_1_235' title='bbox 687 1746 738 1786; x_wconf 91' lang='lat' dir='ltr'><strong>de</strong></span> <span class='ocrx_word' id='word_1_236' title='bbox 764 1746 1055 1796; x_wconf 78' lang='lat' dir='ltr'><strong>coniuratione</strong></span> <span class='ocrx_word' id='word_1_237' title='bbox 1078 1759 1103 1785; x_wconf 89' lang='lat' dir='ltr'><strong>a</strong></span> <span class='ocrx_word' id='word_1_238' title='bbox 1136 1746 1284 1798; x_wconf 87' lang='lat' dir='ltr'><strong>legatis</strong></span> <span class='ocrx_word' id='word_1_239' title='bbox 1311 1744 1586 1798; x_wconf 78' lang='lat' dir='ltr'><strong>Allobrogum</strong></span> <span class='ocrx_word' id='word_1_240' title='bbox 1618 1758 1695 1799; x_wconf 89' lang='lat' dir='ltr'><strong>per</strong></span> <span class='ocrx_word' id='word_1_241' title='bbox 1727 1745 1899 1786; x_wconf 85' lang='lat' dir='ltr'><strong>Fabium</strong></span> <span class='ocrx_word' id='word_1_242' title='bbox 1925 1747 2102 1798; x_wconf 83' lang='lat' dir='ltr'><strong>Sangam</strong></span> 
     </span>
     <span class='ocr_line' id='line_1_24' title="bbox 269 1811 2102 1870; baseline 0.001 -19"><span class='ocrx_word' id='word_1_243' title='bbox 269 1811 380 1858; x_wconf 86' lang='lat'><strong>629.</strong></span> <span class='ocrx_word' id='word_1_244' title='bbox 414 1825 542 1865; x_wconf 87' lang='lat' dir='ltr'><strong>opera</strong></span> <span class='ocrx_word' id='word_1_245' title='bbox 575 1825 678 1862; x_wconf 88' lang='lat' dir='ltr'><strong>usus</strong></span> <span class='ocrx_word' id='word_1_246' title='bbox 713 1816 954 1865; x_wconf 86' lang='lat' dir='ltr'><strong>praetorum</strong></span> <span class='ocrx_word' id='word_1_247' title='bbox 982 1813 1027 1852; x_wconf 91' lang='lat' dir='ltr'><strong>L.</strong></span> <span class='ocrx_word' id='word_1_248' title='bbox 1058 1812 1214 1852; x_wconf 87' lang='lat' dir='ltr'><strong>Valerii</strong></span> <span class='ocrx_word' id='word_1_249' title='bbox 1247 1811 1383 1858; x_wconf 82' lang='lat' dir='ltr'><strong>Flacci</strong></span> <span class='ocrx_word' id='word_1_250' title='bbox 1416 1815 1460 1852; x_wconf 86' lang='lat' dir='ltr'><strong>et</strong></span> <span class='ocrx_word' id='word_1_251' title='bbox 1492 1812 1534 1852; x_wconf 90' lang='lat' dir='ltr'><strong>C.</strong></span> <span class='ocrx_word' id='word_1_252' title='bbox 1560 1812 1804 1870; x_wconf 87' lang='lat' dir='ltr'><strong>Pomptini,</strong></span> <span class='ocrx_word' id='word_1_253' title='bbox 1839 1824 2005 1860; x_wconf 89' lang='lat' dir='ltr'><strong>omnem</strong></span> <span class='ocrx_word' id='word_1_254' title='bbox 2034 1825 2102 1853; x_wconf 88' lang='lat' dir='ltr'><strong>co-</strong></span> 
     </span>
     <span class='ocr_line' id='line_1_25' title="bbox 261 1877 2102 1932; baseline 0.001 -13"><span class='ocrx_word' id='word_1_255' title='bbox 261 1879 460 1920; x_wconf 85' lang='lat' dir='ltr'><strong>mitatum</strong></span> <span class='ocrx_word' id='word_1_256' title='bbox 477 1907 490 1929; x_wconf 85' lang='lat'>‚</span> <span class='ocrx_word' id='word_1_257' title='bbox 533 1879 609 1931; x_wconf 90' lang='lat' dir='ltr'><strong>qui</strong></span> <span class='ocrx_word' id='word_1_258' title='bbox 648 1883 779 1918; x_wconf 91' lang='lat' dir='ltr'><strong>noctu</strong></span> <span class='ocrx_word' id='word_1_259' title='bbox 812 1879 865 1918; x_wconf 89' lang='lat' dir='ltr'><strong>ad</strong></span> <span class='ocrx_word' id='word_1_260' title='bbox 909 1878 1127 1918; x_wconf 86' lang='lat' dir='ltr'><strong>Catilinam</strong></span> <span class='ocrx_word' id='word_1_261' title='bbox 1172 1878 1439 1931; x_wconf 86' lang='lat' dir='ltr'><strong>profecturus</strong></span> <span class='ocrx_word' id='word_1_262' title='bbox 1481 1882 1572 1918; x_wconf 85' lang='lat' dir='ltr'><strong>erat</strong></span> <span class='ocrx_word' id='word_1_263' title='bbox 1589 1906 1602 1929; x_wconf 90' lang='lat'><strong>,</strong></span> <span class='ocrx_word' id='word_1_264' title='bbox 1647 1877 1948 1932; x_wconf 82' lang='lat' dir='ltr'><strong>comprehendi</strong></span> <span class='ocrx_word' id='word_1_265' title='bbox 1981 1883 2102 1920; x_wconf 90' lang='lat' dir='ltr'><strong>curat</strong></span> 
     </span>
     <span class='ocr_line' id='line_1_26' title="bbox 268 1944 2104 1998; baseline 0.001 -14"><span class='ocrx_word' id='word_1_266' title='bbox 268 1944 378 1989; x_wconf 86' lang='lat'><strong>631.</strong></span> <span class='ocrx_word' id='word_1_267' title='bbox 415 1948 566 1984; x_wconf 90' lang='lat' dir='ltr'><strong>senatu</strong></span> <span class='ocrx_word' id='word_1_268' title='bbox 611 1944 656 1983; x_wconf 92' lang='lat' dir='ltr'><strong>in</strong></span> <span class='ocrx_word' id='word_1_269' title='bbox 690 1945 835 1984; x_wconf 89' lang='lat' dir='ltr'><strong>aedem</strong></span> <span class='ocrx_word' id='word_1_270' title='bbox 874 1944 1128 1983; x_wconf 88' lang='lat' dir='ltr'><strong>Concordiae</strong></span> <span class='ocrx_word' id='word_1_271' title='bbox 1172 1947 1401 1984; x_wconf 86' lang='lat' dir='ltr'><strong>convocato</strong></span> <span class='ocrx_word' id='word_1_272' title='bbox 1433 1944 1610 1986; x_wconf 87' lang='lat' dir='ltr'><strong>arcessit</strong></span> <span class='ocrx_word' id='word_1_273' title='bbox 1653 1944 1955 1986; x_wconf 88' lang='lat' dir='ltr'><strong>coniurationis</strong></span> <span class='ocrx_word' id='word_1_274' title='bbox 1988 1945 2104 1998; x_wconf 86' lang='lat' dir='ltr'><strong>prin-</strong></span> 
     </span>
     <span class='ocr_line' id='line_1_27' title="bbox 266 2009 2101 2064; baseline 0.001 -14"><span class='ocrx_word' id='word_1_275' title='bbox 266 2011 384 2064; x_wconf 76' lang='lat' dir='ltr'><strong>cipes</strong></span> <span class='ocrx_word' id='word_1_276' title='bbox 423 2010 530 2051; x_wconf 88' lang='lat'><strong>632.</strong></span> <span class='ocrx_word' id='word_1_277' title='bbox 577 2021 695 2063; x_wconf 68' lang='lat' dir='ltr'><strong>quos*</strong></span> <span class='ocrx_word' id='word_1_278' title='bbox 721 2011 766 2049; x_wconf 92' lang='lat' dir='ltr'><strong>in</strong></span> <span class='ocrx_word' id='word_1_279' title='bbox 802 2010 1034 2050; x_wconf 89' lang='lat' dir='ltr'><strong>custodiam</strong></span> <span class='ocrx_word' id='word_1_280' title='bbox 1067 2010 1292 2061; x_wconf 80' lang='lat' dir='ltr'><strong>tradendos</strong></span> <span class='ocrx_word' id='word_1_281' title='bbox 1321 2010 1513 2062; x_wconf 86' lang='lat' dir='ltr'><strong>decernit</strong></span> <span class='ocrx_word' id='word_1_282' title='bbox 1545 2013 1719 2050; x_wconf 88' lang='lat' dir='ltr'><strong>senatus</strong></span> <span class='ocrx_word' id='word_1_283' title='bbox 1757 2009 1864 2051; x_wconf 88' lang='grc'><strong>633.</strong></span> <span class='ocrx_word' id='word_1_284' title='bbox 1910 2010 2101 2051; x_wconf 88' lang='lat' dir='ltr'><strong>Ciceroni</strong></span> 
     </span>
     <span class='ocr_line' id='line_1_28' title="bbox 264 2075 2101 2130; baseline 0.001 -14"><span class='ocrx_word' id='word_1_285' title='bbox 264 2080 407 2129; x_wconf 79' lang='lat' dir='ltr'><strong>autem</strong></span> <span class='ocrx_word' id='word_1_286' title='bbox 435 2089 592 2116; x_wconf 83' lang='lat' dir='ltr'><strong>novum</strong></span> <span class='ocrx_word' id='word_1_287' title='bbox 626 2077 949 2130; x_wconf 84' lang='lat' dir='ltr'><strong>supplicationis</strong></span> <span class='ocrx_word' id='word_1_288' title='bbox 982 2090 1117 2129; x_wconf 89' lang='lat' dir='ltr'><strong>genus</strong></span> <span class='ocrx_word' id='word_1_289' title='bbox 1151 2076 1396 2116; x_wconf 88' lang='lat' dir='ltr'><strong>decernitur</strong></span> <span class='ocrx_word' id='word_1_290' title='bbox 1428 2075 1535 2126; x_wconf 73' lang='grc'><strong>634.</strong></span> <span class='ocrx_word' id='word_1_291' title='bbox 1569 2076 1622 2116; x_wconf 90' lang='lat' dir='ltr'><strong>ad</strong></span> <span class='ocrx_word' id='word_1_292' title='bbox 1655 2089 1782 2129; x_wconf 88' lang='lat' dir='ltr'><strong>quam</strong></span> <span class='ocrx_word' id='word_1_293' title='bbox 1809 2076 2101 2121; x_wconf 84' lang='lat' dir='ltr'><strong>celebrandam</strong></span> 
     </span>
     <span class='ocr_line' id='line_1_29' title="bbox 265 2142 2103 2201; baseline 0.001 -19"><span class='ocrx_word' id='word_1_294' title='bbox 265 2143 511 2183; x_wconf 87' lang='lat' dir='ltr'><strong>cohortatur</strong></span> <span class='ocrx_word' id='word_1_295' title='bbox 543 2143 738 2186; x_wconf 86' lang='lat' dir='ltr'><strong>Oratione</strong></span> <span class='ocrx_word' id='word_1_296' title='bbox 767 2143 890 2191; x_wconf 87' lang='lat' dir='ltr'><strong>tertia</strong></span> <span class='ocrx_word' id='word_1_297' title='bbox 923 2143 1160 2192; x_wconf 81' lang='lat' dir='ltr'><strong>Catilinaria</strong></span> <span class='ocrx_word' id='word_1_298' title='bbox 1193 2143 1301 2194; x_wconf 36' lang='lat'><strong>63⁴5.</strong></span> <span class='ocrx_word' id='word_1_299' title='bbox 1336 2142 1541 2183; x_wconf 81' lang='lat' dir='ltr'><strong>deliberat</strong></span> <span class='ocrx_word' id='word_1_300' title='bbox 1568 2156 1712 2194; x_wconf 83' lang='lat' dir='ltr'><strong>secum</strong></span> <span class='ocrx_word' id='word_1_301' title='bbox 1739 2144 1948 2201; x_wconf 87' lang='lat' dir='ltr'><strong>quomodo</strong></span> <span class='ocrx_word' id='word_1_302' title='bbox 1977 2157 2103 2197; x_wconf 89' lang='lat' dir='ltr'><strong>agen-</strong></span> 
     </span>
     <span class='ocr_line' id='line_1_30' title="bbox 265 2209 2104 2263; baseline 0.001 -14"><span class='ocrx_word' id='word_1_303' title='bbox 265 2210 366 2261; x_wconf 77' lang='lat' dir='ltr'><strong>dum</strong></span> <span class='ocrx_word' id='word_1_304' title='bbox 401 2210 456 2250; x_wconf 92' lang='lat' dir='ltr'><strong>sit</strong></span> <span class='ocrx_word' id='word_1_305' title='bbox 489 2222 586 2249; x_wconf 91' lang='lat' dir='ltr'><strong>cum</strong></span> <span class='ocrx_word' id='word_1_306' title='bbox 618 2210 932 2263; x_wconf 86' lang='lat' dir='ltr'><strong>comprehensis</strong></span> <span class='ocrx_word' id='word_1_307' title='bbox 965 2210 1074 2255; x_wconf 84' lang='grc'><strong>635.</strong></span> <span class='ocrx_word' id='word_1_308' title='bbox 1140 2209 1268 2257; x_wconf 77' lang='lat' dir='ltr'><strong>Nonis</strong></span> <span class='ocrx_word' id='word_1_309' title='bbox 1306 2209 1502 2255; x_wconf 81' lang='lat' dir='ltr'><strong>Decemh.</strong></span> <span class='ocrx_word' id='word_1_310' title='bbox 1537 2213 1709 2254; x_wconf 86' lang='lat' dir='ltr'><strong>senatus</strong></span> <span class='ocrx_word' id='word_1_311' title='bbox 1743 2209 1795 2250; x_wconf 88' lang='lat' dir='ltr'><strong>de</strong></span> <span class='ocrx_word' id='word_1_312' title='bbox 1829 2211 2104 2263; x_wconf 86' lang='lat' dir='ltr'><strong>comprehen-</strong></span> 
     </span>
     <span class='ocr_line' id='line_1_31' title="bbox 265 2276 2100 2330; baseline 0.002 -15"><span class='ocrx_word' id='word_1_313' title='bbox 265 2276 322 2327; x_wconf 83' lang='lat' dir='ltr'><strong>sis</strong></span> <span class='ocrx_word' id='word_1_314' title='bbox 358 2276 553 2316; x_wconf 90' lang='lat' dir='ltr'><strong>ultimum</strong></span> <span class='ocrx_word' id='word_1_315' title='bbox 588 2277 844 2330; x_wconf 89' lang='lat' dir='ltr'><strong>supplicium</strong></span> <span class='ocrx_word' id='word_1_316' title='bbox 878 2276 1130 2316; x_wconf 89' lang='lat' dir='ltr'><strong>sumendum</strong></span> <span class='ocrx_word' id='word_1_317' title='bbox 1164 2276 1356 2326; x_wconf 82' lang='lat' dir='ltr'><strong>decernit</strong></span> <span class='ocrx_word' id='word_1_318' title='bbox 1388 2289 1439 2316; x_wconf 84' lang='lat' dir='ltr'><strong>ex</strong></span> <span class='ocrx_word' id='word_1_319' title='bbox 1466 2276 1678 2323; x_wconf 79' lang='lat' dir='ltr'><strong>sententia</strong></span> <span class='ocrx_word' id='word_1_320' title='bbox 1706 2276 1857 2328; x_wconf 79' lang='lat' dir='ltr'><strong>Silani,</strong></span> <span class='ocrx_word' id='word_1_321' title='bbox 1892 2289 2100 2324; x_wconf 56' lang='lat' dir='ltr'><strong>commen-</strong></span> 
     </span>
    </p>
   </div>
   <div class='ocr_carea' id='block_1_9' title="bbox 265 2342 2208 2395">
    <p class='ocr_par' dir='ltr' id='par_1_9' title="bbox 265 2342 2208 2395">
     <span class='ocr_line' id='line_1_32' title="bbox 265 2342 2208 2395; baseline 0.001 -13"><span class='ocrx_word' id='word_1_322' title='bbox 265 2342 360 2383; x_wconf 88' lang='lat' dir='ltr'><strong>data</strong></span> <span class='ocrx_word' id='word_1_323' title='bbox 401 2343 595 2383; x_wconf 87' lang='lat' dir='ltr'><strong>Oratione</strong></span> <span class='ocrx_word' id='word_1_324' title='bbox 637 2343 874 2387; x_wconf 86' lang='lat' dir='ltr'><strong>Catilinaria</strong></span> <span class='ocrx_word' id='word_1_325' title='bbox 913 2347 1064 2395; x_wconf 87' lang='lat' dir='ltr'><strong>quarta</strong></span> <span class='ocrx_word' id='word_1_326' title='bbox 1099 2342 1207 2383; x_wconf 88' lang='lat'><strong>636.</strong></span> <span class='ocrx_word' id='word_1_327' title='bbox 1276 2343 1414 2382; x_wconf 83' lang='lat' dir='ltr'><strong>Finito</strong></span> <span class='ocrx_word' id='word_1_328' title='bbox 1447 2344 1618 2395; x_wconf 89' lang='lat' dir='ltr'><strong>negotio</strong></span> <span class='ocrx_word' id='word_1_329' title='bbox 1652 2343 1795 2383; x_wconf 88' lang='lat' dir='ltr'><strong>Cicero</strong></span> <span class='ocrx_word' id='word_1_330' title='bbox 1840 2348 2027 2390; x_wconf 86' lang='lat' dir='ltr'><strong>servator</strong></span> <span class='ocrx_word' id='word_1_331' title='bbox 2055 2348 2100 2384; x_wconf 90' lang='lat' dir='ltr'><strong>et</strong></span> <span class='ocrx_word' id='word_1_332' title='bbox 2183 2346 2208 2395; x_wconf 64' lang='grc' dir='ltr'><strong>-ξ</strong></span> 
     </span>
    </p>
   </div>
   <div class='ocr_carea' id='block_1_10' title="bbox 264 2408 2102 2785">
    <p class='ocr_par' dir='ltr' id='par_1_10' title="bbox 264 2408 2099 2528">
     <span class='ocr_line' id='line_1_33' title="bbox 265 2408 2099 2466; baseline 0.003 -18"><span class='ocrx_word' id='word_1_333' title='bbox 265 2413 385 2462; x_wconf 87' lang='lat' dir='ltr'><strong>pater</strong></span> <span class='ocrx_word' id='word_1_334' title='bbox 419 2410 577 2462; x_wconf 89' lang='lat' dir='ltr'><strong>patriae</strong></span> <span class='ocrx_word' id='word_1_335' title='bbox 605 2409 826 2450; x_wconf 86' lang='lat' dir='ltr'><strong>invocatur</strong></span> <span class='ocrx_word' id='word_1_336' title='bbox 862 2409 969 2459; x_wconf 81' lang='grc'><strong>639.</strong></span> <span class='ocrx_word' id='word_1_337' title='bbox 999 2409 1107 2450; x_wconf 89' lang='grc'><strong>642.</strong></span> <span class='ocrx_word' id='word_1_338' title='bbox 1172 2408 1384 2456; x_wconf 85' lang='lat' dir='ltr'><strong>Abdicans</strong></span> <span class='ocrx_word' id='word_1_339' title='bbox 1419 2421 1465 2448; x_wconf 91' lang='lat' dir='ltr'><strong>se</strong></span> <span class='ocrx_word' id='word_1_340' title='bbox 1492 2410 1740 2466; x_wconf 81' lang='lat' dir='ltr'><strong>magistratu</strong></span> <span class='ocrx_word' id='word_1_341' title='bbox 1768 2409 1876 2463; x_wconf 79' lang='lat' dir='ltr'><strong>prid.</strong></span> <span class='ocrx_word' id='word_1_342' title='bbox 1898 2410 1992 2451; x_wconf 83' lang='lat' dir='ltr'><strong>Kal.</strong></span> <span class='ocrx_word' id='word_1_343' title='bbox 2009 2410 2099 2454; x_wconf 82' lang='lat' dir='ltr'><strong>Ian.</strong></span> 
     </span>
     <span class='ocr_line' id='line_1_34' title="bbox 264 2466 1827 2528; baseline 0.001 -14"><span class='ocrx_word' id='word_1_344' title='bbox 264 2475 391 2515; x_wconf 85' lang='lat' dir='ltr'><strong>verba</strong></span> <span class='ocrx_word' id='word_1_345' title='bbox 425 2477 560 2515; x_wconf 92' lang='lat' dir='ltr'><strong>facere</strong></span> <span class='ocrx_word' id='word_1_346' title='bbox 595 2480 762 2524; x_wconf 85' lang='lat' dir='ltr'><strong>vetatur</strong></span> <span class='ocrx_word' id='word_1_347' title='bbox 789 2489 812 2523; x_wconf 84' lang='lat' dir='ltr'><strong>a</strong></span> <span class='ocrx_word' id='word_1_348' title='bbox 846 2477 892 2528; x_wconf 89' lang='lat' dir='ltr'><strong>Q.</strong></span> <span class='ocrx_word' id='word_1_349' title='bbox 921 2475 1088 2514; x_wconf 76' lang='lat' dir='ltr'><strong>Metello</strong></span> <span class='ocrx_word' id='word_1_350' title='bbox 1118 2475 1276 2528; x_wconf 89' lang='lat' dir='ltr'><strong>Nepote</strong></span> <span class='ocrx_word' id='word_1_351' title='bbox 1309 2475 1417 2524; x_wconf 78' lang='lat'><strong>640.</strong></span> <span class='ocrx_word' id='word_1_352' title='bbox 1820 2466 1827 2475; x_wconf 57' lang='lat'><strong>¹</strong></span> 
     </span>
    </p>

    <p class='ocr_par' dir='ltr' id='par_1_11' title="bbox 267 2531 2102 2785">
     <span class='ocr_line' id='line_1_35' title="bbox 336 2531 2102 2597; baseline 0.002 -17"><span class='ocrx_word' id='word_1_353' title='bbox 336 2531 444 2597; x_wconf 87' lang='lat' dir='ltr'><strong>(IV.)</strong></span> <span class='ocrx_word' id='word_1_354' title='bbox 477 2542 633 2581; x_wconf 79' lang='lat' dir='ltr'><strong>Metelli</strong></span> <span class='ocrx_word' id='word_1_355' title='bbox 665 2542 893 2580; x_wconf 86' lang='lat' dir='ltr'><strong>temeritati</strong></span> <span class='ocrx_word' id='word_1_356' title='bbox 925 2542 1129 2587; x_wconf 78' lang='lat' dir='ltr'><strong>resistens</strong></span> <span class='ocrx_word' id='word_1_357' title='bbox 1158 2542 1301 2591; x_wconf 86' lang='lat' dir='ltr'><strong>Cicero</strong></span> <span class='ocrx_word' id='word_1_358' title='bbox 1328 2541 1420 2581; x_wconf 87' lang='lat' dir='ltr'><strong>Kal.</strong></span> <span class='ocrx_word' id='word_1_359' title='bbox 1449 2540 1539 2581; x_wconf 88' lang='lat' dir='ltr'><strong>lan.</strong></span> <span class='ocrx_word' id='word_1_360' title='bbox 1574 2541 1813 2591; x_wconf 86' lang='lat' dir='ltr'><strong>Orationem</strong></span> <span class='ocrx_word' id='word_1_361' title='bbox 1845 2543 1974 2583; x_wconf 91' lang='lat' dir='ltr'><strong>habet</strong></span> <span class='ocrx_word' id='word_1_362' title='bbox 2002 2555 2102 2587; x_wconf 62' lang='lat' dir='ltr'><strong>con÷</strong></span> 
     </span>
     <span class='ocr_line' id='line_1_36' title="bbox 267 2606 2102 2661; baseline 0.002 -15"><span class='ocrx_word' id='word_1_363' title='bbox 267 2613 332 2656; x_wconf 71' lang='lat' dir='ltr'><strong>tra</strong></span> <span class='ocrx_word' id='word_1_364' title='bbox 360 2607 452 2646; x_wconf 89' lang='lat' dir='ltr'><strong>eius</strong></span> <span class='ocrx_word' id='word_1_365' title='bbox 487 2607 734 2654; x_wconf 82' lang='lat' dir='ltr'><strong>concionem</strong></span> <span class='ocrx_word' id='word_1_366' title='bbox 764 2606 872 2657; x_wconf 89' lang='grc'><strong>642.</strong></span> <span class='ocrx_word' id='word_1_367' title='bbox 919 2607 1067 2647; x_wconf 86' lang='lat' dir='ltr'><strong>scribit</strong></span> <span class='ocrx_word' id='word_1_368' title='bbox 1108 2606 1364 2660; x_wconf 77' lang='lat' dir='ltr'><strong>Epistulam,</strong></span> <span class='ocrx_word' id='word_1_369' title='bbox 1414 2606 1638 2652; x_wconf 84' lang='lat' dir='ltr'><strong>voluminis</strong></span> <span class='ocrx_word' id='word_1_370' title='bbox 1681 2608 1846 2661; x_wconf 87' lang='lat' dir='ltr'><strong>instar,</strong></span> <span class='ocrx_word' id='word_1_371' title='bbox 1890 2609 1943 2648; x_wconf 88' lang='lat' dir='ltr'><strong>ad</strong></span> <span class='ocrx_word' id='word_1_372' title='bbox 1985 2609 2102 2650; x_wconf 90' lang='lat' dir='ltr'><strong>Pom-</strong></span> 
     </span>
     <span class='ocr_line' id='line_1_37' title="bbox 267 2671 2102 2727; baseline 0.002 -15"><span class='ocrx_word' id='word_1_373' title='bbox 267 2673 408 2727; x_wconf 90' lang='lat' dir='ltr'><strong>peium</strong></span> <span class='ocrx_word' id='word_1_374' title='bbox 444 2673 495 2712; x_wconf 86' lang='lat' dir='ltr'><strong>de</strong></span> <span class='ocrx_word' id='word_1_375' title='bbox 521 2673 647 2712; x_wconf 90' lang='lat' dir='ltr'><strong>rebus</strong></span> <span class='ocrx_word' id='word_1_376' title='bbox 684 2673 772 2715; x_wconf 90' lang='lat' dir='ltr'><strong>suis</strong></span> <span class='ocrx_word' id='word_1_377' title='bbox 812 2673 858 2712; x_wconf 90' lang='lat' dir='ltr'><strong>in</strong></span> <span class='ocrx_word' id='word_1_378' title='bbox 887 2673 1112 2712; x_wconf 87' lang='lat' dir='ltr'><strong>consulatu</strong></span> <span class='ocrx_word' id='word_1_379' title='bbox 1141 2673 1272 2724; x_wconf 89' lang='lat' dir='ltr'><strong>gestis</strong></span> <span class='ocrx_word' id='word_1_380' title='bbox 1304 2672 1413 2714; x_wconf 82' lang='lat'><strong>644.</strong></span> <span class='ocrx_word' id='word_1_381' title='bbox 1447 2671 1638 2722; x_wconf 82' lang='lat' dir='ltr'><strong>defendit</strong></span> <span class='ocrx_word' id='word_1_382' title='bbox 1669 2674 1714 2712; x_wconf 96' lang='grc' dir='ltr'><strong>Ρ.</strong></span> <span class='ocrx_word' id='word_1_383' title='bbox 1740 2675 1978 2722; x_wconf 90' lang='lat' dir='ltr'><strong>Cornelium</strong></span> <span class='ocrx_word' id='word_1_384' title='bbox 2012 2676 2102 2723; x_wconf 81' lang='lat' dir='ltr'><strong>Sul-</strong></span> 
     </span>
     <span class='ocr_line' id='line_1_38' title="bbox 267 2726 2102 2785; baseline 0.002 -6"><span class='ocrx_word' id='word_1_385' title='bbox 267 2740 349 2785; x_wconf 82' lang='lat' dir='ltr'><strong>lam</strong></span> <span class='ocrx_word' id='word_1_386' title='bbox 387 2740 495 2780; x_wconf 83' lang='lat'><strong>645.</strong></span> <span class='ocrx_word' id='word_1_387' title='bbox 531 2739 632 2779; x_wconf 89' lang='lat' dir='ltr'><strong>emit</strong></span> <span class='ocrx_word' id='word_1_388' title='bbox 665 2739 833 2785; x_wconf 80' lang='lat' dir='ltr'><strong>domurn</strong></span> <span class='ocrx_word' id='word_1_389' title='bbox 867 2739 919 2778; x_wconf 91' lang='lat' dir='ltr'><strong>de</strong></span> <span class='ocrx_word' id='word_1_390' title='bbox 953 2739 1099 2778; x_wconf 90' lang='lat' dir='ltr'><strong>Crasso</strong></span> <span class='ocrx_word' id='word_1_391' title='bbox 1132 2739 1179 2778; x_wconf 87' lang='lat' dir='ltr'><strong>in</strong></span> <span class='ocrx_word' id='word_1_392' title='bbox 1206 2726 1364 2783; x_wconf 86' lang='lat' dir='ltr'><strong>Palatio</strong></span> <span class='ocrx_word' id='word_1_393' title='bbox 1395 2737 1504 2785; x_wconf 87' lang='grc'><strong>646.</strong></span> <span class='ocrx_word' id='word_1_394' title='bbox 1551 2739 1594 2778; x_wconf 89' lang='lat' dir='ltr'><strong>C.</strong></span> <span class='ocrx_word' id='word_1_395' title='bbox 1623 2727 1798 2780; x_wconf 85' lang='lat' dir='ltr'><strong>Antonii</strong></span> <span class='ocrx_word' id='word_1_396' title='bbox 1837 2754 1926 2784; x_wconf 90' lang='lat' dir='ltr'><strong>rem</strong></span> <span class='ocrx_word' id='word_1_397' title='bbox 1958 2741 2102 2784; x_wconf 71' lang='lat' dir='ltr'><strong>defen-,-</strong></span> 
     </span>
    </p>
   </div>
   <div class='ocr_carea' id='block_1_11' title="bbox 266 2784 2197 2859">
    <p class='ocr_par' dir='ltr' id='par_1_12' title="bbox 266 2784 2197 2869">
     <span class='ocr_line' id='line_1_39' title="bbox 266 2784 2197 2859; baseline 0.003 -14"><span class='ocrx_word' id='word_1_398' title='bbox 266 2806 361 2857; x_wconf 81' lang='lat' dir='ltr'><strong>dit,</strong></span> <span class='ocrx_word' id='word_1_399' title='bbox 395 2807 440 2845; x_wconf 94' lang='lat' dir='ltr'><strong>in</strong></span> <span class='ocrx_word' id='word_1_400' title='bbox 474 2805 755 2851; x_wconf 84' lang='lat' dir='ltr'><strong>Macedoniam</strong></span> <span class='ocrx_word' id='word_1_401' title='bbox 784 2805 962 2858; x_wconf 81' lang='lat' dir='ltr'><strong>profecti</strong></span> <span class='ocrx_word' id='word_1_402' title='bbox 983 2804 1091 2845; x_wconf 89' lang='grc'><strong>646.</strong></span> <span class='ocrx_word' id='word_1_403' title='bbox 1127 2805 1365 2854; x_wconf 84' lang='lat' dir='ltr'><strong>Orationem</strong></span> <span class='ocrx_word' id='word_1_404' title='bbox 1392 2804 1519 2845; x_wconf 89' lang='lat' dir='ltr'><strong>habet</strong></span> <span class='ocrx_word' id='word_1_405' title='bbox 1548 2819 1626 2859; x_wconf 91' lang='lat' dir='ltr'><strong>pro</strong></span> <span class='ocrx_word' id='word_1_406' title='bbox 1654 2805 1807 2850; x_wconf 83' lang='lat' dir='ltr'><strong>Archia</strong></span> <span class='ocrx_word' id='word_1_407' title='bbox 1834 2806 1942 2850; x_wconf 88' lang='lat'><strong>647.</strong></span> <span class='ocrx_word' id='word_1_408' title='bbox 1976 2809 2099 2850; x_wconf 86' lang='lat' dir='ltr'><strong>testis</strong></span> <span class='ocrx_word' id='word_1_409' title='bbox 2191 2784 2197 2801; x_wconf 32' lang='lat' dir='ltr'><strong>l</strong></span> 
     </span>
    </p>
   </div>
   <div class='ocr_carea' id='block_1_12' title="bbox 222 2871 2102 3130">
    <p class='ocr_par' dir='ltr' id='par_1_13' title="bbox 222 2871 2102 3130">
     <span class='ocr_line' id='line_1_40' title="bbox 266 2871 2102 2926; baseline 0.002 -14"><span class='ocrx_word' id='word_1_410' title='bbox 266 2877 333 2920; x_wconf 86' lang='lat' dir='ltr'><strong>est</strong></span> <span class='ocrx_word' id='word_1_411' title='bbox 363 2873 407 2911; x_wconf 90' lang='lat' dir='ltr'><strong>in</strong></span> <span class='ocrx_word' id='word_1_412' title='bbox 442 2873 486 2912; x_wconf 94' lang='lat' dir='ltr'><strong>P.</strong></span> <span class='ocrx_word' id='word_1_413' title='bbox 506 2872 695 2912; x_wconf 93' lang='lat' dir='ltr'><strong>Clodium</strong></span> <span class='ocrx_word' id='word_1_414' title='bbox 727 2871 834 2916; x_wconf 88' lang='lat'><strong>651.</strong></span> <span class='ocrx_word' id='word_1_415' title='bbox 870 2885 996 2924; x_wconf 89' lang='lat' dir='ltr'><strong>quem</strong></span> <span class='ocrx_word' id='word_1_416' title='bbox 1025 2871 1069 2919; x_wconf 85' lang='lat' dir='ltr'><strong>in</strong></span> <span class='ocrx_word' id='word_1_417' title='bbox 1106 2875 1256 2915; x_wconf 91' lang='lat' dir='ltr'><strong>senatu</strong></span> <span class='ocrx_word' id='word_1_418' title='bbox 1293 2875 1384 2911; x_wconf 92' lang='lat' dir='ltr'><strong>tum</strong></span> <span class='ocrx_word' id='word_1_419' title='bbox 1414 2871 1603 2917; x_wconf 87' lang='lat' dir='ltr'><strong>oratione</strong></span> <span class='ocrx_word' id='word_1_420' title='bbox 1621 2878 1825 2926; x_wconf 90' lang='lat' dir='ltr'><strong>perpetua</strong></span> <span class='ocrx_word' id='word_1_421' title='bbox 1852 2880 1943 2914; x_wconf 91' lang='lat' dir='ltr'><strong>tum</strong></span> <span class='ocrx_word' id='word_1_422' title='bbox 1976 2875 2102 2916; x_wconf 91' lang='lat' dir='ltr'><strong>alter-</strong></span> 
     </span>
     <span class='ocr_line' id='line_1_41' title="bbox 265 2938 2101 2991; baseline 0.001 -12"><span class='ocrx_word' id='word_1_423' title='bbox 265 2940 431 2986; x_wconf 81' lang='lat' dir='ltr'><strong>catione</strong></span> <span class='ocrx_word' id='word_1_424' title='bbox 458 2939 616 2991; x_wconf 86' lang='lat' dir='ltr'><strong>frangit</strong></span> <span class='ocrx_word' id='word_1_425' title='bbox 647 2938 755 2984; x_wconf 80' lang='lat'><strong>653.</strong></span> <span class='ocrx_word' id='word_1_426' title='bbox 790 2938 986 2979; x_wconf 89' lang='lat' dir='ltr'><strong>laudatur</strong></span> <span class='ocrx_word' id='word_1_427' title='bbox 1012 2952 1036 2978; x_wconf 83' lang='lat' dir='ltr'><strong>a</strong></span> <span class='ocrx_word' id='word_1_428' title='bbox 1064 2938 1260 2991; x_wconf 85' lang='lat' dir='ltr'><strong>Pompeio</strong></span> <span class='ocrx_word' id='word_1_429' title='bbox 1278 2968 1292 2990; x_wconf 88' lang='lat'>‚</span> <span class='ocrx_word' id='word_1_430' title='bbox 1325 2952 1350 2977; x_wconf 88' lang='lat' dir='ltr'><strong>e</strong></span> <span class='ocrx_word' id='word_1_431' title='bbox 1382 2938 1497 2990; x_wconf 86' lang='lat' dir='ltr'><strong>Syria</strong></span> <span class='ocrx_word' id='word_1_432' title='bbox 1525 2938 1755 2980; x_wconf 89' lang='lat' dir='ltr'><strong>decedente</strong></span> <span class='ocrx_word' id='word_1_433' title='bbox 1774 2969 1786 2991; x_wconf 88' lang='lat'>,</span> <span class='ocrx_word' id='word_1_434' title='bbox 1821 2940 1876 2980; x_wconf 90' lang='lat' dir='ltr'><strong>ob</strong></span> <span class='ocrx_word' id='word_1_435' title='bbox 1909 2942 2101 2982; x_wconf 89' lang='lat' dir='ltr'><strong>consula·</strong></span> 
     </span>
     <span class='ocr_line' id='line_1_42' title="bbox 222 3004 2098 3059; baseline 0.002 -15"><span class='ocrx_word' id='word_1_436' title='bbox 222 3016 225 3019; x_wconf 82' lang='lat'>&#39;</span> <span class='ocrx_word' id='word_1_437' title='bbox 267 3010 359 3055; x_wconf 75' lang='lat' dir='ltr'><strong>tum</strong></span> <span class='ocrx_word' id='word_1_438' title='bbox 387 3005 554 3059; x_wconf 87' lang='lat' dir='ltr'><strong>egregie</strong></span> <span class='ocrx_word' id='word_1_439' title='bbox 579 3009 745 3057; x_wconf 87' lang='lat' dir='ltr'><strong>gestum</strong></span> <span class='ocrx_word' id='word_1_440' title='bbox 784 3004 890 3050; x_wconf 88' lang='grc'><strong>641.</strong></span> <span class='ocrx_word' id='word_1_441' title='bbox 926 3004 1033 3051; x_wconf 86' lang='grc'><strong>653.</strong></span> <span class='ocrx_word' id='word_1_442' title='bbox 1063 3005 1254 3057; x_wconf 71' lang='lat' dir='ltr'><strong>equiturn</strong></span> <span class='ocrx_word' id='word_1_443' title='bbox 1281 3005 1494 3048; x_wconf 78' lang='lat' dir='ltr'><strong>commoda</strong></span> <span class='ocrx_word' id='word_1_444' title='bbox 1522 3005 1711 3050; x_wconf 73' lang='lat' dir='ltr'><strong>defendit</strong></span> <span class='ocrx_word' id='word_1_445' title='bbox 1734 3007 1779 3051; x_wconf 89' lang='lat' dir='ltr'><strong>in</strong></span> <span class='ocrx_word' id='word_1_446' title='bbox 1808 3011 1959 3053; x_wconf 80' lang='lat' dir='ltr'><strong>senatu</strong></span> <span class='ocrx_word' id='word_1_447' title='bbox 1991 3008 2098 3052; x_wconf 89' lang='lat'><strong>653.</strong></span> 
     </span>
     <span class='ocr_line' id='line_1_43' title="bbox 265 3071 2100 3130; baseline 0.002 -19"><span class='ocrx_word' id='word_1_448' title='bbox 265 3071 413 3130; x_wconf 71' lang='lat' dir='ltr'><strong>scribit</strong></span> <span class='ocrx_word' id='word_1_449' title='bbox 445 3072 795 3120; x_wconf 83' lang='lat' dir='ltr'><strong>Commentarium</strong></span> <span class='ocrx_word' id='word_1_450' title='bbox 828 3071 1074 3110; x_wconf 88' lang='lat' dir='ltr'><strong>consulatus</strong></span> <span class='ocrx_word' id='word_1_451' title='bbox 1110 3071 1176 3110; x_wconf 88' lang='lat' dir='ltr'><strong>sui</strong></span> <span class='ocrx_word' id='word_1_452' title='bbox 1213 3071 1321 3112; x_wconf 84' lang='lat'><strong>655.</strong></span> <span class='ocrx_word' id='word_1_453' title='bbox 1355 3071 1518 3113; x_wconf 86' lang='lat' dir='ltr'><strong>resistit</strong></span> <span class='ocrx_word' id='word_1_454' title='bbox 1543 3072 1589 3122; x_wconf 79' lang='lat' dir='ltr'><strong>L.</strong></span> <span class='ocrx_word' id='word_1_455' title='bbox 1617 3072 1782 3124; x_wconf 82' lang='lat' dir='ltr'><strong>Flavio,</strong></span> <span class='ocrx_word' id='word_1_456' title='bbox 1815 3074 1952 3126; x_wconf 89' lang='lat' dir='ltr'><strong>legem</strong></span> <span class='ocrx_word' id='word_1_457' title='bbox 1984 3088 2100 3127; x_wconf 89' lang='lat' dir='ltr'><strong>agra-</strong></span> 
     </span>
    </p>
   </div>
   <div class='ocr_carea' id='block_1_13' title="bbox 263 3137 2100 3194">
    <p class='ocr_par' dir='ltr' id='par_1_14' title="bbox 263 3111 2209 3194">
     <span class='ocr_line' id='line_1_44' title="bbox 263 3137 2100 3194; baseline -0.003 -17"><span class='ocrx_word' id='word_1_458' title='bbox 263 3139 367 3188; x_wconf 76' lang='lat' dir='ltr'><strong>riam</strong></span> <span class='ocrx_word' id='word_1_459' title='bbox 407 3138 692 3194; x_wconf 81' lang='lat' dir='ltr'><strong>promulganti</strong></span> <span class='ocrx_word' id='word_1_460' title='bbox 734 3137 841 3178; x_wconf 87' lang='lat'><strong>656.</strong></span> <span class='ocrx_word' id='word_1_461' title='bbox 891 3137 1008 3184; x_wconf 82' lang='lat' dir='ltr'><strong>Arati</strong></span> <span class='ocrx_word' id='word_1_462' title='bbox 1060 3137 1330 3189; x_wconf 85' lang='lat' dir='ltr'><strong>Prognostica</strong></span> <span class='ocrx_word' id='word_1_463' title='bbox 1379 3138 1526 3178; x_wconf 87' lang='lat' dir='ltr'><strong>Latine</strong></span> <span class='ocrx_word' id='word_1_464' title='bbox 1576 3139 1715 3179; x_wconf 88' lang='lat' dir='ltr'><strong>reddit</strong></span> <span class='ocrx_word' id='word_1_465' title='bbox 1757 3138 1865 3189; x_wconf 80' lang='lat'><strong>657.</strong></span> <span class='ocrx_word' id='word_1_466' title='bbox 1911 3141 2100 3190; x_wconf 54' lang='lat' dir='ltr'><strong>desendiss</strong></span> 
     </span>
    </p>
   </div>
   <div class='ocr_carea' id='block_1_14' title="bbox 265 3203 2098 3260">
    <p class='ocr_par' dir='ltr' id='par_1_15' title="bbox 265 3203 2098 3260">
     <span class='ocr_line' id='line_1_45' title="bbox 265 3203 2098 3260; baseline 0.003 -17"><span class='ocrx_word' id='word_1_467' title='bbox 265 3204 307 3252; x_wconf 86' lang='lat' dir='ltr'><strong>C.</strong></span> <span class='ocrx_word' id='word_1_468' title='bbox 337 3203 570 3243; x_wconf 90' lang='lat' dir='ltr'><strong>Antonium</strong></span> <span class='ocrx_word' id='word_1_469' title='bbox 607 3204 714 3250; x_wconf 84' lang='lat'><strong>658.</strong></span> <span class='ocrx_word' id='word_1_470' title='bbox 760 3204 809 3243; x_wconf 90' lang='lat' dir='ltr'><strong>A.</strong></span> <span class='ocrx_word' id='word_1_471' title='bbox 841 3204 1062 3251; x_wconf 83' lang='lat' dir='ltr'><strong>Thermum</strong></span> <span class='ocrx_word' id='word_1_472' title='bbox 1107 3203 1215 3243; x_wconf 88' lang='grc'><strong>659.</strong></span> <span class='ocrx_word' id='word_1_473' title='bbox 1261 3205 1306 3245; x_wconf 94' lang='lat' dir='ltr'><strong>L.</strong></span> <span class='ocrx_word' id='word_1_474' title='bbox 1341 3204 1553 3251; x_wconf 86' lang='lat' dir='ltr'><strong>Valerium</strong></span> <span class='ocrx_word' id='word_1_475' title='bbox 1597 3205 1789 3255; x_wconf 78' lang='lat' dir='ltr'><strong>Flaccum</strong></span> <span class='ocrx_word' id='word_1_476' title='bbox 1833 3206 1940 3248; x_wconf 89' lang='lat'><strong>659.</strong></span> <span class='ocrx_word' id='word_1_477' title='bbox 1986 3208 2098 3260; x_wconf 88' lang='lat' dir='ltr'><strong>lega-</strong></span> 
     </span>
    </p>
   </div>
   <div class='ocr_carea' id='block_1_15' title="bbox 265 3270 2175 3393">
    <p class='ocr_par' dir='ltr' id='par_1_16' title="bbox 265 3250 2193 3393">
     <span class='ocr_line' id='line_1_46' title="bbox 265 3270 2098 3325; baseline 0.003 -17"><span class='ocrx_word' id='word_1_478' title='bbox 265 3271 424 3320; x_wconf 75' lang='lat' dir='ltr'><strong>tionem</strong></span> <span class='ocrx_word' id='word_1_479' title='bbox 458 3271 537 3309; x_wconf 89' lang='lat' dir='ltr'><strong>sibi</strong></span> <span class='ocrx_word' id='word_1_480' title='bbox 563 3284 586 3309; x_wconf 91' lang='lat' dir='ltr'><strong>a</strong></span> <span class='ocrx_word' id='word_1_481' title='bbox 615 3271 785 3310; x_wconf 88' lang='lat' dir='ltr'><strong>Caesare</strong></span> <span class='ocrx_word' id='word_1_482' title='bbox 819 3270 1000 3309; x_wconf 88' lang='lat' dir='ltr'><strong>oblatam</strong></span> <span class='ocrx_word' id='word_1_483' title='bbox 1034 3270 1246 3322; x_wconf 86' lang='lat' dir='ltr'><strong>aliumque</strong></span> <span class='ocrx_word' id='word_1_484' title='bbox 1280 3271 1484 3310; x_wconf 89' lang='lat' dir='ltr'><strong>honorem</strong></span> <span class='ocrx_word' id='word_1_485' title='bbox 1510 3277 1759 3325; x_wconf 86' lang='lat' dir='ltr'><strong>aspernatur</strong></span> <span class='ocrx_word' id='word_1_486' title='bbox 1785 3273 1892 3322; x_wconf 90' lang='lat'><strong>661.</strong></span> <span class='ocrx_word' id='word_1_487' title='bbox 1926 3279 2098 3317; x_wconf 81' lang='lat' dir='ltr'><strong>vexatur</strong></span> 
     </span>
     <span class='ocr_line' id='line_1_47' title="bbox 265 3337 2175 3393; baseline 0.004 -18"><span class='ocrx_word' id='word_1_488' title='bbox 265 3351 290 3387; x_wconf 78' lang='lat' dir='ltr'><strong>a</strong></span> <span class='ocrx_word' id='word_1_489' title='bbox 332 3338 375 3375; x_wconf 93' lang='lat' dir='ltr'><strong>P.</strong></span> <span class='ocrx_word' id='word_1_490' title='bbox 411 3337 553 3376; x_wconf 88' lang='lat' dir='ltr'><strong>Clodio</strong></span> <span class='ocrx_word' id='word_1_491' title='bbox 587 3337 684 3376; x_wconf 90' lang='lat' dir='ltr'><strong>trib.</strong></span> <span class='ocrx_word' id='word_1_492' title='bbox 733 3338 790 3389; x_wconf 91' lang='lat' dir='ltr'><strong>pl.</strong></span> <span class='ocrx_word' id='word_1_493' title='bbox 826 3337 932 3380; x_wconf 89' lang='lat'><strong>662.</strong></span> <span class='ocrx_word' id='word_1_494' title='bbox 984 3340 1118 3375; x_wconf 89' lang='lat' dir='ltr'><strong>morte</strong></span> <span class='ocrx_word' id='word_1_495' title='bbox 1161 3337 1316 3389; x_wconf 72' lang='lat' dir='ltr'><strong>arnittit</strong></span> <span class='ocrx_word' id='word_1_496' title='bbox 1363 3338 1587 3377; x_wconf 84' lang='lat' dir='ltr'><strong>Diodotum</strong></span> <span class='ocrx_word' id='word_1_497' title='bbox 1632 3340 1850 3387; x_wconf 85' lang='lat' dir='ltr'><strong>Stoicum,</strong></span> <span class='ocrx_word' id='word_1_498' title='bbox 1900 3354 2026 3393; x_wconf 90' lang='lat' dir='ltr'><strong>quem</strong></span> <span class='ocrx_word' id='word_1_499' title='bbox 2071 3358 2095 3383; x_wconf 90' lang='lat' dir='ltr'><strong>a</strong></span> <span class='ocrx_word' id='word_1_500' title='bbox 2174 3339 2175 3342; x_wconf 50' lang='lat'>&#39;</span> 
     </span>
    </p>
   </div>
   <div class='ocr_carea' id='block_1_16' title="bbox 264 3403 2098 3532">
    <p class='ocr_par' dir='ltr' id='par_1_17' title="bbox 264 3403 2098 3532">
     <span class='ocr_line' id='line_1_48' title="bbox 264 3403 2098 3463; baseline 0.004 -22"><span class='ocrx_word' id='word_1_501' title='bbox 264 3403 446 3463; x_wconf 87' lang='lat' dir='ltr'><strong>pueritia</strong></span> <span class='ocrx_word' id='word_1_502' title='bbox 477 3404 588 3442; x_wconf 89' lang='lat' dir='ltr'><strong>domi</strong></span> <span class='ocrx_word' id='word_1_503' title='bbox 629 3416 727 3442; x_wconf 92' lang='lat' dir='ltr'><strong>suae</strong></span> <span class='ocrx_word' id='word_1_504' title='bbox 761 3403 965 3442; x_wconf 88' lang='lat' dir='ltr'><strong>habuerat</strong></span> <span class='ocrx_word' id='word_1_505' title='bbox 1003 3403 1110 3443; x_wconf 88' lang='lat'><strong>662.</strong></span> <span class='ocrx_word' id='word_1_506' title='bbox 1162 3403 1452 3444; x_wconf 89' lang='lat' dir='ltr'><strong>crudelitatem</strong></span> <span class='ocrx_word' id='word_1_507' title='bbox 1485 3406 1698 3458; x_wconf 83' lang='lat' dir='ltr'><strong>experitur</strong></span> <span class='ocrx_word' id='word_1_508' title='bbox 1730 3407 1952 3447; x_wconf 88' lang='lat' dir='ltr'><strong>consulum</strong></span> <span class='ocrx_word' id='word_1_509' title='bbox 1985 3409 2098 3454; x_wconf 43' lang='lat' dir='ltr'><strong>Piso?</strong></span> 
     </span>
     <span class='ocr_line' id='line_1_49' title="bbox 269 3468 2092 3532; baseline 0.003 -24"><span class='ocrx_word' id='word_1_510' title='bbox 269 3470 333 3523; x_wconf 70' lang='lat' dir='ltr'><strong>pis</strong></span> <span class='ocrx_word' id='word_1_511' title='bbox 379 3474 422 3519; x_wconf 81' lang='lat' dir='ltr'><strong>et</strong></span> <span class='ocrx_word' id='word_1_512' title='bbox 468 3469 631 3523; x_wconf 77' lang='lat' dir='ltr'><strong>Gabinii</strong></span> <span class='ocrx_word' id='word_1_513' title='bbox 671 3469 776 3517; x_wconf 82' lang='grc'><strong>663.</strong></span> <span class='ocrx_word' id='word_1_514' title='bbox 818 3469 924 3518; x_wconf 89' lang='lat'><strong>668.</strong></span> <span class='ocrx_word' id='word_1_515' title='bbox 972 3468 1064 3531; x_wconf 86' lang='lat' dir='ltr'><strong>lege</strong></span> <span class='ocrx_word' id='word_1_516' title='bbox 1110 3482 1132 3518; x_wconf 80' lang='lat' dir='ltr'><strong>a</strong></span> <span class='ocrx_word' id='word_1_517' title='bbox 1173 3469 1313 3524; x_wconf 87' lang='lat' dir='ltr'><strong>Clodio</strong></span> <span class='ocrx_word' id='word_1_518' title='bbox 1359 3471 1440 3526; x_wconf 80' lang='lat' dir='ltr'><strong>lata</strong></span> <span class='ocrx_word' id='word_1_519' title='bbox 1486 3471 1537 3511; x_wconf 89' lang='lat' dir='ltr'><strong>de</strong></span> <span class='ocrx_word' id='word_1_520' title='bbox 1582 3473 1768 3532; x_wconf 85' lang='lat' dir='ltr'><strong>pernicie</strong></span> <span class='ocrx_word' id='word_1_521' title='bbox 1815 3486 1888 3513; x_wconf 91' lang='lat' dir='ltr'><strong>sua</strong></span> <span class='ocrx_word' id='word_1_522' title='bbox 1934 3480 2092 3532; x_wconf 76' lang='lat' dir='ltr'><strong>vestem</strong></span> 
     </span>
    </p>
   </div>
   <div class='ocr_carea' id='block_1_17' title="bbox 2175 0 2210 1230">
    <p class='ocr_par' dir='ltr' id='par_1_18' title="bbox 2175 0 2210 1230">
     <span class='ocr_line' id='line_1_50' title="bbox 2175 0 2210 1230; baseline 0 0"><span class='ocrx_word' id='word_1_523' title='bbox 2175 0 2210 1230; x_wconf 95' lang='lat' dir='ltr'><strong>  </strong></span> 
     </span>
    </p>
   </div>
   <div class='ocr_carea' id='block_1_18' title="bbox 2179 1230 2210 2219">
    <p class='ocr_par' dir='ltr' id='par_1_19' title="bbox 2189 1230 2210 2219">
     <span class='ocr_line' id='line_1_51' title="bbox 2191 1230 2210 1508; baseline 0 -94"><span class='ocrx_word' id='word_1_524' title='bbox 2191 1230 2210 1508; x_wconf 57' lang='grc' dir='ltr'>Ξ</span> 
     </span>
     <span class='ocr_line' id='line_1_52' title="bbox 2179 1509 2210 1879; baseline 0 9"><span class='ocrx_word' id='word_1_525' title='bbox 2179 1509 2210 1879; x_wconf 71' lang='grc' dir='ltr'>ἒ</span> 
     </span>
     <span class='ocr_line' id='line_1_53' title="bbox 2195 1996 2210 2219; baseline 0 0"><span class='ocrx_word' id='word_1_526' title='bbox 2195 1996 2210 2219; x_wconf 71' lang='grc' dir='ltr'>ἰ</span> 
     </span>
    </p>
   </div>
   <div class='ocr_carea' id='block_1_19' title="bbox 2168 2280 2210 3554">
    <p class='ocr_par' dir='ltr' id='par_1_20' title="bbox 2168 2280 2210 3554">
     <span class='ocr_line' id='line_1_54' title="bbox 2168 2280 2210 3554; baseline 0 0"><span class='ocrx_word' id='word_1_527' title='bbox 2168 2280 2210 3554; x_wconf 95' lang='lat' dir='ltr'><strong> </strong></span> 
     </span>
    </p>
   </div>
  </div>
 </body>
</html>
