2210 3970
300 215 408 266 840
694 191 1716 280 οιιιιοειᾙιιιιιει-ιιουι-τιιὲ.

358 363 725 405 Demosthenis
761 362 903 403 Oratio
942 375 1019 417 pre
1055 362 1328 418 Ctesiphonte
1366 372 1391 403 a
1425 363 1625 404 Cicerone
1659 364 1706 409 in
1739 364 1936 406 Latinum
1966 379 2123 409 sermo-
2206 371 2208 374 '

293 443 391 473 nem
425 441 628 470 conversa
657 441 699 482 p
721 426 831 470 720.

356 498 668 547 Dextantes,
703 508 810 548 quos
846 508 933 534 non
974 495 1188 535 habebant
1218 495 1424 547 Romani,
1470 496 1696 536 solvuntur
1739 496 1984 538 semissibus
2024 511 2121 541 enm
2203 510 2210 553 '-

291 563 518 605 trientibus
556 562 664 602 665.

356 631 594 670 Dictator
627 632 794 668 creatur
821 628 867 668 L.
901 627 1119 667 Cornelius
1153 627 1268 667 Sulla
1304 626 1672 668 562.0.1ulius
1680 629 1834 668 Cacsar
1871 626 1980 670 747.
2013 628 2123 672 761.

287 698 332 737 in
366 697 610 747 interregno
644 694 886 747 Pompeium
921 693 1168 734 dictatorem
1209 698 1397 734 creatum
1430 694 1583 766 volunt
1615 693 1776 734 tribuni
1811 694 1948 748 plebis
1981 693 2090 738 712.

354 764 399 804 Τ.
433 762 643 813 Didius,
678 774 764 801 cos.
800 750 854 816 (a.
888 748 1000 816 656)
1037 760 1146 800 531.
1634 777 1637 779 Α
2191 781 2195 785 Α

294 848 298 858 1
353 828 606 869 Diodotus
652 827 817 866 Stoicus
861 828 1027 867 exercet
1066 827 1311 866 Ciceronem
1342 826 1388 865 in
1421 825 1643 866 dialectiea
1675 826 1783 867 556.
1817 828 1864 866 in
1902 827 2026 867 domo
2062 827 2124 867 Ci-
2184 861 2186 864 .

285 895 452 936 ceronis
485 894 664 932 moritur
701 892 808 932 662.
1904 918 1907 921 -

352 959 638 1012 Dionysius
661 958 839 1010 Magnes
873 957 999 998 docet
1031 958 1274 997 Ciceronem
1313 924 1422 998 573.
1495 991 1498 994 Α
1631 991 1634 993 ,
1662 991 1664 993 ,

350 1024 661 1078 Dionysius,
704 1035 851 1063 servus
885 1023 1099 1063 litteratus
1135 1024 1374 1074 Ciceronis,-
1416 1023 1542 1064 docet·
1580 1023 1713 1064 huius
1745 993 1790 1064 et
1819 1025 1882 1078 Ψ
1899 1025 2039 1066 fratris
2075 1025 2126 1064 fl-
2183 1019 2192 1065 ζ

282 1094 388 1134 11ιιιιι
420 1091 531 1134 724.
565 1103 704 1131 comes
734 1090 1006 1130 Ciceronibus
1040 1091 1086 1129 in
1115 1090 1257 1130 Cilicia
1290 1088 1400 1131 724.

334 1158 655 1212 Discipulos
690 1157 833 1196 Cicero
861 1156 990 1196 habet
1022 1157 1223 1208 Pansam,
1257 1156 1471 1208 Hirtium,
1505 1155 1761 1234 Dolabellam
1798 1154 1890 1198 763
1921 1135 1987 1210 sq.

347 1225 621 1265 Divinatio
655 1224 700 1262 in
729 1222 955 1263 Caecilium
988 1223 1095 1263 586.
1594 1255 1598 1259 .

293 1323 297 1328 .
350 1293 403 1332 de
438 1290 782 1331 Divinatione
817 1289 966 1330 scribit
998 1289 1142 1329 Cicero
1180 1286 1290 1330 784.
1497 1319 1504 1326 ,

349 1357 646 1398 Divortium
680 1369 777 1395 cum
810 1355 1006 1409 Pompeia
1037 1356 1139 1395 facit
1165 1355 1316 1395 Caesar
1345 1353 1453 1396 648.
1487 1364 1586 1396 eum
1615 1355 1810 1396 Terentia
1836 1355 1980 1396 Cicero
2011 1352 2123 1398 767.
2179 1343 2189 1402 f

283 1438 381 1466 eum
414 1423 549 1464 Tullia
576 1422 789 1463 Dolabella
820 1420 844 1464 7
854 1422 928 1462 68.
978 1440 981 1443 ’
1490 1443 1499 1448 -
2114 1437 2118 1443 =

286 1514 288 1516 v
349 1490 621 1532 Dolabella
657 1502 697 1529 v,
732 1489 966 1529 Cornelius

350 1559 439 1599 cn.
459 1556 717 1596 Domitius
745 1555 1078 1605 Ahenobarbus,
1114 1566 1202 1595 ωε.
1236 1542 1290 1609 (a
1325 1542 1438 1610 658)
1476 1523 1605 1595 sss..

348 1623 395 1664 L.
424 1623 683 1663 Domitius
716 1621 1049 1672 Ahenobarbus,
1084 1633 1169 1662 cos.
1208 1608 1262 1677 (a.
1297 1609 1410 1677 660)
1444 1621 1557 1661 585.

348 1691 393 1732 L.
427 1690 687 1729 Domitius
722 1687 1026 1729 Ahenobarbus
1056 1688 1142 1728 Cn.
1160 1688 1203 1728 F.
1229 1690 1398 1740 praetor
1425 1695 1523 1727 cum
1551 1687 1724 1736 Caesare
1751 1652 1979 1727 altercatur
2011 1685 2119 1729 671.

279 1757 332 1797 fit
363 1755 516 1796 consul
548 1745 601 1812 (a.
637 1744 748 1810 700)
783 1753 891 1796 706.
926 1753 1100 1794 Corfinii
1132 1757 1397 1808 expugnatus
1424 1766 1450 1793 Ε
1483 1754 1655 1794 Caesare
1696 1753 1924 1793 dimittitur
1957 1753 2121 1793 incolu-
2182 1747 2184 1750 ’

278 1823 359 1863 mis
392 1820 500 1865 740.
537 1822 629 1861 eius
671 1834 775 1860 uxor
793 1851 804 1872 ,
847 1821 992 1862 Porcia
1009 1849 1022 1871 ‚
1068 1833 1186 1860 soror
1219 1819 1386 1859 Catonis
1405 1848 1418 1870 ,
1464 1819 1670 1871 singulari
1703 1820 1862 1873 scripto
1895 1819 2062 1860 laudata
2094 1829 2120 1860 a

277 1890 477 1930 Cicerone
514 1886 622 1931 774.

344 1957 419 1995 Cn.
457 1954 713 1994 Domitius
760 1953 981 2004 Calvinus,
1028 1964 1114 1993 cos.
1168 1948 1220 2004 (a.
1257 1940 1369 2007 701)
1409 1949 1517 1993 712.
1563 1965 1588 1991 a
1641 1951 1815 1991 Caesare
1868 1951 2023 1992 missus
2069 1951 2116 1992 in

276 2023 447 2073 Asiam,
480 2021 640 2061 bellum
674 2020 781 2072 gerit
814 2020 962 2059 contra
998 2019 1254 2058 Pharnacem
1290 2016 1316 2059 7
1326 2017 1400 2057 54.

280 2110 287 2115 ·
344 2089 530 2132 Domus
564 2086 776 2127 Ciceronis
799 2086 845 2125 in
874 2085 1057 2137 Palatio,
1090 2089 1202 2125 emta
1226 2085 1279 2125 de
1303 2085 1347 2124 Ρ.
1371 2084 1519 2123 Crasso
1549 2083 1659 2124 646.
1694 2096 1770 2137 per
1797 2084 1986 2124 Clodium
2014 2083 2113 2125 trib.

277 2156 337 2210 pl.
371 2155 511 2194 diruta
548 2152 655 2195 672.
703 2157 798 2206 post
836 2165 1038 2192 summam
1071 2151 1202 2192 Clodii
1242 2150 1591 2202 contentionem,
1636 2150 1683 2189 1ιι
1723 2156 1809 2203 qua
1846 2151 1989 2190 Cicero
2023 2151 2120 2190 Ora-

277 2223 437 2262 tionem
464 2220 593 2260 habet
625 2232 700 2273 pro
728 2219 857 2258 Domo
886 2232 987 2269 sua,
1021 2218 1192 2272 publice
1226 2217 1467 2258 restituitur
1499 2216 1607 2258 693.
1642 2216 1823 2257 aClodio
1852 2217 1978 2258 aedili
2006 2218 2120 2258 inter

277 2302 325 2329 ea
359 2288 451 2327 loca
478 2287 659 2327 refertur
679 2314 690 2336 ,
725 2285 834 2338 quae
867 2290 1111 2325 consecrata
1145 2285 1322 2338 prosam
1351 2282 1612 2324 haberentur
1644 2281 1753 2325 697.

344 2355 543 2394 Drusus
573 2366 613 2393 v.
650 2352 805 2391 Livius.

343 2421 543 2460 Drusus
577 2432 601 2459 a
635 2416 835 2458 Cicerone
869 2417 1069 2457 defensus
1107 2416 1218 2460 708.

344 2487 378 2526 D
388 2500 417 2526 u
426 2487 470 2526 ri
479 2499 502 2525 e
511 2497 540 2524 ιι
551 2494 570 2524 3
581 2497 604 2524 e
638 2483 844 2537 praelium
878 2496 918 2522 v.
955 2484 1172 2524 Turiense.

343 2553 377 2591 D
385 2566 412 2605 y
421 2566 442 2591 r
451 2552 508 2591 rh
517 2565 540 2590 a
550 2564 573 2589 c
582 2551 631 2589 h
620 2564 634 2589 1
644 2563 671 2588 u
681 2563 722 2588 m
769 2550 910 2588 Cicero
945 2550 1165 2589 contendit
1198 2549 1317 2588 exsul
1348 2547 1406 2591 67
1414 2547 1458 2586 6
1503 2546 1651 2587 eodem
1684 2547 1793 2587 redit
1831 2547 1857 2587 6
1865 2546 1888 2589 7
1898 2547 1939 2588 9.
1984 2547 2116 2588 disce

279 2619 344 2658 dit
370 2617 469 2658 inde
491 2617 598 2657 690.
634 2616 693 2655 ibi
726 2615 946 2683 Pompeius
978 2614 1196 2655 obsidetur
1229 2629 1252 2654 a
1287 2616 1459 2656 Caesare
1481 2611 1590 2655 748.
1623 2614 1671 2653 in
1705 2622 1848 2667 pugna
1880 2613 2116 2654 Pharsalica

274 2686 420 2725 Cicero
447 2684 506 2723 ibi
540 2686 729 2722 remanet
756 2694 853 2721 cum
892 2681 1079 2721 Varrone
1119 2682 1164 2721 et
1196 2681 1352 2721 Catone
1384 2679 1409 2722 7
1416 2678 1494 2720 49.
1528 2692 1580 2719 eo
1612 2679 1822 2720 Labienus
1855 2680 1974 2721 venit
2007 2693 2116 2719 nun-

279 2752 389 2792 tians
422 2750 642 2790 interitum
676 2748 884 2787 exercitus
923 2745 1031 2788 749.

341 2882 618 2925 Eleusinia
654 2880 853 2933 mysteria
885 2878 996 2922 570.

314 2948 852 2992 .Eleutheroeilicum
884 2946 1085 3001 oppidum
1115 2946 1447 2986 munitissimum
1480 2959 1510 2986 ar
1538 2945 1738 2986 Cicerone
1772 2946 1940 3000 eapitur
1969 2942 2078 2987 728.

341 3018 629 3072 Epicureos
664 3014 936 3068 philosophos
970 3013 1148 3053 Athenis
1183 3013 1301 3053 audit
1334 3013 1478 3053 Cicero
1511 3010 1619 3054 570.

343 3082 616 3138 Epistolae
662 3081 874 3120 Ciceronis
921 3080 973 3119 ad
1007 3080 1243 3119 Familiares
1277 3079 1384 3119 590.
1430 3079 1484 3119 ad
1513 3077 1704 3118 Atticum
1742 3077 1850 3118 591.
1895 3075 2116 3131 Epistola,
2153 3083 2157 3107 Γ

274 3148 500 3191 voluminis
534 3149 689 3198 instar,
723 3160 747 3186 a
775 3146 976 3187 Cicerone
1015 3146 1068 3185 ad
1096 3147 1340 3199 Pompeium
1374 3146 1533 3199 scripta
1563 3145 1618 3184 de
1650 3144 1776 3184 rebus
1814 3145 1902 3184 suis
1930 3145 1976 3184 in
2015 3157 2116 3184 eon-

277 3218 419 3258 sulatu
447 3216 579 3268 gestis
618 3214 726 3254 644.
779 3212 966 3267 Epistola
1010 3212 1062 3252 ad
1107 3214 1157 3253 L.
1190 3213 1417 3252 Lucceium
1467 3212 1624 3265 scripta
1659 3209 1768 3253 700.
1815 3206 2026 3263 Epistola,
2065 3223 2116 3250 ex
2150 3231 2151 3234 ¹

278 3283 493 3336 provincia
541 3282 697 3334 scripta
740 3280 793 3319 de·
837 3280 964 3320 rebus
1005 3293 1029 3319 a
1072 3292 1117 3318 se
1168 3280 1331 3331 gestis,
1376 3280 1422 3318 in
1468 3282 1619 3318 senatu
1664 3278 1866 3317 recitatur
1915 3275 2022 3319 726.
2068 3277 2114 3316 iu

275 3349 389 3389 bello
424 3349 537 3390 civili
573 3348 714 3387 Cicero
753 3347 877 3386 modo
923 3346 1123 3400 epistolas
1159 3346 1313 3399 accipit
1343 3359 1371 3402 a
1404 3346 1600 3399 Pompeio
1632 3342 1740 3386 740.
1781 3342 1889 3386 741.
1928 3342 2051 3383 modo
2086 3355 2112 3383 a

275 3416 447 3466 Caesare
485 3413 593 3456 743.
633 3412 742 3455 744.
777 3411 884 3454 745.
921 3411 1030 3454 753.
1156 3448 1158 3450 .

339 3482 558 3536 Equites
595 3483 791 3521 exercent
824 3479 977 3520 iudicia
1009 3479 1117 3521 558.
1153 3491 1280 3533 quam
1307 3481 1559 3533 potestatem
1593 3477 1708 3518 Sulla
1740 3476 1939 3517 transfert
1967 3476 2019 3516 ad
2047 3487 2110 3516 se-
