2210 3970
301 275 407 326 758
765 287 1094 324 ANNALES
1150 289 1660 331 οιοΕιιοΝῐΑΝι.

296 417 474 461 statuit.
509 442 566 450 --
599 415 743 459 Rebus
761 415 1034 472 felicissime
1057 417 1363 479 celerrimeque
1385 417 1627 476 consectis,
1659 420 1706 463 in
1730 421 1913 465 Italiam
1939 424 2125 469 celerius

295 497 488 540 omnium
515 495 718 555 opinione
743 495 874 538 venit.
939 494 1015 537 Dio
1047 507 1157 538 XLII.
1199 511 1233 538 e.
1255 499 1326 539 48.
1359 502 1398 540 1.
1446 502 1639 560 Καῖσαρ
1684 497 1739 544 δὲ
1781 499 1861 546 ἐπὶ
1898 507 1953 561 τῇ
1984 508 2118 566 νίκῃ,

292 579 465 636 καίπερ
512 573 569 620 οὐ
606 575 731 619 πάνυ
773 573 1032 634 διαπρεπεῖ
1072 569 1316 636 γενομένῃ,
1351 576 1477 621 πολύ
1524 580 1605 622 καὶ
1647 578 1764 623 ὅσον
1796 579 1870 625 ἐπ’
1910 581 2120 643 οὐδεμιᾷ

292 653 413 718 ἄλλῃ
444 655 738 717 ἐφρόνησεν,
762 653 844 698 ὅτι
876 651 924 696 ἔν
965 669 1017 698 τε
1050 657 1106 711 τῇ
1138 652 1261 714 αὐτῇ
1295 653 1444 716 ἡμέρᾳ
1472 659 1553 701 καὶ
1585 655 1636 700 ἐν
1664 660 1720 716 τῇ
1751 658 1874 719 αὐτῇ
1910 659 2010 721 ὥρᾳ
2038 665 2122 706 καὶ

289 729 414 794 ἦλθε
445 732 563 794 πρὸς
603 735 688 779 τὸν
720 733 954 794 πολέμιον
987 738 1067 780 καὶ
1095 732 1224 782 εἶδεν
1256 734 1407 779 αὑτὸν
1441 739 1524 780 καὶ
1562 735 1795 796 ἐνίκησεν.
1825 764 1885 772 -
1916 754 1951 782 c.
1972 742 2043 783 49.
2075 744 2115 783 1.

286 813 481 876 Πράξας
510 811 562 859 δὲ
592 817 772 869 ταῦτα,
806 818 887 860 καὶ
912 817 969 860 τά
1005 817 1152 861 λοιπὰ
1179 815 1243 877 τῷ
1269 819 1492 876 Δομιτίῳ
1521 819 1927 875 καταστήσασθαι
1952 820 2115 863 κελεύ-

286 911 406 952 σας,
449 892 499 945 ἐς
534 893 618 950 τήν
648 896 898 938 Βιθυνίαν
931 886 1056 948 ἦλθε
1076 926 1088 948 ‚
1134 892 1405 938 κάντεῦθεν
1442 892 1490 945 ἔς
1524 913 1574 940 τε
1603 895 1686 953 ’τήν
1721 895 1930 942 Ἐλλάδα
1958 901 2038 942 καὶ
2068 896 2118 949 ἐς

286 974 372 1031 τήν
399 974 613 1018 Ἰταλίαν
641 972 879 1017 ἔπλευσεν.
945 972 1059 1017 Conf.
1090 971 1233 1014 Livius
1261 972 1374 1031 Epir.
1400 977 1501 1019 113.
1547 974 1738 1018 Velleius
1767 988 1816 1018 11.
1845 990 1879 1018 c.
1900 979 1972 1018 55.
2021 975 2117 1019 Flo-

283 1068 358 1096 rus
377 1065 439 1096 IV.
474 1067 509 1094 c.
530 1054 570 1095 2.
608 1052 680 1094 61.
727 1053 904 1112 Eutrop.
934 1064 996 1094 Ἠ.
1031 1066 1066 1094 c.
1087 1053 1160 1093 22.
1225 1050 1398 1094 Orosius
1431 1066 1490 1096 vl.
1519 1056 1642 1097 c.16.
1706 1052 1886 1112 Appian.
1917 1057 1959 1097 B.
1985 1056 2027 1098 C.
2063 1067 2116 1098 Π.

282 1147 319 1176 c,
339 1134 411 1176 91.
460 1129 679 1175 Plutarch.
711 1134 822 1174 Caes.
858 1145 893 1172 c.
925 1132 996 1172 50.
1052 1127 1273 1172 Plutarch.
1305 1129 1388 1174 Cic.
1417 1147 1453 1174 c.
1480 1133 1550 1176 39.
1585 1134 1628 1175 2.
1676 1129 1942 1187 Κατασχὼν
1970 1131 2015 1176 δ’
2047 1134 2118 1183 εἰς

282 1209 574 1272 Βρεντέσιον
593 1209 811 1254 ἐνταῦθα
830 1205 1047 1268 διέτριβε
1064 1210 1287 1268 Καίσαρα
1308 1209 1573 1270 περιμένων
1601 1209 1901 1273 βραδύνοντα
1927 1211 2011 1256 διὰ
2033 1213 2116 1263 τὰς

283 1290 335 1336 ἐν
355 1285 504 1352 Ἀσίᾳ
521 1293 600 1335 καὶ
626 1291 734 1349 περὶ
750 1279 997 1349 Αἴγυπτον
1024 1285 1260 1343 ἀσχολίας
1279 1290 1340 1345 [ν.
1360 1289 1412 1332 ad
1431 1305 1466 1333 a.
1480 1292 1590 1346 ¹706.
1610 1291 1690 1348 5.].
1724 1290 1864 1336 Ἐπεὶ
1883 1290 2010 1343 δἐἰς
2029 1295 2116 1336 Τά·

285 1389 434 1434 ραντα
451 1371 852 1430 καθωρμισμένος
871 1365 1192 1429 ἀπηγγέλλετο
1210 1370 1292 1413 καὶ
1310 1367 1425 1426 πεζῇ
1445 1370 1648 1429 περιιὼν
1665 1367 1862 1416 ἐκεῖθεν
1880 1374 1951 1423 εἰς
1967 1376 2112 1433 Βρεν-

282 1450 470 1507 τέσιον,
505 1450 692 1511 ὥρμησε
719 1448 837 1508 πρὸς
867 1445 1048 1505 αὐτὸν,
1078 1447 1135 1492 οὐ
1166 1448 1290 1492 πάνυ
1306 1444 1395 1506 μὲν
1431 1444 1499 1491 ὢν
1530 1447 1793 1508 δύσελπις,
1829 1452 2114 1513 αἰδούμενος

278 1529 335 1576 δὲ
367 1530 557 1575 πολλῶν
584 1529 834 1589 παρόντων
864 1524 1036 1588 ἀνδρὸς
1060 1527 1249 1585 ἐχθροῦ
1280 1530 1361 1572 καὶ
1394 1530 1690 1588 κρατοῦντος
1722 1530 1984 1592 λαμβάνειν
2013 1541 2115 1578 πεῖ-

282 1627 391 1671 ραν.
449 1608 518 1654 Οὐ
549 1608 640 1667 μήν
667 1607 860 1666 ἐδέησεν
894 1607 955 1652 αὐ
968 1607 1028 1668 τῷ
1056 1606 1234 1668 πρᾶξαί
1263 1625 1313 1652 τι
1346 1608 1454 1668 παρ’
1482 1606 1624 1658 ἀξίαν
1655 1609 1684 1668 ἢ
1715 1613 1885 1657 εἰπεῖν.
1952 1610 2000 1658 'O
2027 1615 2115 1675 γάρ

278 1692 492 1751 Καῖσαρ,
531 1685 596 1740 ὡς
618 1684 748 1734 εἶδεν
779 1687 935 1733 αὑτὸν
968 1689 1094 1733 πολύ
1130 1687 1223 1749 πρὸ
1263 1687 1353 1732 τῶν
1383 1687 1543 1732 ἄλλων
1582 1688 1869 1737 ἀπαντῶντα
1890 1726 1901 1748 ,
1935 1691 2113 1752 κατέβη

282 1773 365 1817 καὶ
383 1768 638 1828 ,ἠσπάσατο
656 1772 738 1814 καὶ
760 1767 1106 1830 διαλεγόμενος
1122 1770 1251 1830 μόνῳ
1271 1769 1458 1825 συχνῶν
1476 1769 1689 1815 σταδίων
1709 1770 1828 1818 ὁδὸν
1843 1772 2109 1833 προῆλθεν.

357 1874 443 1949 (14)
485 1875 677 1927 Caesar
721 1871 946 1925 Romam
989 1887 1239 1926 reversus
1285 1872 1541 1944 pecunias
1579 1873 1818 1948 undique
1867 1874 2109 1945 collegit,

277 1975 475 2048 partim
514 1991 546 2028 a
589 1965 845 2044 pcivatiS‚
889 1973 1089 2044 partim
1123 1971 1415 2027 vendendis
1448 1973 1879 2030 adversariorum
1913 1975 2067 2030 bonis
2092 2018 2106 2042 ‚

278 2083 340 2132 ut
369 2075 568 2130 bellum
590 2080 803 2145 pararet
832 2072 1090 2127 adversus
1120 2073 1470 2143 Pompeianos
1494 2073 1548 2126 in
1579 2072 1761 2128 Africa
1781 2075 2109 2146 gerendum3

275 2193 382 2250 quo
417 2175 688 2249 profectus
739 2191 789 2230 a.
834 2173 886 2229 d.
930 2191 1035 2228 x1v.
1073 2173 1189 2228 Kal.
1219 2174 1337 2229 Ian.
1406 2173 1500 2246 [z
1543 2178 1610 2228 17
1657 2174 1846 2230 Deobr.
1890 2179 1995 2231 707
2036 2197 2112 2228 =

277 2284 350 2335 50
382 2277 648 2350 Septemb.
672 2280 740 2330 47
765 2292 812 2329 a.
835 2275 914 2348 C.]
957 2275 1200 2347 pervenit
1231 2273 1561 2349 Lilybaeum.
1603 2293 1672 2330 1x.
1709 2294 1755 2331 c.
1782 2281 1868 2332 10.
1895 2281 1966 2332 29
1989 2294 2103 2349 sqq.

335 2379 414 2424 Dio
435 2391 545 2424 XLII.
573 2393 610 2421 c.
631 2379 703 2421 50.
730 2379 769 2420 1.
803 2379 890 2428 Ἐς
908 2373 960 2421 δὲ
990 2375 1049 2433 δή
1079 2376 1161 2433 τήν
1191 2376 1406 2421 Ἰταλίαν
1430 2400 1493 2410 -o
1521 2373 1740 2435 ἠπείχθη
1762 2403 1821 2410 --
1851 2377 2109 2423 κάνταῦθα

273 2459 430 2506 πολλὰ
475 2455 816 2519 ἠργυρολόγει,
866 2453 926 2500 τά
956 2453 1044 2515 μὲν
1079 2473 1190 2500 τινα
1223 2453 1274 2500 ἐν
1309 2455 1493 2517 δωρεᾶς
1524 2454 1687 2518 μέρει,
1726 2457 1992 2514 στεφάνους
2025 2459 2107 2502 καὶ

274 2539 524 2602 ἀγάλματα
553 2539 634 2580 καὶ
670 2535 764 2579 ὅσα
799 2532 923 2578 ἄλλα
955 2537 1193 2587 τοιαῦτα,
1231 2535 1515 2596 λαμβάνων,
1551 2537 1610 2582 τά
1639 2533 1693 2581 δὲ
1722 2539 1802 2582 καὶ
1831 2535 2110 2596 δανειζόμε-
2192 2582 2205 2594 ψ

273 2636 354 2671 νος
386 2618 559 2674 δῆθεν,
599 2614 696 2670 οὐχ
722 2614 804 2658 ὅτι
828 2614 955 2674 παρὰ
990 2612 1084 2656 τῶν
1114 2611 1324 2659 ἰδιωτῶν
1356 2612 1478 2660 ἀλλά
1508 2612 1592 2660 κάὶ
1619 2617 1748 2677 παρά
1779 2616 1875 2660 τῶν
1901 2618 2103 2661 πόλεων.

271 2695 493 2744 Plutarch.
511 2698 670 2738 Anton.
690 2710 722 2739 c.
744 2698 816 2737 10.
840 2698 880 2738 1.
914 2692 1010 2751 Τήν
1029 2691 1082 2738 δὲ
1097 2696 1358 2752 Πομπηίου
1374 2693 1684 2754 πωλουμένην
1705 2697 1864 2740 οὶκίαν
1883 2693 2102 2753 ὠνήσατο

271 2775 360 2838 μὲν
397 2772 685 2826 Ἀντώνιος,
736 2771 1093 2832 ἀπαιτούμενος
1125 2771 1179 2818 δὲ
1214 2774 1297 2832 τήν
1331 2776 1474 2835 τιμήν
1509 2773 1784 2837 ἠγανάκτει.
1852 2777 2017 2818 Auctor
2048 2774 2102 2818 de

270 2860 318 2901 Β.
344 2853 475 2899 Afric.
505 2869 541 2897 c.
573 2855 612 2895 1.
650 2850 830 2907 Caesar,
864 2850 1102 2895 itineribus
1141 2854 1279 2898 iustis
1311 2853 1529 2913 confectis
1560 2849 1685 2896 nullo
1718 2852 1790 2897 die
1815 2852 2100 2908 intermisso,

270 2949 310 2977 a.
330 2931 372 2976 d.
388 2944 485 2976 xlv.
509 2929 615 2974 Kal.
643 2932 739 2974 Ian.
759 2930 1018 2991 Lilybaeum
1037 2933 1255 2991 pervenit.
1289 2959 1350 2965 --
1382 2948 1417 2976 c.
1437 2935 1478 2976 2.
1511 2931 1779 2991 Legionibus
1797 2929 1995 2974 collectis
2021 2946 2101 2973 sex
2169 2975 2171 2980 ,
2206 2926 2208 2930 ’

227 3034 231 3038 ·
269 3017 314 3054 et
344 3010 545 3070 equitum
570 3008 739 3052 duobus
763 3008 975 3064 milibus,
1027 3017 1080 3053 ut
1107 3026 1305 3071 quaeque
1323 3011 1478 3071 prima
1511 3009 1624 3070 legio
1656 3014 1862 3064 venerat⁷
1894 3009 1943 3051 in
1969 3023 2102 3051 naves

268 3087 423 3148 longas
466 3084 782 3146 imponebatur.
815 3111 875 3119 -—
906 3089 1011 3147 Ipse
1043 3102 1197 3130 navem
1229 3086 1481 3131 conscendit
1507 3102 1548 3131 a.
1579 3086 1621 3130 d.
1651 3100 1716 3131 Π.
1748 3085 1849 3129 Kal.
1883 3088 1979 3129 Ian.
2014 3087 2099 3142 [z

265 3169 326 3211 25
360 3164 508 3209 Deobr.
551 3168 639 3208 707
670 3179 733 3207 ··..·:
766 3168 793 3208 8
826 3165 975 3208 Octob.
1008 3167 1068 3208 47
1094 3180 1131 3207 a.
1163 3168 1231 3224 C.]
1272 3174 1316 3210 et
1359 3193 1417 3200 -
1451 3174 1562 3227 post
1595 3166 1710 3210 diem
1752 3173 1958 3226 quartam
2000 3180 2096 3207 cum

266 3244 412 3304 longis
433 3244 599 3304 paucis
630 3244 817 3288 navibus
848 3246 896 3289 in
928 3252 1206 3305 conspectum
1233 3244 1414 3303 Africae
1440 3244 1572 3288 venit.
1636 3244 1719 3287 Cic.
1745 3243 1798 3287 de
1826 3242 2013 3286 Divinat.
2045 3255 2095 3287 Π.
2164 3247 2167 3255 '

262 3325 390 3367 c.24.
426 3324 499 3365 52.
552 3320 713 3378 Quid?
760 3322 857 3381 ipse
894 3323 1083 3377 Caesar,
1128 3340 1264 3383 quum
1296 3340 1324 3366 a
1356 3339 1524 3367 summo
1558 3323 1792 3382 haruspice
1823 3328 2092 3375 moneretur,

262 3417 317 3446 ne
344 3401 393 3443 in
420 3399 623 3458 Africam
649 3407 750 3443 ante
779 3400 976 3444 brumam
999 3401 1343 3456 transmitteret,
1376 3417 1515 3445 nonne
1534 3401 1824 3445 transmisit?
1890 3400 1966 3443 Dio
1982 3413 2092 3444 xur-

264 3496 308 3529 ο.
325 3482 397 3523 56.
425 3482 467 3520 1.
500 3480 598 3521 Καὶ
634 3477 683 3529 ἐς
717 3479 800 3537 τήν
836 3479 1075 3541 ’Λφρικήν
1104 3483 1266 3524 καίτοι
1299 3483 1387 3524 τοῦ
1422 3481 1661 3538 χειμῶνος
1686 3483 1954 3538 μεσοῦντος
1986 3479 2090 3525 ἑπε-

267 3556 480 3621 ραιώθη.
545 3557 760 3603 Plutarch.
790 3562 900 3604 Caes.
922 3574 957 3603 c.
978 3562 1047 3604 52.
1083 3564 1120 3604 1.
1158 3560 1262 3604 Τῶν
1290 3557 1343 3604 δὲ
1371 3562 1480 3621 περὶ
1504 3560 1710 3606 Κάτωνα
1729 3562 1808 3605 καὶ
1827 3562 2091 3616 Σκηπίωνα
2120 3566 2121 3570 ’
