2210 3970
239 251 346 301 682
698 258 1027 298 ANNALES
1083 259 1595 302 CICERONIANI.

305 391 457 438 Cicero'
491 408 564 454 pro
597 390 741 435 Sextio
777 406 813 435 c.
843 392 917 433 54.
952 391 1055 432 116.
1116 389 1193 431 Ea·
1236 396 1279 432 te
1326 391 1502 451 igitur,
1543 395 1746 451 Scaure,
1790 394 2079 454 potissimum

245 488 407 534 quaero
426 513 437 531 ‚
468 471 547 531 qui
576 469 703 514 ludos
731 468 1104 529 apparatissimos
1127 468 1684 533 magnificentissimosque
1701 471 1897 530 fecisti,
1930 474 2082 534 ecquis
2158 513 2161 515 μ

247 551 436 593 istorum
476 547 765 608 popularium
799 554 899 590 tuos
945 545 1072 589 ludos
1115 549 1371 606 aspexerit,
1416 551 1567 610 ecquis
1604 565 1651 592 se
1694 549 1866 592 theatro
1892 549 2083 609 populo-

248 642 333 686 que
366 608 646 668 commiserit.
711 624 762 669 ad
791 641 831 685 q.
860 624 891 668 l.
934 622 1071 668 Schol.
1103 623 1204 668 Bob.
1240 641 1279 684 p.
1317 629 1420 670 304.
1466 629 1533 671 De
1564 627 1797 685 aedilitate
1837 630 1896 671 M.
1926 628 2090 671 Scauri

252 712 295 748 et
322 702 550 764 opulentia
585 701 788 746 ludorum
811 701 1076 762 plenissime
1109 704 1229 748 dixit
1260 705 1307 749 in
1336 722 1387 749 ea
1419 708 1645 762 oratione,
1679 722 1768 766 qua
1798 706 1948 766 ipsum
1980 720 2086 765 quo-

250 799 334 843 que
380 783 439 826 M.
472 784 692 825 Scaurum
735 778 951 838 defendit.
1001 782 1113 838 [Qui
1151 782 1271 827 locus
1309 783 1451 828 adhuc
1495 784 1765 829 desideratur
1803 783 1848 826 in
1893 783 2090 845 reliquiis

254 860 389 905 huius
421 859 690 916 Orationis.]
770 859 922 902 Ascon.
955 856 999 900 in
1034 861 1155 904 Orat.
1191 875 1266 920 pro
1304 864 1465 905 Scauro
1498 865 1646 922 p..18.
1684 863 1744 904 M.
1772 862 1997 916 Scaurus,
2030 862 2091 906 M.

254 938 421 981 Scauri
446 937 609 996 filius,
653 935 734 995 qui
756 935 969 995 princeps
1001 943 1185 979 senatus
1208 937 1340 995 fuit,
1374 939 1584 982 vitricum
1611 938 1768 982 habuit
1799 938 2001 982 Sullam:
2034 964 2095 972 —-

256 1013 542 1077 Aedilitatem
585 1027 758 1055 summa
797 1011 1137 1072 magnificentia
1172 1014 1347 1073 gessit,
1392 1014 1522 1072 adeo,
1564 1022 1619 1060 ut
1657 1016 1706 1059 in
1739 1015 1836 1059 eius
1870 1018 2095 1076 impensas

257 1108 361 1153 opes
404 1076 512 1135 suas
549 1090 847 1150 absumpserit
889 1106 1183 1151 magnumque
1215 1106 1291 1134 aes
1333 1091 1528 1137 alienum
1568 1094 1855 1138 contraxerit.
1931 1094 2097 1138 Plinius

257 1174 310 1214 H.
329 1172 376 1213 N.
405 1181 511 1213 vul.
540 1183 575 1211 c.
605 1170 679 1211 17.
708 1169 827 1225 (24.)
853 1167 1037 1210 Primus
1068 1169 1266 1211 Scaurus
1293 1167 1528 1214 aedilitate
1562 1186 1647 1214 sua
1679 1171 1943 1231 (pantheras
1970 1171 2096 1229 Afri-

260 1249 416 1303 canas)
453 1245 606 1289 varias
637 1251 812 1287 centum
842 1245 1174 1304 quinquaginta
1204 1246 1438 1290 universas
1465 1249 1606 1293 misit.
1672 1249 1784 1294 lbid.
1818 1266 1855 1294 c.
1874 1253 1947 1294 26.
1978 1251 2096 1309 (40.)

261 1326 446 1369 Primus
473 1339 571 1367 eum
603 1322 1036 1382 (hippopotamum)‚
1082 1329 1126 1366 et
1156 1323 1353 1384 quinque
1380 1324 1622 1369 crocodilos
1657 1328 1821 1371 Romae
1847 1327 2101 1372 aedilitatis

259 1418 369 1446 suae
417 1400 538 1445 ludis
570 1402 628 1442 M.
663 1401 860 1443 Scaurus
891 1400 1159 1461 temporario
1192 1401 1345 1462 euripo
1377 1402 1586 1466 ostendit.
1649 1417 1809 1449 XXXW.
1838 1421 1873 1450 c.
1892 1408 1935 1450 7.
1980 1408 2099 1466 (17.)

261 1483 317 1524 In
349 1482 407 1524 M.
437 1479 600 1523 Scauri
630 1477 864 1521 aedilitate
907 1478 998 1521 tria
1043 1476 1194 1521 millia
1236 1479 1466 1539 signomm
1501 1480 1551 1524 in
1595 1496 1726 1526 scena
1763 1490 1938 1528 tantum
1962 1482 2102 1540 suere

263 1558 530 1618 temporario
569 1556 756 1599 theatro.
837 1567 978 1600 XXXV.
1011 1571 1047 1599 c.
1078 1558 1156 1599 11.
1181 1556 1277 1612 (40.
1307 1559 1404 1615 24.)
1457 1557 1652 1603 Tabulas
1680 1559 1782 1604 inde
1815 1561 2049 1622 (Sicyone)
2079 1576 2104 1605 e

254 1635 437 1697 publico
465 1649 612 1679 omnes
641 1640 831 1693 propter
863 1648 939 1676 aes
972 1632 1167 1677 alienum
1197 1634 1399 1678 civitatis
1431 1635 1660 1691 addictas,
1695 1638 1860 1681 Scauri
1890 1636 2105 1682 aedilitas

261 1716 446 1758 Romam
474 1711 724 1757 transtulit.
759 1723 920 1755 XXXVI.
953 1727 990 1756 c.
1009 1713 1052 1754 2.
1090 1714 1323 1755 Trecentas
1349 1713 1588 1774 sexaginta
1614 1713 1842 1759 columnas
1864 1718 1924 1760 M.
1942 1716 2106 1760 Scauri

268 1791 503 1835 aedilitate
525 1789 586 1834 ad
610 1805 784 1832 scenam
810 1788 978 1832 theatri
1001 1789 1262 1848 temporarii
1288 1797 1332 1834 et
1350 1791 1430 1835 via·
1453 1807 1540 1835 uno
1566 1808 1714 1837 mense
1727 1793 1894 1852 futuri
1920 1794 1968 1838 in
1993 1810 2104 1849 usu,
2134 1825 2139 1828 -
2208 1816 2210 1818 ·

266 1868 474 1914 viderunt
512 1869 695 1929 portari
707 1888 725 1921 ,-
766 1892 826 1899 —-
874 1873 1009 1925 atque
1043 1863 1150 1908 adeo
1183 1865 1656 1929 duodequadragenum
1693 1870 1861 1931 pedum
1901 1871 2110 1916 Lucullei

267 1947 515 1990 marmoris.
580 1959 741 1991 XXXVI.
774 1961 811 1990 c,
841 1949 914 1989 15.
950 1947 1044 2001 (24.
1077 1947 1138 2003 7.)
1178 1946 1272 1988 Non
1297 1946 1528 2004 patiemur
1562 1946 1674 1991 duos
1705 1949 1860 2003 Gaios,
1892 1946 1964 1990 vel
1993 1945 2106 1991 duos

266 2028 483 2079 Nerones,
525 2041 580 2068 ne
614 2025 694 2068 hac
731 2023 907 2085 quidem
935 2022 1086 2083 gloria
1109 2022 1269 2082 famae
1291 2022 1430 2080 frui:
1460 2024 1796 2085 docebimusque
1824 2026 1959 2069 etiam
1985 2023 2106 2067 insa·

269 2105 391 2148 niam
446 2118 595 2146 eorum
642 2103 806 2146 victam
845 2101 1047 2162 privatis
1095 2099 1301 2160 operibus
1349 2103 1408 2146 M.
1452 2103 1644 2160 Scauri,
1689 2103 1820 2147 cuius
1859 2103 2008 2147 nescio
2050 2118 2109 2146 an

270 2180 484 2225 aedilitas
516 2180 708 2223 maxime
733 2178 1035 2240 prostraverit
1075 2191 1218 2221 mores
1249 2177 1431 2234 civiles,
1474 2180 1707 2241 maiusque
1738 2181 1803 2224 sit
1835 2180 1992 2225 Sullae
2017 2197 2109 2224 ma-

274 2259 389 2314 lum,
425 2265 551 2302 tanta
574 2257 779 2318 privigni
797 2256 1030 2318 potentia,
1060 2272 1192 2316 quam
1216 2255 1492 2316 proscriptio
1519 2263 1587 2300 tot
1612 2255 1819 2303 millium.
1884 2259 1969 2302 Hic
1987 2257 2112 2316 jecit

272 2337 321 2380 in
351 2334 584 2380 aedilitate
612 2351 695 2379 sua
723 2351 835 2396 opus
861 2334 1107 2378 maa-imum
1129 2332 1349 2387 omnium,
1382 2350 1496 2394 quae
1522 2351 1733 2397 umquam
1749 2337 1889 2396 fuere
1917 2338 2111 2382 humana

273 2429 408 2456 manu
431 2412 571 2470 facta
587 2444 602 2467 ,
633 2407 720 2457 non
752 2412 1022 2473 temporaria
1054 2427 1177 2454 mora
1193 2441 1208 2466 ‚
1239 2425 1390 2454 verum
1433 2412 1568 2456 etiam
1601 2408 1884 2460 aeternitatis
1917 2415 2112 2460 destina-

275 2491 409 2534 tione.
477 2489 713 2533 Theatrum
748 2489 825 2533 hoc
850 2488 970 2546 suit.
1036 2489 1177 2530 Scena
1204 2488 1247 2530 ei
1277 2487 1444 2547 tripleoe
1470 2490 1520 2533 in
1551 2491 1845 2538 altitudinem
1871 2506 2018 2539 CCCLX
2045 2510 2115 2539 co-

254 2566 550 2611 lumnarum.
576 2592 632 2599 -
667 2569 766 2609 Ima
792 2581 907 2626 pars
950 2580 1104 2608 scenae
1142 2580 1166 2607 e
1211 2580 1426 2608 marmore
1449 2565 1583 2623 fuit:
1626 2570 1771 2614 media
1803 2588 1826 2615 e
1857 2573 2002 2628 vitro,
2046 2574 2116 2618 in-

261 2644 434 2689 audito
481 2645 616 2689 etiam
650 2651 814 2704 postea
857 2659 1016 2705 genere
1060 2641 1290 2686 luxuriae:
1339 2657 1541 2700 summa,
1591 2662 1614 2689 e
1657 2647 1828 2692 tabulis
1875 2650 2114 2695 inauratis.

287 2722 546 2777 Columnae,
575 2730 629 2766 ut
661 2721 860 2765 diximus
893 2723 1076 2779 [XXXVI.
1103 2735 1140 2763 c.
1159 2721 1258 2777 2.]‚
1291 2719 1409 2764 imae
1441 2721 1914 2785 duodequadragenum
1938 2726 2117 2787 pedum·

285 2801 428 2860 Signa
460 2815 589 2842 aerea
613 2799 730 2843 inter
746 2797 997 2855 columnas,
1024 2805 1077 2841 ut
1093 2794 1387 2840 indicavimus
1414 2799 1598 2856 [XXXW.
1617 2817 1652 2846 c.
1675 2805 1713 2847 7.
1733 2804 1876 2862 (17.)]
1891 2835 1904 2859 ‚
1927 2803 2118 2861 fuerunt
2194 2814 2197 2818 '

281 2877 375 2921 tria
398 2875 548 2919 millia
575 2893 766 2922 numero.
836 2879 975 2922 Cavea
997 2878 1100 2938 ipsa
1126 2876 1244 2936 cepit
1261 2876 1484 2922 hominum
1500 2892 1620 2925 LXXX
1635 2881 1809 2926 millia:
1836 2899 1972 2943 quum
1988 2885 2118 2928 Pom·

273 2954 434 3015 peiani
459 2953 627 2997 theatri
656 2956 789 2999 toties
814 2955 1124 3016 multiplicata
1154 2953 1293 3009 Urbe,
1328 2962 1539 3017 tantoque
1569 2959 1736 3003 maiore
1756 2960 1952 3022 populo,
1985 2963 2117 3023 suffi-

279 3030 373 3074 ciat
414 3029 535 3090 large
577 3030 878 3093 quadraginta
920 3032 1138 3077 millibus.
1213 3032 1304 3076 Sed
1333 3042 1377 3078 et
1410 3034 1614 3098 reliquus
1651 3045 1920 3097 apparatus,
1965 3046 2121 3084 tantus

277 3105 478 3151 Attalica
509 3114 649 3163 veste,
680 3108 850 3153 tabulis
866 3109 1034 3170 pictis,
1079 3117 1308 3170 ceteroque
1339 3111 1546 3174 choragio
1565 3114 1695 3174 fuit,
1737 3121 1789 3158 ut
1821 3116 1870 3158 in
1912 3116 2124 3160 Tuscula·

277 3201 382 3229 nam
417 3183 572 3228 villam
604 3186 848 3246 reportatis
881 3202 994 3246 quae
1031 3187 1368 3247 superfluebant
1399 3191 1654 3251 quotidiani
1679 3207 1791 3235 usus
1820 3192 2020 3252 deliciis,
2055 3195 2121 3239 in·

282 3278 411 3307 censa
437 3262 550 3307 villa
581 3263 636 3307 ab
675 3263 814 3308 iratis
841 3263 1006 3321 servis,
1038 3272 1388 3310 concremaretur
1407 3267 1476 3311 ad
1505 3269 1606 3314 11-S
1624 3268 1802 3314 millies.
