2210 3970
271 258 381 310 798*
730 255 1628 307 ANNALESCIGERONIANI.

333 397 418 443 cic.
442 397 495 443 ad
521 401 710 441 Brutum
744 397 819 455 (ad
851 401 971 442 Fam.
989 411 1053 442 xr.
1082 401 1123 442 5.
1143 401 1206 457 1.)
1270 399 1450 458 Lupus,
1466 397 1727 456 familiaris
1757 406 1930 456 noster,
1962 417 2098 461 quum

268 493 298 520 a
328 484 372 521 te
398 475 613 530 venisset,
646 492 867 536 quumque
894 478 1055 520 Romae
1094 475 1308 537 quosdam
1338 475 1434 519 dies
1468 477 1837 532 commoraretur,
1870 492 1948 537 ego
1979 494 2098 526 eram

266 555 315 597 in
357 553 419 596 iis
459 552 596 607 locis,
641 554 690 596 in
729 554 891 613 quibus
925 555 1118 598 maa-ime
1160 562 1258 599 tuto
1294 570 1361 597 me
1399 569 1494 597 esse
1533 553 1796 597 arbitrabar.
1829 579 1890 588 —
1920 555 2101 598 Romam

267 638 416 674 autem
446 631 546 674 veni
580 647 620 674 a.
651 630 691 675 d.
725 633 931 692 quintum
959 632 1070 677 Idus
1102 632 1371 677 Decembris.
1419 631 1531 675 lbid.
1565 635 1606 676 6.
1641 634 1684 676 2.
1751 631 1897 689 Quum
1931 632 2103 677 tribuni

260 709 411 770 plebis
449 707 718 762 edixissent,
751 718 935 753 senatus
969 711 1144 755 adesset
1175 728 1216 755 a.
1251 711 1291 754 d.
1322 722 1427 754 xln.
1454 709 1557 754 Kal.
1589 711 1687 754 Ian.
1727 709 2027 770 ‘haberentque
2052 711 2102 755 in

267 788 413 832 animo
462 787 514 831 de
548 788 778 848 praesidio
820 788 1050 832 consulum
1081 789 1412 851 designatorum
1457 788 1657 848 referre;
1699 804 1968 850 quamquam
2008 796 2113 847 sta-¹

267 874 438 910 tueram
476 867 525 909 in
561 874 764 910 senatum
807 874 910 910 ante
937 866 1037 910 Kal.
1072 869 1168 910 Ian.
1200 884 1286 911 non
1317 869 1464 911 venire
1481 887 1499 920 ,·
1541 875 1716 923 tamen,
1761 883 1897 927 quum
1940 882 1987 910 eo
2030 865 2103 910 die

264 945 362 1004 ipso
391 943 582 986 edictum
627 952 753 987 tuum
777 945 1061 1004 propositum
1090 952 1236 1000 esset,
1268 944 1403 998 nefas
1435 960 1532 988 esse
1562 934 1706 1001 duxi.
1738 953 1819 989 aut
1849 946 1918 988 ita
1950 945 2104 988 haberi

266 1029 494 1076 senatum,
527 1028 581 1064 ut
613 1020 664 1064 de
703 1022 796 1065 tais
834 1021 1000 1065 divinzs
1043 1023 1092 1066 in
1123 1022 1439 1082 rempublicam
1480 1024 1656 1067 meritis
1686 1025 1919 1080 sileretur,
1965 1023 2105 1085 (quod

257 1100 442 1159 factum
474 1106 620 1154 esset..
668 1100 762 1143 nisi
801 1118 845 1163 εδ
829 1118 879 1146 σο
911 1103 1149 1161 venissem)
1192 1110 1299 1159 aut,
1343 1104 1523 1147 etiamsi
1562 1103 1674 1164 quid
1702 1103 1756 1147 de
1787 1110 1830 1147 te
1863 1102 2106 1162 honorifice

266 1177 517 1232 di‚ceretur
550 1192 617 1221 me
644 1193 731 1220 non
758 1179 925 1223 adesse.
989 1182 1166 1241 Itaque
1183 1182 1231 1224 in
1262 1189 1466 1226 senatum
1497 1182 1609 1226 reni
1633 1197 1772 1224 mane.
1806 1206 1867 1215 --
1903 1180 2026 1238 Quae
2050 1179 2106 1223 de
2178 1191 2194 1212 0

266 1263 310 1300 te
336 1257 384 1302 in
415 1262 575 1299 senatu
606 1256 767 1316 egerim
806 1256 1015 1317 [Philipp.
1045 1260 1141 1316 111.]
1159 1291 1172 1315 ‚
1217 1276 1331 1319 quae
1361 1263 1411 1303 in
1443 1260 1648 1304 concione
1672 1259 1882 1303 'maxima
1913 1258 2104 1302 dixerim

269 1333 476 1395 [Philipp.
507 1336 624 1391 1V.].,
672 1333 865 1378 aliorum
898 1341 941 1378 te
975 1334 1143 1379 litteris
1183 1336 1302 1381 malo
1333 1353 1603 1398 cognoscere.
1644 1337 1706 1382 Id.
1740 1337 1803 1382 ad.
1824 1336 2105 1381 Cornificium

269 1411 345 1469 (ad
387 1415 505 1456 Fam.
538 1423 622 1458 xlx.
656 1414 733 1456 22.
770 1415 832 1470 3.)
889 1415 939 1456 Α.
969 1411 1010 1456 d.
1040 1425 1147 1458 xm.
1179 1413 1405 1459 Kalendas
1440 1417 1622 1460 Ianuar.
1665 1425 1850 1462 senatus
1880 1416 2105 1477 frequens
2176 1422 2192 1437 '⁸

268 1489 382 1534 mihi
408 1497 477 1533 est
503 1505 737 1547 assensus,
782 1509 919 1552 quum
950 1492 1002 1536 de
1035 1493 1192 1536 ceteris
1224 1493 1355 1538 rebus
1385 1494 1562 1555 magnis
1593 1502 1637 1539 et
1677 1494 1969 1550 necessariis,
2010 1501 2105 1538 tum
2178 1489 2185 1495 ⁴

270 1567 322 1611 de
356 1568 606 1630 provinciis
644 1569 699 1613 ab
726 1571 817 1625 iis⁷
867 1572 947 1630 qui
983 1571 1260 1626 obtinerent,
1302 1570 1547 1617 retinendis
1586 1588 1725 1634 neque
1748 1573 1974 1633 ¹cuiquam
2011 1580 2104 1617 tra·

268 1646 454 1703 dendis,
487 1648 580 1696 nisi
611 1648 692 1706 qui
730 1663 786 1690 ex
823 1649 1208 1711 senatusconsulto
1241 1650 1539 1694 successisset.
1573 1649 1686 1696 lbid.
1716 1654 1789 1696 25.
1819 1667 1856 1699 a.
1875 1654 1917 1697 2.
1970 1651 2105 1712 Ego,
2185 1643 2191 1656 ⁴

266 1718 341 1768 mi
368 1725 612 1785 Cornifici,
656 1741 742 1785 quo
780 1724 851 1769 die
878 1727 1076 1786 primum
1106 1728 1156 1771 in
1182 1743 1305 1787 spem
1354 1726 1577 1773 libertatis
1618 1729 1849 1790 ingressus
1891 1746 2015 1785 sum,
2062 1737 2106 1774 et
2187 1728 2193 1745 ⁵

268 1803 580 1859 cunctantibus
620 1804 778 1847 ceteris
814 1820 853 1848 a.
881 1804 922 1849 d.
949 1818 1054 1850 1111.
1082 1805 1182 1850 Kal.
1214 1808 1311 1850 Ian.
1336 1805 1642 1863 fundamenta
1677 1807 1764 1853 ieci
1803 1807 2105 1868 reipublicae,

270 1897 317 1924 eo
360 1881 458 1941 ipso
502 1880 573 1924 die
611 1880 796 1940 providi
837 1881 1029 1926 multum
1076 1890 1211 1944 atque
1261 1883 1397 1927 habui
1440 1868 1659 1929 rationem
1706 1884 1946 1946 dignitatis
1989 1892 2105 1930 tuae.

267 1958 384 2002 Mihi
416 1959 530 2002 enim
563 1967 631 2002 est
658 1975 869 2004 assensus
896 1969 1079 2005 senatus
1110 1961 1162 2005 de
1190 1960 1439 2016 obtinendis
1463 1963 1720 2022 provinciis.
1768 1963 1849 2008 Id.·
1868 1963 1923 2008 ad
1949 1963 2107 2008 Trebo-

268 2036 396 2080 nium
429 2036 503 2093 (ad
530 2038 653 2081 Fam.
680 2030 723 2081 x.
759 2041 832 2084 28.
866 2042 931 2097 1.)
1001 2042 1056 2084 Ut
1078 2040 1282 2100 primum
1308 2045 1420 2098 post
1450 2039 1634 2084 Antonii
1657 2039 1979 2100 foedissimum
2016 2041 2108 2087 dis·¹

268 2130 440 2157 cessum
479 2122 662 2158 senatus
707 2115 859 2159 haberi
899 2116 1032 2161 libere
1050 2109 1240 2178 potuit,
1288 2116 1350 2160 ad
1373 2116 1505 2162 illum
1538 2119 1736 2170 animum
1776 2135 1920 2177 meum
1950 2120 2111 2163 reverti

261 2192 513 2252 pristinum
545 2218 617 2236 —.
650 2189 761 2236 Nam
796 2198 932 2255 q‘uum
979 2203 1182 2239 senatum
1214 2211 1254 2239 a.
1291 2195 1333 2239 d.
1366 2207 1470 2240 XIII.
1503 2196 1729 2242 Kalendas
1759 2198 2000 2241 Ianuarias
2028 2199 2109 2242 tri-

271 2270 378 2314 buni
399 2270 550 2330 plebis
591 2272 895 2329 vocavissent,
940 2272 1077 2334 deque
1110 2274 1205 2318 alia
1242 2289 1289 2317 re
1326 2274 1546 2334 referrent
1561 2295 1580 2328 ,·
1611 2283 1751 2328 totam
1778 2275 2108 2336 ¹rempublicam

268 2364 368 2392 sum
406 2347 661 2408 complexus
706 2351 862 2411 egique
904 2353 1144 2407 acerrime,
1164 2359 1466 2413 ‘senatumque
1498 2353 1589 2396 iam
1641 2353 1916 2415 languentem
1951 2361 1994 2398 et
2035 2353 2108 2398 de—

261 2426 445 2485 fessum
486 2426 548 2470 ad
572 2428 821 2487 pristinam
851 2429 1062 2473 virtutem
1104 2424 1560 2492 consuetudinemque.
1591 2432 1792 2476 revocavi
1825 2434 1973 2493 mag-is
2013 2433 2111 2476 ani-

268 2505 361 2560 mi,
391 2506 724 2566 quam-ingenii
750 2506 935 2551 viribus.
982 2507 1068 2550 Hic
1096 2506 1191 2553 dies
1218 2524 1400 2571 meaque
1422 2512 1644 2558 contentio
1672 2518 1806 2572 atque
1837 2512 1955 2556 actio
1983 2527 2109 2572 'spem

260 2573 461 2643 primum
498 2583 665 2643 populo
708 2585 904 2627 Romano
947 2584 1109 2629 attulit
1135 2585 1380 2643 libertatis
1432 2589 1768 2651 recuperandae.
1832 2589 2022 2644 Velleius
2057 2603 2108 2635 ΙΙ.

269 2677 306 2705 c.
327 2663 398 2705 62.
418 2664 460 2705 1.
499 2661 658 2704 Omnia
681 2669 808 2717 ante,
839 2670 972 2723 quam
979 2661 1231 2723 fugaretur
1262 2660 1511 2722 Antonius}
1546 2665 1788 2728 honorifice
1809 2684 1838 2711 a
1869 2674 2028 2712 senatu
2059 2668 2108 2713 in

274 2741 502 2783 Gaesarem
550 2741 879 2800 ezer-citumque
911 2741 1008 2783 eius
1049 2739 1223 2784 decreta
1256 2748 1363 2786 sunt
1378 2775 1392 2798 ,
1438 2744 1630 2788 maxime
1671 2752 1851 2789 auctore
1892 2747 2105 2791 Cicerone.

270 2816 386 2862 Conf.
420 2817 504 2861 Cic.
537 2817 721 2878 Philipp.
749 2831 795 2864 v.
827 2834 863 2863 c.
889 2822 931 2862 1.
959 2821 1002 2862 2.
1035 2834 1071 2863 c.
1092 2823 1164 2865 11.
1198 2822 1258 2863 28
1290 2835 1355 2881 sq.
1398 2834 1465 2866 VI.
1499 2837 1537 2868 c.
1555 2826 1596 2867 1.
1633 2826 1659 2867 1
1691 2837 1753 2885 sq.
1785 2836 1830 2871 x,
1862 2838 1900 2869 c.
1927 2827 1998 2870 11.
2032 2827 2108 2870 23.

270 2909 365 2941 xrv.
400 2910 438 2940 c.
468 2899 507 2940 7.
543 2898 614 2940 19.
659 2897 737 2941 Dio
764 2910 866 2942 nv.
899 2913 934 2942 c.
970 2901 1042 2942 15.

348 2998 434 3074 (32)
463 3000 754 3076 ‘Antonius
783 3001 857 3074 ¹.in
902 3000 1138 3066 ,Galliam
1197 3001 1471 3077 profectus
1501 3004 1898 3077 „circumsidet-v
1950 3006 2115 3061 Mutis
2191 3031 2210 3051 v

254 3117 398 3155 2nam
439 3108 818 3176 oppugnatque
851 3102 1091 3173 Brutum
1116 3145 1132 3167 ‚
1177 3104 1305 3176 qui,
1362 3111 1423 3159 ut
1462 3105 1577 3179 ipsi-
1599 3105 2012 3173 obsisteret,·eo
2054 3124 2116 3178 se,

272 3201 590 3281 contulerat.
629 3219 710 3256 1x.v
741 3206 911 3278 0.,40.
947 3207 1070 3258 114.
1114 3222 1160 3258 c.
1196 3200 1450 3273 42.’118.

335 3301 525 3347 Velleius
554 3315 606 3348 11.
651 3319 687 3347 c.
718 3307 790 3349 60.
827 3306 867 3348 4.
937 3305 1096 3348 Omnia
1127 3307 1274 3365 pretio
1319 3314 1590 3368 temperata,
1623 3307 1835 3355 vendente
1871 3308 2109 3377 rempubli-

274 3365 369 3423 cam
400 3381 589 3425 consule.
653 3380 776 3424 Idem
801 3383 1079 3442 provinciam
1113 3385 1167 3427 D.
1197 3386 1340 3429 Bruto
1383 3386 1614 3446 designato
1656 3376 1831 3430 consuli
1860 3386 2106 3444 decretam,
2184 3426 2188 3430 ⁴

280 3457 475 3501 Galliam
507 3475 718 3536 occupare
739 3461 915 3505 statuit.
966 3461 1053 3505 Liv.
1087 3462 1207 3523 Epit.
1231 3466 1334 3508 117.
1369 3466 1424 3508 D.
1454 3459 1657 3520 Brutus,
1689 3473 1742 3508 ut
1762 3465 1939 3524 petenti
1958 3464 2111 3508 Cisal·

269 3538 427 3597 pinam
459 3527 652 3581 Galliam
695 3541 883 3584 Antonio
928 3540 1190 3598 obsisteret,
1228 3542 1444 3586 Mutinam
1482 3559 1580 3587 cum
1627 3543 1823 3587 exerc-itu
1866 3543 2106 3602 occupavit.
