2210 3970
669 234 875 274 Annus
924 235 973 273 u.
1031 235 1076 271 c.
1135 218 1453 271 670-671.
1620 205 1630 218 “
1866 216 1974 267 559

148 364 338 413 ducenta
377 363 507 411 milia
536 363 732 426 amplius
766 364 962 410 hostium
991 362 1199 424 exposuit
1229 358 1479 406 Brundisii.
1510 373 1600 420 sqq.
1681 355 1827 401 Livius
1859 357 1971 418 repit,

150 446 223 489 85.
254 441 387 487 Sulla
415 442 465 486 in
493 439 679 486 Italiam
710 458 810 486 cum
842 441 1039 486 exercitu
1069 439 1274 495 traiecit,
1318 437 1558 497 missisque
1585 433 1777 497 legatis,
1810 436 1891 496 qui
1921 435 1974 481 de

142 537 258 583 pace
289 507 487 582 agerent,
519 533 549 561 a
568 517 747 562 consule
777 519 819 563 C.
838 518 1035 563 Norbano
1062 516 1265 573 violatis,
1299 513 1494 560 eumdem
1525 512 1774 558 Norbanum
1797 515 1975 576 praelio

149 599 271 644 vicit.
335 598 402 643 Et
431 611 567 658 quum
597 597 646 641 L.
675 596 902 656 Scipionis
926 595 1117 641 alterius
1146 591 1363 648 consulis,
1396 609 1496 636 cum
1526 606 1613 652 quo
1638 608 1722 652 per
1751 594 1898 637 omnia
1928 592 1981 637 id

151 683 324 738 egerat,
367 681 421 719 ut
444 689 601 735 pacem
630 674 833 735 iungeret
847 706 861 728 ‚
900 689 977 719 nec
1000 679 1212 735 potuerat
1226 703 1241 728 ‚
1284 677 1435 715 castra
1463 677 1803 730 oppugnaturus
1834 678 1975 727 esset,

149 753 385 798 universus
415 751 637 795 exercitus
666 751 864 795 consulis
879 783 893 807 ‚
933 749 1207 795 sollicitatus
1230 764 1315 810 per
1339 748 1524 792 emissos
1552 763 1582 790 a
1618 746 1752 791 Sulla
1776 747 1946 792 milites
1962 781 1976 804 ‚

149 829 281 891 signa
311 827 374 873 ad
393 827 570 874 Sullam
595 827 849 873 transtulit.
910 828 1063 890 Scipio
1077 860 1091 885 ‚
1123 843 1260 889 quum
1289 824 1432 871 occidi
1445 831 1623 886 posset,
1655 823 1871 869 dimissus
1895 833 1975 871 est.

148 909 328 967 Eutrop.
354 918 398 970 v.
425 920 461 951 c.
476 907 518 950 ’1.
550 904 638 950 Ille
663 906 713 950 in
737 905 924 950 Italiam
949 906 1154 963 traiecit,
1186 903 1350 949 bellum
1373 902 1507 948 civile
1527 910 1741 964 gesturus
1765 903 1981 949 adversm

147 982 397 1028 Norbanum
423 990 467 1029 et
493 984 744 1045 Scipionem
770 998 882 1029 cose.
945 985 1014 1028 Et
1027 984 1179 1045 primo
1196 981 1370 1044 praelio
1393 987 1550 1025 contra
1569 980 1819 1026 Norbanum
1846 980 1978 1027 dimi-

147 1062 266 1107 cavit
295 1077 383 1106 non
423 1060 549 1123 longe
579 1077 609 1105 a
644 1062 794 1122 Capua
802 1082 820 1117 ‚·
861 1068 956 1105 tum
989 1073 1060 1106 vn
1085 1059 1216 1105 milia
1247 1060 1346 1105 eius
1376 1057 1561 1116 cecidit,
1593 1070 1646 1103 vx
1676 1057 1807 1103 milia
1835 1060 1980 1121 cepit,

151 1151 295 1185 cxxiv
327 1154 510 1184 suorum
540 1139 709 1185 amisit.
771 1138 881 1184 Inde
913 1139 1050 1184 etiam
1079 1137 1142 1183 ad
1168 1139 1420 1200 Scipionem
1449 1153 1498 1182 se
1526 1137 1768 1194 convertit,
1801 1145 1845 1182 et
1875 1147 1982 1183 ante

141 1216 370 1278 praelium
412 1223 556 1262 totum
586 1217 686 1262 eius
726 1218 970 1262 exercitum
1010 1217 1107 1261 sine
1147 1216 1364 1277 sanguine
1402 1216 1452 1261 in
1492 1214 1758 1261 deditionem
1794 1218 1980 1279 accepit.

133 1280 371 1342 'Plutarch
398 1294 523 1341 Sulla
551 1309 589 1340 c.
613 1297 675 1340 27
698 1310 760 1357 sq.
793 1295 977 1356 Appium.
1003 1298 1050 1340 B.
1072 1297 1117 1339 C.
1147 1306 1178 1338 1.
1209 1308 1246 1338 c.
1278 1295 1336 1337 ’79
1365 1308 1457 1355 sqq.
1490 1293 1658 1340 Diodor.
1689 1292 1845 1357 fragm.
1879 1308 1917 1341 τ.
1936 1308 1979 1341 x.

151 1390 191 1436 p.
210 1377 314 1419 210.
361 1372 600 1420 Florusm.
626 1385 665 1416 c.
681 1373 754 1418 21.
787 1374 859 1416 18.

226 1474 289 1554 (²)
336 1477 444 1532 Hoc
477 1463 648 1541 anno,
700 1474 793 1548 qui
831 1478 947 1530 erat
978 1472 1269 1528 vicesimus
1308 1479 1433 1543 ante
1467 1473 1738 1530 Ciceronis
1788 1493 1976 1532 consu-

148 1576 349 1643 latum,
387 1574 704 1650 Capitolium
734 1572 873 1647 prid.
911 1572 1043 1629 Non.
1077 1573 1260 1642 Quint.
1299 1573 1392 1649 (=
1419 1578 1454 1630 6
1486 1574 1631 1649 Iulii)
1674 1593 1979 1634 concrema-

150 1684 269 1732 tum
301 1683 400 1733 est.
442 1693 516 1732 111.
554 1693 600 1732 ο.
624 1678 713 1731 22.
755 1678 842 1731 70.

191 1776 511 1823 Ώεειὶοᾱοωεε
544 1777 594 1822 1..
629 1776 780 1838 Scipio
810 1782 854 1821 et
885 1776 928 1821 0.
956 1774 1199 1822 Norbanus.
1274 1775 1361 1820 His
1390 1789 1499 1820 coss.
1535 1776 1807 1838 Capitolium
1835 1784 1980 1822 custo·

150 1854 256 1901 clum
281 1853 552 1919 negligentia
581 1860 893 1899 concrematur.
963 1852 1214 1916 obsequens
1244 1866 1281 1898 c.
1301 1855 1404 1898 118.
1438 1855 1487 1899 Ι..
1513 1855 1720 1917 Scipione
1749 1856 1793 1901 C.
1820 1855 1982 1900 Norba·

149 1948 206 1978 no
235 1947 347 1979 coss.
380 1958 441 1968 —
472 1932 655 1978 Aeditui
683 1930 859 1993 (culpa)
899 1930 1168 1993 Capitolium
1198 1947 1290 1976 una
1318 1939 1443 1977 nocte
1471 1933 1781 1995 conflagravit.
1843 1933 1980 1979 Tacit.

151 2009 262 2059 nist.
287 2023 358 2057 m.
385 2025 422 2056 c.
451 2012 524 2056 72.
558 2011 740 2056 Arserat
765 2018 809 2055 et
832 2018 936 2055 ante
971 2010 1239 2071 Capitolium
1270 2010 1397 2055 cicili
1419 2010 1531 2056 bello
1546 2045 1559 2068 ‚
1604 2011 1686 2056 sed
1695 2010 1869 2069 fraude
1884 2013 1983 2073 pri-

149 2094 257 2133 vata
286 2103 371 2133 —‘.
438 2088 624 2133 Voverat
672 2089 940 2149 Tarquinius
981 2089 1169 2132 Priscus
1213 2104 1319 2145 rex,
1365 2088 1480 2134 bello
1518 2089 1682 2134 Sabino
1716 2108 1804 2133 —-.·
1830 2089 1984 2151 pulsis

152 2152 338 2228 regibus
370 2167 590 2212 *Horatius
630 2165 860 2212 Pulvillus
894 2168 1057 2212 iterum
1091 2165 1249 2211 consul
1278 2167 1337 2224 [a.
1363 2168 1412 2212 U.
1434 2169 1477 2211 C.
1495 2168 1625 2226 247]
1657 2165 1890 2212 dedicavit.
1922 2194 1982 2202 —

150 2243 316 2289 Iisdem
356 2260 516 2290 rursus
552 2245 758 2306 vestigiis
793 2245 933 2289 situm
970 2251 1059 2301 est,
1087 2251 1330 2306 postquam
1361 2244 1592 2290 interiecto
1633 2256 1816 2289 ccccxv
1856 2247 1984 2303 [rect.

152 2334 379 2368 ccccxxv.
407 2322 462 2368 ab
479 2339 516 2370 a.
535 2325 819 2381 247—671.]
861 2336 1075 2367 annorum
1100 2322 1249 2382 spatio
1276 2323 1326 2366 L.
1355 2323 1562 2384 Scipione
1588 2323 1630 2367 G.
1656 2321 1855 2366 Norbano
1870 2339 1982 2370 coss.

142 2401 437 2463 flagraverat.
504 2402 662 2446 Curam
686 2400 828 2445 victor
858 2399 992 2445 Sulla
1021 2401 1242 2462 suscepit,
1273 2417 1412 2462 neque
1443 2409 1590 2446 tamen
1621 2399 1874 2446 dedicavit:
1909 2402 1987 2447 Ιιοσ

151 2478 296 2524 solum
317 2478 547 2539 felicitati
573 2479 670 2523 eius
705 2485 932 2540 negatum:
990 2477 1172 2539 Appian.
1206 2482 1251 2523 B.
1269 2481 1313 2523 C.
1344 2491 1374 2523 1.
1407 2495 1443 2524 c.
1462 2482 1534 2524 83.
1584 2482 1652 2525 Τό
1683 2496 1734 2525 τε
1763 2481 1989 2527 Kanna»-

153 2558 285 2616 λιον,
314 2555 408 2604 ὑπὸ
434 2557 524 2604 τῶν
553 2555 795 2618 βασιλέων
820 2559 1159 2619 τετρακοσίοις
1179 2573 1274 2603 που
1297 2559 1519 2621 πρόσθεν
1546 2559 1677 2606 ἔτεσι
1705 2564 1982 2624 γενόμενον,

154 2635 460 2700 ἐνεπρήσθη,
510 2640 592 2684 καὶ
636 2637 719 2697 τήν
757 2639 922 2683 αἰτίαν
958 2636 1129 2690 οὐδεὶς
1158 2636 1369 2686 ἐπενόει.
1400 2665 1461 2673 -
1492 2655 1528 2684 c.
1551 2642 1627 2705 336.
1659 2633 1755 2694 Λῖς
1786 2640 1984 2705 ἡμέραις

154 2719 234 2763 καὶ
273 2715 329 2762 τὸ
367 2715 686 2764 Καπιτώλιον
718 2715 1075 2779 ἐνεπίμπρατο·
1116 2720 1199 2763 καὶ
1242 2716 1296 2763 τὸ
1331 2715 1467 2780 ἔργον
1507 2715 1636 2771 τινὲς
1670 2717 1986 2784 ἐλογοποίουν

151 2794 445 2858 Κάρβωνος,
474 2795 503 2856 ἢ
519 2796 611 2842 τῶν
629 2796 850 2854 ὑπάτων,
883 2796 913 2856 ἢ
933 2798 1103 2844 Σύλλα
1135 2796 1439 2858 πέμψαντος,
1472 2790 1622 2844 εἶναι.
1687 2800 1754 2846 Τὸ
1773 2802 1821 2847 δ’
1852 2801 1984 2864 ἀκρι-

154 2874 236 2936 βὲς
271 2874 450 2934 ἄδηλον
478 2868 557 2934 ἦν,
593 2878 674 2922 καὶ
711 2875 802 2922 οὐκ
838 2874 930 2933 ἔχω
968 2877 1057 2935 τήν
1088 2877 1255 2924 αἰτίαν
1286 2875 1378 2939 ἐγὼ
1409 2875 1703 2936 συμβαλεῖν,
1739 2879 1811 2925 δι’
1843 2882 1900 2938 ἣν
1925 2882 1987 2927 ἄν

153 2954 308 3017 οὕτως
349 2953 552 3019 ἐγένετο.
627 2955 854 3002 Plutarch.
880 2956 1007 3003 Sulla
1036 2972 1072 3002 ο.
1099 2959 1175 3002 27.
1208 2960 1281 3002 11.
1315 2959 1695 3018 Ἐμπεπρῆσθαι
1740 2958 1795 3004 τὸ
1829 2965 1986 3008 Καπι-

155 3033 360 3081 τώλιον·
410 3035 439 3081 δ’
474 3037 558 3081 καὶ
592 3033 832 3095 συμβῆναι
866 3037 950 3093 τῆς
988 3033 1164 3096 ἡμέρας
1201 3034 1387 3096 ἐκείνης
1419 3062 1477 3070 -—-
1501 3069 1513 3081 .
1560 3025 1618 3089 ἦν
1645 3035 1700 3083 δὲ
1733 3037 1859 3098 αὕτη
1890 3039 1984 3103 πρὸ

153 3117 272 3174 μιᾶς
315 3116 472 3160 νόνων
500 3115 802 3173 Κυντιλίων,
854 3115 913 3167 ἃς
949 3118 1037 3162 νῦν
1078 3117 1295 3169 Ἰουλίας
1327 3117 1590 3176 καλοῦμεν.
1666 3116 1785 3162 Conf.
1802 3118 1984 3180 Dionys.

154 3192 249 3238 nal.
278 3197 329 3239 A.
353 3195 404 3238 R.
434 3205 498 3238 lv-
531 3209 570 3238 c.
598 3197 670 3238 61.
700 3196 771 3238 62.
830 3194 915 3240 cic.
942 3195 990 3239 in
1022 3197 1142 3240 Verr.
1177 3197 1274 3241 Act.
1306 3209 1356 3240 11.
1388 3199 1433 3240 L.
1459 3208 1523 3240 lv.
1557 3211 1594 3241 c.
1619 3197 1691 3240 31.
1721 3197 1814 3258 69.ι
1874 3196 1987 3242 Plin.

78 3323 82 3328 .
155 3273 205 3315 Η.
221 3273 270 3316 Ν.
288 3283 454 3316 xxxm.
485 3285 520 3316 c.
540 3276 582 3316 5.
617 3271 850 3332 Augustin.
881 3271 934 3316 de
965 3271 1054 3317 Civ.
1091 3273 1168 3317 Dei
1203 3287 1253 3318 11.
1286 3289 1321 3318 c.
1339 3276 1412 3318 24.
1440 3273 1620 3319 Sallust.
1647 3273 1775 3319 Catil.
1807 3289 1845 3319 c.
1869 3279 1943 3322 47.

231 3373 292 3449 (ἓ)
334 3375 547 3448 Papirio
587 3374 813 3430 Carboni
854 3376 910 3430 in
949 3375 1173 3432 Galliam
1195 3419 1210 3441 ,
1250 3377 1581 3448 provinciam
1616 3379 1981 3447 consularem,

153 3473 419 3546 profecto,
472 3483 721 3548 quaestor
772 3477 826 3530 in
867 3476 1110 3534 eamdem
1148 3477 1477 3550 provinciam
1525 3478 1887 3550 proficiscitur
1925 3482 1980 3536 C.
