2158 4030
458 277 512 331 L.
538 276 599 333 11.
644 294 688 330 c.
714 275 822 331 xv.
865 274 905 347 s
931 277 1001 329 40
1039 303 1114 313 -
1152 272 1358 329 axvi.
1402 273 1441 348 5
1468 278 1553 328 45.
1849 281 1917 330 75

109 436 162 485 et
194 425 419 485 diceudo
449 434 504 484 et
535 424 838 483 excusando
873 424 1026 480 facile
1058 422 1125 479 ad
1159 422 1312 479 ludos
1346 423 1641 487 Victoriam
1686 440 1811 480 cum
1844 426 1932 482 bis

106 527 336 601 plebeios
368 544 484 583 esse
510 526 848 584 coniunctos:
876 522 1173 580 seeundum
1206 539 1340 596 quos
1366 531 1462 579 aut
1489 523 1622 579 nulli
1649 531 1744 580 aut
1770 527 1930 597 pauci

106 627 220 683 dies
257 626 324 683 ad
369 626 636 699 agendum
683 626 852 682 futuri
895 631 1078 681 erant:
1129 626 1203 679 ita
1254 623 1460 680 defessa
1506 642 1568 679 ac
1613 624 1932 697 refrigerata

103 728 472 792 accusatione,
524 745 639 783 rem
678 729 943 798 integram
977 725 1044 780 ad
1082 725 1150 779 Μ.
1180 724 1450 779 Metellum
1484 731 1784 797 praetorem
1815 742 1935 781 esse

106 833 407 883 venturam.
487 827 657 895 Quem
688 844 787 898 ego
813 826 1113 889 hominem,
1140 824 1187 879 si
1219 825 1338 879 eius
1359 824 1480 879 fidei
1502 824 1710 880 diffisus
1730 843 1932 890 essem,

104 926 338 985 iudicem
371 944 478 982 non
510 928 874 984 retinuissem.
955 927 1108 982 Tunc
1147 932 1326 983 tamen
1360 927 1622 982 eoanimo
1654 943 1832 992 eram,
1873 933 1936 981 ut

107 1044 170 1083 eo
203 1027 409 1093 iudice,
461 1044 625 1100 quam
671 1034 942 1100 praetore,
983 1027 1123 1083 hanc
1155 1044 1271 1084 rem
1311 1027 1538 1098 transigi
1578 1026 1792 1083 mallem
1814 1070 1829 1092 ,
1881 1034 1935 1083 et

107 1130 284 1184 iurato
321 1144 506 1195 suam,
558 1146 722 1202 quam
769 1130 1007 1184 iniurato
1043 1128 1272 1184 aliorum
1319 1128 1540 1185 tabellas
1577 1130 1932 1186 committere.

102 1233 191 1285 42.
214 1229 337 1285 Sed
358 1236 374 1267 ¹
411 1230 489 1285 ita-
521 1228 724 1284 sactum
764 1236 874 1293 est,
916 1235 978 1283 ut
1005 1229 1274 1283 Hortensii
1309 1229 1413 1283 ista
1439 1229 1578 1283 ratio
1602 1229 1936 1289 existimare-

107 1337 200 1385 tur
243 1334 445 1385 astuta:
505 1344 687 1383 meum
739 1326 839 1382 hoc
878 1327 1196 1392 consilium,
1250 1329 1645 1393 necessarium,
1704 1335 1812 1384 ne²
1860 1331 1935 1384 ita

105 1436 318 1502 tempus
349 1426 671 1492 duceretur,
710 1433 772 1482 ut
802 1443 835 1483 a
868 1427 956 1483 Μ’.
991 1426 1277 1483 Glabrione
1307 1435 1553 1500 praetore
1590 1436 1647 1484 et
1677 1443 1709 1483 a
1742 1445 1937 1499 magna

108 1535 268 1605 parte„
292 1526 496 1587 ¹horum
530 1526 775 1584 iudicum
812 1526 881 1583 ad
914 1534 1216 1601 praetorem
1249 1527 1416 1585 alium
1457 1527 1769 1601 iudicesque
1806 1528 1939 1584 alios

101 1629 424 1691 veniremus.
500 1626 617 1685 Non
636 1633 663 1668 ⁸
690 1627 933 1687 sinebam
953 1627 1223 1702 profecto,
1261 1645 1455 1687 caussa
1474 1645 1506 1686 a
1538 1645 1625 1686 me
1658 1637 1905 1702 perorata
1922 1673 1936 1695 ,

6 1776 17 1783 .
108 1730 469 1805 quadraginta
493 1727 687 1786 diebus
720 1729 1085 1803 imerpositis,
1122 1737 1243 1787 tum
1274 1730 1429 1788 nobis
1454 1730 1687 1803 denique
1719 1748 1935 1804 respon·

107 1831 258 1900 deri,
289 1848 463 1907 quum
493 1831 768 1889 accusatio
801 1838 985 1888 nostra
1016 1832 1074 1888 in
1106 1831 1428 1889 oblivionem
1454 1832 1815 1889 diuturnitate
1846 1832 1937 1889 ad·

104 1933 268 1990 ducta
312 1939 479 1989 esset:
539 1948 646 1987 non
698 1932 1130 1999 committebam,
1189 1941 1252 1990 ut
1285 1941 1406 1991 tum
1450 1952 1538 1990 res
1574 1933 1941 1997 iudicaretur,

76 2051 272 2109 „quum
306 2033 607 2108 frequentia
634 2033 801 2089 totius
828 2033 1014 2090 Italiae
1047 2034 1213 2091 Roma
1247 2035 1612 2101 discessisset,
1652 2052 1790 2109 quae
1815 2052 1936 2091 con·

106 2142 348 2196 venerat.
368 2148 495 2193 uno<
523 2141 764 2209 tempore
809 2134 1049 2209 undique
1084 2136 1459 2202 comitiorum,
1498 2136 1780 2202 ludorum,
1818 2152 1937 2193 cen·

109 2235 384 2311 nandique.
405 2248 637 2302 caussa.›1
1392 2237 1395 2241 '

111 2387 123 2403 τ
175 2357 316 2393 must?
386 2349 427 2388 '2
1140 2388 1147 2393 .

113 2478 127 2487 -
183 2437 319 2509 ΧΝῙ.
347 2467 350 2472 ,
381 2442 494 2494 45*
530 2437 673 2495 Haec
694 2443 714 2477 ⁴
741 2438 788 2494 si
821 2454 919 2510 ego
945 2454 1051 2494 non
1086 2438 1368 2499 vidissem;
1407 2439 1453 2494 si
1493 2454 1581 2493 me
1613 2455 1718 2493 non
1752 2456 1940 2495 omnes

110 2539 222 2596 noti
247 2539 928 2613 -iguotique'monuissent,
969 2538 1024 2595 id
1054 2540 1174 2612 agi,
1214 2538 1269 2594 id
1309 2538 1566 2611 cogitari,
1609 2540 1663 2596 in
1697 2556 1759 2596 eo
1796 2540 1938 2597 labo·

107 2639 243 2704 rari,
282 2645 344 2698 ut
366 2655 456 2696 res
467 2639 537 2696 :in
564 2639 697 2695 illud
724 2646 938 2713 tempus
964 2640 1311 2706 reficeretur,
1339 2639 1522 2705 credo,
1556 2641 1602 2696 si
1629 2641 1766 2697 meis
1793 2641 1939 2697 horis

109 2741 184 2798 in'
204 2739 506 2799 accusando
527 2741 621 2797 uti
658 2741 976 2807 voluissem,
1015 2758 1261 2807 vererer,
1301 2759 1370 2798 ne
1401 2741 1536 2797 mibi
1569 2744 1799 2799 crimina
1830 2761 1938 2799 non

108 2848 480 2915 suppetereut3
504 2884 506 2886 ψ
526 2843 795 2898 ne·oratio
828 2841 1064 2906 deesset;
1103 2860 1172 2899 ue
1203 2861 1304 2899 vox
1337 2844 1584 2916 viresque
1620 2844 1940 2905 deficerent:

111 2957 208 3007 ne,
226 2958 407 3015 ¹quem
445 2944 809 3016 nemossprima
839 2944 1051 3000 actione
1089 2942 1374 3000 defendere
1405 2961 1571 2999 ausus
1603 2951 1772 3009 esset,
1811 2961 1938 3000 eum

111 3042 323 3114 egebis
355 3059 623 3101 accusare·
647 3060 752 3100 non
775 3058 1012 3117 possem.
1091 3044 1242 3112 Quod
1275 3061 1443 3116 quum
1471 3061 1568 3115 ego
1599 3060 1783 3101 meum
1814 3061 1939 3100 oon·

106 3143 731 3202 siluim—·.tum-iudictbus
756 3151 876 3201 tum
900 3145 1095 3218 populo
1121 3144 1358 3200 Romano
1383 3143 1745 3216 probavissem
1761 3186 1777 3210 ,
1814 3146 1896 3202 sic
1912 3154 1938 3185 ⁵

110 3261 144 3300 a
176 3260 262 3300 me
293 3251 423 3300 sunt
453 3252 580 3302 acta
619 3246 799 3302 omnia
830 3246 1049 3319 priore
1085 3246 1373 3309 actione,
1426 3250 1488 3298 ut
1519 3244 1575 3299 in
1615 3246 1936 3303 criminibus

174 3429 212 3485 ¹)
245 3426 353 3472 thid.
396 3431 524 3474 c.11.
552 3431 669 3486 §34
704 3455 760 3463 ———
796 3432 835 3488 ²)
867 3427 913 3474 in
943 3431 1120 3474 Verrem
1164 3430 1262 3473 Act·
1299 3427 1357 3470 ΙΙ.
1396 3428 1439 3470 L.
1469 3428 1502 3471 l.
1536 3443 1573 3472 c.
1604 3430 1673 3472 11.
1715 3430 1739 3486 §
1766 3432 1839 3472 30.
1874 3454 1933 3462 —

110 3506 151 3563 3)
178 3505 223 3549 in
238 3509 412 3551 Verrem
433 3508 528 3552 Act.
546 3511 580 3552 1.
604 3523 639 3554 c.
659 3511 730 3554 18.
765 3510 878 3568 §5ss
915 3535 971 3543 —
1005 3509 1046 3567 4)
1070 3506 1115 3551 in
1134 3509 1308 3551 Verrem
1331 3508 1423 3549 Aet.
1452 3507 1506 3550 11.
1539 3508 1580 3551 L.
1603 3508 1633 3550 1.
1659 3523 1694 3552 c.
1716 3509 1797 3566 114
1815 3507 1839 3564 5
1858 3509 1932 3552 31.

111 3586 153 3641 ⁵)
179 3581 355 3629 lbid..c..
376 3586 445 3630 10.
480 3586 597 3640 §29.
