2210 3970
243 247 350 298 654
719 255 1045 293 ANNALES
1102 255 1607 295 αιεΕΒοΝῐΑΝι.

245 405 328 441 νος
361 386 614 445 διήλλαξεν
648 384 839 443 ἐσθῆτα
870 390 926 445 τῇ
964 389 1188 449 συμφορᾷ
1221 387 1510 449 πρέπουσαν.
1575 377 1731 439 Οὗτος
1756 384 1843 446 μὲν
1869 379 1957 432 οὖν
1986 386 2069 431 καὶ

248 469 297 513 οἱ
336 469 430 513 σύν
475 465 607 527 αὐτῷ
641 466 985 527 παρεδόθησαν
1015 470 1087 518 εἰς
1122 465 1329 526 ἄδεσμον
1363 466 1578 525 φυλακην
1621 474 1724 518 τοῖς
1758 475 2064 530 στρατηγοῖς.

247 546 430 607 Appian.
466 549 513 590 Β.
543 548 587 590 C.
620 558 671 590 11.
698 561 734 590 e.
763 549 804 590 5.
835 544 1128 602 Λεχθέντων
1159 542 1213 590 δὲ
1246 547 1458 601 τούτων,
1496 543 1523 602 ἦ
1556 542 1642 605 μὲν
1675 545 1824 606 βουλή
1856 545 2070 590 Λέντλον

248 623 487 686 παρέλυσε
531 626 614 681 τῆς
646 622 822 686 ἀρχῆς·
876 624 904 670 ὁ
941 623 994 671 δὲ
1026 622 1280 685 Κικέρων,
1329 622 1534 671 ἕκαστον
1573 625 1623 677 ἐς
1656 628 1741 678 ’τὰς
1782 629 1941 677 οἰκίας
1979 624 2073 670 τῶν

247 703 522 766 στρατηγῶν
564 703 786 761 διαθεὶς,
837 701 1110 762 ἐπανῆλθεν
1158 705 1367 761 αὐτίκα,
1415 709 1498 750 καὶ
1542 707 1703 765 ψῆφον
1751 708 1861 767 περὶ
1908 703 2073 750 αὐτῶν

249 782 430 830 ἐδίδου.
495 784 571 828 Dio
594 796 774 828 xxxvu.
807 798 842 827 c.
862 787 934 828 34.
968 787 1011 827 2.
1043 783 1146 829 Kobe
1176 786 1354 829 τούτου
1387 782 1416 828 o‘
1439 782 1709 837 Λέντουλος
1737 784 1964 830 ἀπειπεῖν
1989 782 2076 840 τήν

250 865 543 925 στρατηγίαν
579 861 674 907 ὑπὸ
717 863 801 917 τῆς
843 864 1096 922 γερουσίας
1129 862 1484 925 ἀναγκασθεὶς,
1525 862 1580 908 ἐν
1610 866 1797 926 φρουρᾷ
1827 861 1948 923 μετοὶ
1980 862 2078 907 τῶν

252 941 409 986 ἄλλων
463 941 559 985 τῶν
608 938 987 996 συλληφθέντων
1035 937 1253 1002 ἐγένετο,
1306 944 1390 987 καὶ
1441 943 1491 988 οἱ
1529 945 1699 989 λοιποὶ
1742 941 2074 1001 ἀνεζητοῦντο.

250 1020 403 1065 Florus
427 1018 459 1063 l.
475 1033 512 1063 c.

333 1131 418 1206 (4³)
461 1130 703 1185 Ciceroni
732 1134 912 1184 autem
947 1136 1167 1185 senatus
1198 1129 1440 1195 decernit
1467 1130 1839 1187 testimonium
1876 1147 2085 1194 censer:-

251 1239 406 1287 vatae
439 1230 764 1303 reipublicae
803 1236 857 1285 et
895 1248 1095 1285 novum
1135 1232 1539 1304 supplicationis
1577 1249 1764 1304 genus·
1803 1250 1878 1286 111.
1919 1249 1965 1287 c.
1990 1235 2082 1288 25.

257 1337 344 1390 78.
390 1337 479 1388 80.
520 1350 566 1387 c.
592 1335 680 1387 29.
723 1335 794 1386 88
827 1349 943 1403 sqq.
985 1349 1031 1386 c.
1059 1336 1150 1388 52.
1199 1337 1326 1390 100.

316 1433 403 1478 Cic.
420 1433 468 1477 in
489 1432 614 1478 Catil.
634 1445 698 1477 lv.
725 1447 762 1476 c.
781 1436 822 1477 3.
852 1436 894 1477 5.
927 1434 1045 1476 Haec
1071 1433 1220 1477 omnia
1250 1460 1312 1469 -
1340 1449 1418 1479 vos
1434 1434 1512 1491 (P.
1531 1433 1598 1493 G.)
1615 1432 1772 1478 multis
1787 1433 1880 1478 iam
1902 1431 2088 1478 iudiciis

253 1509 525 1554 iudicastis.-
559 1510 760 1570 primum
790 1509 911 1570 quod
943 1510 1057 1554 mihi
1092 1512 1271 1572 gratias
1313 1512 1472 1573 egistis
1503 1510 1810 1572 singularibus
1844 1510 2010 1566 verbis,
2045 1516 2090 1554 et

256 1605 353 1632 mea
373 1589 539 1632 virtute
570 1595 704 1648 atque
731 1586 968 1648 diligentia
990 1587 1271 1649 perditorum
1301 1587 1524 1634 hominum
1549 1588 1832 1650 patefactam
1864 1603 1958 1632 esse
1989 1603 2089 1632 con·

254 1665 525 1710 iurationem
552 1664 808 1709 decrevistis
820 1687 838 1720 ,-
853 1692 913 1701 -
929 1667 1231 1727 maximeque,
1263 1666 1387 1728 quod
1407 1683 1499 1711 meo
1521 1667 1694 1711 nomine
1719 1665 2090 1728 supplicationem

257 1743 535 1798 decrevistis,
552 1743 633 1804 qui
649 1742 784 1787 honos
801 1751 951 1804 togato
970 1744 1150 1789 habitus
1165 1752 1268 1790 ante
1282 1762 1350 1790 me
1363 1753 1430 1790 est
1446 1746 1625 1790 nemini.
1657 1743 1769 1790 Ibid.
1787 1760 1826 1789 c.
1844 1748 1885 1789 5.
1904 1747 1980 1789 10.
2011 1755 2090 1804 pru

255 1821 381 1867 Sulla
412 1837 448 1865 c.
478 1825 550 1866 30.
581 1824 653 1866 85.
689 1822 830 1864 Grave
855 1836 951 1865 esse
985 1821 1186 1878 videtur,
1222 1839 1348 1879 eum,
1391 1824 1472 1884 qui
1504 1822 1788 1884 investigarit
1819 1820 2089 1865 coniuratio*-

256 1916 354 1944 nem
370 1933 384 1956 ,
418 1901 499 1961 qui
516 1899 814 1960 patefecerit,
850 1899 931 1958 qui
965 1901 1236 1960 oppresserit
1252 1934 1266 1957 ,
1299 1902 1373 1945 cui
1399 1908 1582 1945 senatus
1617 1899 1924 1961 singularibus
1946 1898 2093 1943 verbis

256 1980 435 2040 gratias
467 1979 628 2039 egerit,
661 1976 737 2020 eui
766 1976 847 2019 uni
879 1982 1031 2036 togato
1063 1978 1435 2039 supplicationem
1461 1977 1697 2022 decreverit
1713 2011 1726 2033 ,
1761 1976 1904 2022 dicere
1931 1977 1982 2020 in
2016 1976 2091 2020 iu-

259 2057 403 2100 dicio:
435 2072 522 2100 non
548 2052 851 2115 defenderem,
883 2053 926 2097 si
946 2055 1234 2100 coniurasset.
1299 2055 1482 2117 Philipp.
1508 2069 1560 2101 11.
1583 2070 1621 2099 c.
1641 2060 1689 2102 1.
1708 2059 1750 2100 2.
1785 2057 1980 2099 Senatus
2000 2052 2092 2097 cla-

257 2134 455 2179 rissimis
486 2133 656 2178 civibus
690 2133 792 2177 bene
815 2140 969 2194 gestae
1000 2132 1270 2193 reipublicae
1301 2133 1604 2178 testimonium
1633 2133 1792 2179 multis
1809 2165 1823 2189 ,
1865 2131 1978 2175 mihi
2006 2131 2089 2175 uni

260 2219 540 2256 conservatae
571 2210 706 2256 dedit.
769 2210 884 2257 Ibid.
915 2227 952 2256 e.
972 2213 1014 2255 6.
1041 2214 1123 2255 13.
1147 2212 1197 2256 L.
1220 2212 1369 2268 Cotta,
1400 2212 1472 2256 vir
1498 2227 1668 2256 summo
1693 2211 1869 2272 ingenio
1898 2221 2092 2253 summae

261 2307 346 2351 que
369 2289 637 2350 prudentia,
685 2289 814 2333 rebus
844 2290 906 2334 iis
935 2290 1079 2351 gestis
1110 2315 1171 2323 —
1203 2289 1573 2350 supplicationem
1603 2289 1794 2335 decrevit
1824 2287 1967 2332 verbis
1997 2303 2092 2331 am-

258 2367 487 2428 plissimis
503 2386 518 2410 .·
562 2367 688 2428 eique
718 2394 779 2402 —
811 2367 1067 2412 consulares
1108 2375 1378 2429 senat-usqne
1404 2376 1590 2413 cunctus
1625 2382 1836 2413 assensus
1873 2373 1972 2410 est:
2014 2362 2095 2425 qu'i

267 2444 401 2488 honos
434 2451 545 2505 post
577 2445 800 2491 conditam
839 2447 949 2490 hanc
981 2446 1130 2490 urbem
1164 2445 1344 2489 habitus
1370 2453 1445 2490 est
1484 2454 1635 2508 togato
1672 2453 1776 2490 ante
1813 2460 1880 2488 me
1913 2442 2092 2487 nemini.

266 2520 454 2581 Philipp.
486 2533 583 2565 xlv,
611 2537 647 2566 c.
667 2526 709 2566 8.
741 2523 814 2568 24.
847 2524 962 2567 Mihi
993 2521 1170 2567 consuli
1197 2522 1499 2584 supplicatio,
1531 2523 1674 2567 nullis
1704 2523 1845 2567 armis
1874 2519 2094 2580 sumptis,

267 2614 354 2642 non
379 2597 432 2642 ob
457 2597 630 2642 caedem
655 2598 870 2655 hostium,
902 2599 982 2643 sed
1000 2599 1052 2643 ob
1073 2601 1443 2644 conservationem
1469 2601 1656 2656 civium,
1689 2615 1797 2644 novo
1820 2607 1864 2643 et
1887 2595 2094 2642 inaudito

263 2692 442 2738 genere,
475 2675 648 2721 decreta
670 2685 750 2721 est.
813 2677 1001 2735 Quintil.
1025 2690 1076 2722 ΙΙ.
1104 2693 1146 2724 c.
1163 2680 1238 2722 16.
1258 2681 1298 2721 7.
1331 2676 1499 2722 Divina
1523 2681 1582 2722 M.
1606 2677 1745 2722 Tullii
1767 2675 2017 2737 eloquentia
2033 2699 2094 2707 —

273 2752 494 2798 Catilinae
510 2752 663 2813 fregit
692 2753 927 2798 audaciam
957 2762 1002 2798 et
1026 2751 1403 2816 supplicationes,
1435 2757 1518 2817 qui
1544 2757 1770 2800 maximus
1797 2754 1934 2798 ltonor
1958 2752 2096 2796 victo-

269 2832 395 2876 ribus
421 2830 533 2875 bello
561 2830 748 2875 ducibus
775 2831 934 2888 datur,
966 2833 1015 2876 in
1042 2841 1146 2894 toga
1172 2834 1347 2878 meruit.
1410 2835 1489 2878 nio
1507 2845 1687 2879 xxxvn.
1716 2835 1791 2877 36.
1815 2836 1856 2877 3.
1890 2833 1990 2876 Καὶ
2015 2828 2095 2876 ἐπ’

272 2910 447 2961 αὐτοῖς
471 2912 553 2955 καὶ
576 2912 734 2955 θυσία
763 2913 845 2955 καὶ
874 2912 1126 2971 ἱερομηνία
1151 2910 1430 2972 ἐψηφίσθη,
1469 2913 1498 2958 δ
1523 2910 1804 2974 μηπώποτε
1827 2910 1909 2957 ἐπὶ
1938 2911 2099 2956 τοιού-

271 3008 337 3051 τῳ
367 2992 468 3035 τινὶ
500 2987 731 3052 ἐγεγόνει.
794 2987 859 3032 Id.
884 3000 987 3032 nv.
1015 2993 1138 3035 1246.
1161 2995 1203 3037 3.
1236 2994 1337 3038 Καὶ
1359 2994 1523 3038 θῦσαι
1552 2994 1633 3038 καὶ
1655 2989 1886 3054 ἑορτάσαι
1914 2988 1992 3048 ἐφ’
2024 2979 2099 3041 οἷς

273 3063 527 3115 ὑπατεύων
557 3066 768 3127 ἐποίησα
799 3065 1139 3127 ἐψηφίσασθε,
1177 3069 1296 3132 ὅπερ
1327 3070 1492 3117 οὐδενὶ
1525 3069 1721 3118 πώποτε
1751 3070 1881 3134 ἄλλῳ
1903 3070 1976 3131 ’μή
2006 3069 2098 3116 οὐκ

275 3146 327 3194 ἐν
355 3146 548 3211 πολέμῳ
578 3146 632 3210 γέ
659 3165 709 3192 τι
743 3147 1101 3209 καταπράξαντι
1133 3146 1342 3212 ἐγένετο.

352 3278 437 3352 (4⁴)
479 3277 680 3332 Eodem
732 3276 823 3330 illo
855 3276 976 3343 die,
1027 3296 1102 3332 111.
1144 3279 1320 3335 Nonas
1362 3281 1608 3336 Decemb.
1651 3282 1746 3354 [=
1785 3283 1817 3334 5
1851 3279 2101 3334 Decemh.

277 3382 382 3433 691
421 3396 495 3428 =
529 3383 565 3431 5
588 3377 743 3432 Febr.
782 3382 853 3432 62
895 3395 942 3433 a.
977 3378 1056 3453 ἃ]
1102 3380 1286 3435 Cicero
1323 3382 1424 3437 sub
1453 3388 1663 3469 noctem
1698 3382 1751 3435 in
1793 3382 2101 3435 concionem

280 3475 620 3558 progressus,
660 3478 903 3549 Oratione
930 3481 1082 3537 tertia
1109 3487 1161 3536 et
1194 3485 1329 3554 quae
1351 3485 1405 3540 in
1434 3489 1625 3548 senatu
1652 3488 1770 3539 acta
1805 3488 1982 3538 essent
2016 3498 2103 3538 ex-
