2150 3990
433 267 486 321 L.
512 267 571 320 v.
615 283 660 319 ο.
685 263 842 321 xxx.
886 261 925 338 g
953 266 1020 318 76
1058 295 1133 303 -
1171 262 1426 319 0.xxx1.
1469 264 1508 336 g
1535 268 1618 319 79.
1829 269 1935 321 229

118 418 387 474 Romanus
431 419 689 483 sentiret,
728 414 957 472 ostendit
998 416 1052 470 in
1092 414 1260 479 ludis,
1299 431 1432 487 quos
1473 414 1697 470 faciebat
1735 414 1926 470 Lentu-

115 519 214 574 lus,
296 520 364 575 Et
395 524 621 591 utroque
648 520 703 574 in
736 534 929 591 genere
961 515 1287 571 declaratum
1321 522 1418 570 est.
1500 515 1770 579 Primum,
1804 532 1929 570 non·

114 619 244 675 dum
296 617 479 674 audito
523 616 1012 682 senatusconsulto,
1076 616 1280 671 rumori
1349 613 1449 688 ipsi
1502 621 1662 688 atque
1727 615 1931 671 absenti

115 720 325 775 senatui
357 717 576 791 plausus
615 724 696 773 est
735 718 800 773 ab
840 718 1104 773 universis
1142 716 1330 781 datuS,
1369 715 1561 771 deinde
1600 715 1935 771 senatoribus

113 816 341 890 singulis
380 824 680 890 spectatum
719 835 748 873 e
782 823 971 873 senatu
1009 816 1383 872 redeuntibus:
1424 833 1590 888 quum
1630 833 1756 872 vero
1795 818 1935 889 ipse,

114 919 207 992 qui
234 917 388 974 ludos
414 916 663 985 faciebat,
693 919 878 974 consul
911 917 1133 984 assedit,
1167 924 1371 973 stantes
1397 923 1451 973 et
1486 916 1733 972 manibus
1766 918 1937 990 passis

114 1019 317 1092 gratias
372 1025 591 1092 agentes
642 1026 695 1075 et
757 1019 1099 1075 lacrimantes
1169 1018 1364 1092 gaudio
1428 1035 1581 1098 suam
1654 1034 1781 1090 erga
1850 1035 1938 1073 me

115 1119 537 1176 benevolentiam
589 1137 650 1175 ac
699 1120 1124 1175 misericordiam
1163 1120 1526 1176 declararunt.
1625 1119 1729 1185 At,
1769 1135 1936 1191 quum

121 1220 208 1276 ille
258 1218 580 1276 furibundus
631 1221 855 1274 incitata
908 1220 998 1274 illa
1038 1237 1135 1275 sua
1186 1220 1399 1275 vecordi
1438 1226 1618 1274 mente
1681 1219 1942 1282 venisset,

119 1321 207 1375 vix
246 1337 303 1375 se
325 1303 568 1392 ¹populus
605 1319 878 1373 Romanus
910 1319 1118 1379 tenuit:
1152 1319 1241 1371 vix
1283 1318 1526 1372 homines
1558 1318 1741 1372 odium
1781 1333 1939 1371 suum

121 1437 151 1476 a
181 1433 401 1492 corpore
439 1418 556 1473 eius
595 1417 808 1489 impuro
847 1423 1007 1488 atque
1048 1414 1267 1471 infando
1305 1423 1694 1488 represserunt.
1777 1416 1943 1471 Voces

120 1515 336 1594 quidem
374 1524 427 1574 et
478 1517 779 1591 palmarum
821 1518 1063 1573 intentus
1103 1523 1157 1572 et
1195 1516 1603 1572 maledictorum
1655 1517 1943 1572 clamorem

120 1635 304 1676 omnes
348 1617 717 1693 profuderunt.
802 1622 888 1674 78.
931 1619 1071 1683 1⁴:1¹,
1117 1619 1372 1691 quoniam
1421 1617 1561 1673 lacta
1615 1619 1817 1674 mentio
1866 1626 1947 1674 est

121 1718 401 1785 ludorum,
441 1735 508 1775 ne
546 1717 678 1775 illud
704 1718 920 1792 quidem
955 1719 1414 1792 praetermittam,
1455 1719 1510 1773 in
1550 1735 1745 1791 magna
1778 1720 1946 1775 varie·

125 1819 236 1876 tate
274 1819 664 1876 sententiarum
686 1861 701 1886 ,
747 1836 1045 1893 numquam
1079 1818 1251 1874 ullum
1292 1817 1457 1874 fuisse
1489 1817 1697 1885 locum,
1750 1820 1805 1874 in
1846 1837 1951 1893 quo

122 1920 325 1995 aliquid
350 1937 382 1977 a
407 1926 564 1996 poeta
594 1920 801 1977 dictum
827 1921 1019 1977 cadere
1051 1923 1107 1976 in
1134 1927 1349 1994 tempus
1381 1926 1626 1975 nostrum
1654 1920 1951 1985 videretur,

116 2014 396 2095 *quod-aut
422 2020 683 2095 ‘populum
723 2021 1036 2077 universum
1076 2020 1322 2092 fugeret,
1355 2027 1450 2075 aut
1483 2037 1587 2075 non
1627 2022 1952 2094 exprimeret

59 2160 62 2163 -
125 2122 238 2195 ipse
269 2127 433 2178 actor.
526 2121 713 2190 Quae²
752 2127 871 2176 tum
922 2120 1245 2193 significatio
1285 2119 1449 2175 fuerit
1487 2121 1764 2187 omnium,
1816 2138 1954 2194 quae

125 2221 414 2278 declaratio
450 2219 744 2276 voluntatis
777 2220 843 2275 ab
882 2221 1132 2275 universo
1164 2219 1358 2293 populo
1396 2219 1635 2275 Romano
1674 2221 1728 2275 in
1761 2238 1950 2277 caussa

127 2322 360 2378 hominis
391 2337 496 2376 non
530 2320 831 2394 populariS,
870 2321 1118 2393 equidem
1147 2320 1455 2375 audiebam:
1484 2321 1793 2377 existimare
1827 2321 1949 2378 saci·

124 2425 229 2480 lius
258 2429 513 2498 possunt,
551 2421 644 2495 qui
683 2419 987 2477 adsuerunt.

147 2658 153 2663 ·
198 2625 386 2684 XXXI.
470 2629 556 2683 79.
599 2625 696 2691 Et,
746 2627 999 2699 quoniam
1052 2641 1138 2682 me
1178 2625 1283 2682 buc
1323 2628 1567 2700 provexit
1624 2630 1823 2693 oratio,
1872 2629 1948 2685 hi-

128 2728 275 2784 strio
298 2728 484 2783 casum
523 2743 704 2784 meum
744 2729 903 2783 toties
932 2725 1319 2783 collacrimavit
1341 2770 1355 2793 ,
1394 2745 1562 2801 quum
1604 2730 1680 2785 ita
1713 2730 1953 2786 dolenter

21 2820 26 2830 '
129 2834 311 2900 ageret
343 2837 590 2885 caussam
623 2845 829 2894 meam,
859 2814 930 2884 ut
974 2846 1074 2884 vox
1114 2830 1232 2885 eius
1271 2828 1361 2885 illa
1399 2830 1673 2903 praeclara
1713 2832 1952 2887 lacrimis

129 2926 497 3000 impediretur.
575 2927 757 3001 Neque
802 2934 985 3002 poetae
1006 2974 1020 2995 ,
1067 2946 1297 3002 quorum
1343 2947 1441 3002 ego
1482 2948 1692 3003 semper
1737 2933 1952 3004 ingenia

129 3028 320 3093 dilexi,
353 3028 581 3101 tempori
609 3045 727 3084 meo
758 3028 1075 3086 defuerunt:
1118 3047 1284 3104 eaque
1310 3031 1537 3104 populus
1558 3032 1829 3087 Romanus
1850 3050 1953 3089 non

130 3128 302 3184 solum
337 3127 528 3201 plausu
550 3171 563 3193 ,
598 3129 689 3184 sed
730 3130 891 3185 etiam
926 3132 1132 3202 gemitu
1170 3149 1267 3187 suo
1295 3131 1674 3205 comprobavit.
1756 3133 1948 3190 Utrum

132 3230 300 3301 igitur
351 3229 482 3285 haec
535 3230 798 3303 Aesopum
846 3232 1023 3303 potius
1077 3250 1172 3305 pro
1225 3251 1310 3288 1110
1357 3241 1449 3288 aut
1503 3235 1725 3289 Accium
1776 3234 1953 3290 dicere

131 3331 395 3402 oportuit,
445 3333 491 3386 si
548 3331 772 3404 populus
825 3333 1094 3388 Romanus
1155 3334 1287 3388 liber
1340 3342 1512 3399 esset,
1566 3351 1633 3389 an
1686 3336 1952 3409 principes

196 3577 234 3633 ι)
267 3574 375 3621 lhid.
412 3577 558 3634 §na
594 3602 649 3609 .-
687 3579 723 3634 2)
760 3574 864 3620 lbid.
901 3593 935 3621 ο.
955 3579 1025 3621 57.
1061 3578 1205 3632 §122
