<?xml version="1.0" encoding="UTF-8"?>
<!DOCTYPE html PUBLIC "-//W3C//DTD XHTML 1.0 Transitional//EN"
    "http://www.w3.org/TR/xhtml1/DTD/xhtml1-transitional.dtd">
<html xmlns="http://www.w3.org/1999/xhtml" xml:lang="en" lang="en">
 <head>
  <title>
</title>
<meta http-equiv="Content-Type" content="text/html;charset=utf-8" />
  <meta name='ocr-system' content='tesseract 3.04.00' />
  <meta name='ocr-capabilities' content='ocr_page ocr_carea ocr_par ocr_line ocrx_word'/>
</head>
<body>
  <div class='ocr_page' id='page_1' title='image "./mtulliiciceronis00suriuoft/mtulliiciceronis00suriuoft_0294.png"; bbox 0 0 2150 3990; ppageno 0'>
   <div class='ocr_carea' id='block_1_1' title="bbox 143 252 1383 303">
    <p class='ocr_par' dir='ltr' id='par_1_1' title="bbox 143 252 1383 303">
     <span class='ocr_line' id='line_1_1' title="bbox 143 252 1383 303; baseline 0.002 -2"><span class='ocrx_word' id='word_1_1' title='bbox 143 252 246 301; x_wconf 69' lang='lat'><strong>276</strong></span> <span class='ocrx_word' id='word_1_2' title='bbox 720 259 927 303; x_wconf 63' lang='lat' dir='ltr'><strong>cicinno</strong></span> <span class='ocrx_word' id='word_1_3' title='bbox 975 265 1045 302; x_wconf 77' lang='lat' dir='ltr'><strong>DE</strong></span> <span class='ocrx_word' id='word_1_4' title='bbox 1095 265 1230 303; x_wconf 72' lang='lat' dir='ltr'><strong>vm</strong></span> <span class='ocrx_word' id='word_1_5' title='bbox 1281 259 1383 303; x_wconf 70' lang='lat' dir='ltr'><strong>su‘A</strong></span> 
     </span>
    </p>
   </div>
   <div class='ocr_carea' id='block_1_2' title="bbox 127 397 1981 1973">
    <p class='ocr_par' dir='ltr' id='par_1_2' title="bbox 127 397 1981 1973">
     <span class='ocr_line' id='line_1_2' title="bbox 137 397 1981 470; baseline 0.001 -18"><span class='ocrx_word' id='word_1_6' title='bbox 137 399 427 454; x_wconf 74' lang='lat' dir='ltr'><strong>fabricatus</strong></span> <span class='ocrx_word' id='word_1_7' title='bbox 465 398 704 469; x_wconf 84' lang='lat' dir='ltr'>gladium</span> <span class='ocrx_word' id='word_1_8' title='bbox 752 406 833 453; x_wconf 90' lang='lat' dir='ltr'><strong>est</strong></span> <span class='ocrx_word' id='word_1_9' title='bbox 873 406 926 453; x_wconf 90' lang='lat' dir='ltr'><strong>et</strong></span> <span class='ocrx_word' id='word_1_10' title='bbox 971 398 1226 462; x_wconf 86' lang='lat' dir='ltr'><strong>vendidit,</strong></span> <span class='ocrx_word' id='word_1_11' title='bbox 1306 415 1410 453; x_wconf 91' lang='lat' dir='ltr'><strong>non</strong></span> <span class='ocrx_word' id='word_1_12' title='bbox 1446 401 1518 462; x_wconf 83' lang='lat' dir='ltr'><strong>is,</strong></span> <span class='ocrx_word' id='word_1_13' title='bbox 1557 399 1651 470; x_wconf 87' lang='lat' dir='ltr'><strong>qui</strong></span> <span class='ocrx_word' id='word_1_14' title='bbox 1685 397 1775 452; x_wconf 91' lang='lat' dir='ltr'><strong>illo</strong></span> <span class='ocrx_word' id='word_1_15' title='bbox 1807 399 1981 470; x_wconf 84' lang='lat' dir='ltr'><strong>gladio</strong></span> 
     </span>
     <span class='ocr_line' id='line_1_3' title="bbox 132 496 1966 570; baseline 0 -17"><span class='ocrx_word' id='word_1_16' title='bbox 132 500 306 556; x_wconf 85' lang='lat' dir='ltr'><strong>civem</strong></span> <span class='ocrx_word' id='word_1_17' title='bbox 359 498 592 570; x_wconf 81' lang='lat' dir='ltr'>aliquem</span> <span class='ocrx_word' id='word_1_18' title='bbox 633 499 924 553; x_wconf 82' lang='lat' dir='ltr'><strong>interemit.</strong></span> <span class='ocrx_word' id='word_1_19' title='bbox 1023 503 1111 553; x_wconf 82' lang='lat'><strong>81.</strong></span> <span class='ocrx_word' id='word_1_20' title='bbox 1155 498 1255 551; x_wconf 91' lang='lat' dir='ltr'><strong>In¹</strong></span> <span class='ocrx_word' id='word_1_21' title='bbox 1303 496 1478 552; x_wconf 88' lang='lat' dir='ltr'><strong>dando</strong></span> <span class='ocrx_word' id='word_1_22' title='bbox 1515 503 1698 552; x_wconf 85' lang='lat' dir='ltr'><strong>autem</strong></span> <span class='ocrx_word' id='word_1_23' title='bbox 1748 503 1803 552; x_wconf 89' lang='lat' dir='ltr'><strong>et</strong></span> <span class='ocrx_word' id='word_1_24' title='bbox 1853 516 1966 553; x_wconf 87' lang='lat' dir='ltr'><strong>cre·</strong></span> 
     </span>
     <span class='ocr_line' id='line_1_4' title="bbox 136 597 1970 671; baseline 0 -19"><span class='ocrx_word' id='word_1_25' title='bbox 136 598 309 653; x_wconf 86' lang='lat' dir='ltr'><strong>dendo</strong></span> <span class='ocrx_word' id='word_1_26' title='bbox 350 600 609 671; x_wconf 86' lang='lat' dir='ltr'><strong>processit</strong></span> <span class='ocrx_word' id='word_1_27' title='bbox 649 599 891 671; x_wconf 87' lang='lat' dir='ltr'><strong>longius:</strong></span> <span class='ocrx_word' id='word_1_28' title='bbox 935 616 1032 654; x_wconf 90' lang='lat' dir='ltr'><strong>nec</strong></span> <span class='ocrx_word' id='word_1_29' title='bbox 1073 615 1226 653; x_wconf 91' lang='lat' dir='ltr'><strong>suam</strong></span> <span class='ocrx_word' id='word_1_30' title='bbox 1267 597 1439 652; x_wconf 91' lang='lat' dir='ltr'><strong>solum</strong></span> <span class='ocrx_word' id='word_1_31' title='bbox 1479 599 1762 669; x_wconf 87' lang='lat' dir='ltr'><strong>pecuniam</strong></span> <span class='ocrx_word' id='word_1_32' title='bbox 1800 597 1970 652; x_wconf 84' lang='lat' dir='ltr'><strong>credi-</strong></span> 
     </span>
     <span class='ocr_line' id='line_1_5' title="bbox 134 698 1969 770; baseline 0.001 -18"><span class='ocrx_word' id='word_1_33' title='bbox 134 699 242 763; x_wconf 85' lang='lat' dir='ltr'><strong>dit,</strong></span> <span class='ocrx_word' id='word_1_34' title='bbox 295 698 388 753; x_wconf 89' lang='lat' dir='ltr'><strong>sed</strong></span> <span class='ocrx_word' id='word_1_35' title='bbox 438 700 605 753; x_wconf 87' lang='lat' dir='ltr'><strong>etiam</strong></span> <span class='ocrx_word' id='word_1_36' title='bbox 657 701 972 753; x_wconf 86' lang='lat' dir='ltr'><strong>amicorum.</strong></span> <span class='ocrx_word' id='word_1_37' title='bbox 1055 699 1255 754; x_wconf 82' lang='lat' dir='ltr'><strong>Stulte:</strong></span> <span class='ocrx_word' id='word_1_38' title='bbox 1299 699 1420 770; x_wconf 91' lang='lat' dir='ltr'><strong>quis</strong></span> <span class='ocrx_word' id='word_1_39' title='bbox 1460 698 1660 770; x_wconf 79' lang='lat' dir='ltr'><strong>negat?</strong></span> <span class='ocrx_word' id='word_1_40' title='bbox 1714 705 1808 753; x_wconf 91' lang='lat' dir='ltr'><strong>aut</strong></span> <span class='ocrx_word' id='word_1_41' title='bbox 1848 700 1969 769; x_wconf 91' lang='lat' dir='ltr'><strong>quis</strong></span> 
     </span>
     <span class='ocr_line' id='line_1_6' title="bbox 137 798 1970 865; baseline 0.001 -14"><span class='ocrx_word' id='word_1_42' title='bbox 137 799 244 852; x_wconf 89' lang='lat' dir='ltr'><strong>iam</strong></span> <span class='ocrx_word' id='word_1_43' title='bbox 294 815 397 851; x_wconf 92' lang='lat' dir='ltr'><strong>non</strong></span> <span class='ocrx_word' id='word_1_44' title='bbox 439 798 727 852; x_wconf 80' lang='lat' dir='ltr'><strong>admonet?</strong></span> <span class='ocrx_word' id='word_1_45' title='bbox 808 798 958 865; x_wconf 87' lang='lat' dir='ltr'><strong>Quod</strong></span> <span class='ocrx_word' id='word_1_46' title='bbox 1011 798 1149 852; x_wconf 88' lang='lat' dir='ltr'><strong>male</strong></span> <span class='ocrx_word' id='word_1_47' title='bbox 1201 798 1425 863; x_wconf 88' lang='lat' dir='ltr'><strong>cecidit,</strong></span> <span class='ocrx_word' id='word_1_48' title='bbox 1477 798 1611 854; x_wconf 92' lang='lat' dir='ltr'><strong>bene</strong></span> <span class='ocrx_word' id='word_1_49' title='bbox 1662 798 1970 853; x_wconf 87' lang='lat' dir='ltr'><strong>consultum</strong></span> 
     </span>
     <span class='ocr_line' id='line_1_7' title="bbox 134 896 1969 968; baseline 0.001 -16"><span class='ocrx_word' id='word_1_50' title='bbox 134 903 351 968; x_wconf 89' lang='lat' dir='ltr'><strong>putares</strong></span> <span class='ocrx_word' id='word_1_51' title='bbox 375 897 393 949; x_wconf 85' lang='lat'>?</span> <span class='ocrx_word' id='word_1_52' title='bbox 474 897 583 950; x_wconf 90' lang='lat' dir='ltr'><strong>Hoc</strong></span> <span class='ocrx_word' id='word_1_53' title='bbox 605 903 625 933; x_wconf 83' lang='lat'><strong>²</strong></span> <span class='ocrx_word' id='word_1_54' title='bbox 659 898 804 951; x_wconf 88' lang='lat' dir='ltr'><strong>enim</strong></span> <span class='ocrx_word' id='word_1_55' title='bbox 830 897 1147 968; x_wconf 84' lang='lat' dir='ltr'><strong>plerumque</strong></span> <span class='ocrx_word' id='word_1_56' title='bbox 1174 896 1431 961; x_wconf 77' lang='lat' dir='ltr'><strong>facimUS,</strong></span> <span class='ocrx_word' id='word_1_57' title='bbox 1471 904 1534 952; x_wconf 91' lang='lat' dir='ltr'><strong>ut</strong></span> <span class='ocrx_word' id='word_1_58' title='bbox 1565 898 1788 953; x_wconf 89' lang='lat' dir='ltr'><strong>consilia</strong></span> <span class='ocrx_word' id='word_1_59' title='bbox 1815 915 1969 953; x_wconf 79' lang='lat' dir='ltr'><strong>even—</strong></span> 
     </span>
     <span class='ocr_line' id='line_1_8' title="bbox 133 996 1970 1068; baseline 0.002 -17"><span class='ocrx_word' id='word_1_60' title='bbox 133 999 204 1051; x_wconf 87' lang='lat' dir='ltr'><strong>tis</strong></span> <span class='ocrx_word' id='word_1_61' title='bbox 251 997 607 1068; x_wconf 87' lang='lat' dir='ltr'><strong>ponderemus</strong></span> <span class='ocrx_word' id='word_1_62' title='bbox 628 1038 642 1062; x_wconf 85' lang='lat'>‚</span> <span class='ocrx_word' id='word_1_63' title='bbox 701 1003 790 1061; x_wconf 88' lang='lat' dir='ltr'><strong>et,</strong></span> <span class='ocrx_word' id='word_1_64' title='bbox 843 998 932 1050; x_wconf 89' lang='lat' dir='ltr'><strong>cui</strong></span> <span class='ocrx_word' id='word_1_65' title='bbox 972 997 1105 1051; x_wconf 90' lang='lat' dir='ltr'><strong>bene</strong></span> <span class='ocrx_word' id='word_1_66' title='bbox 1145 996 1276 1068; x_wconf 87' lang='lat' dir='ltr'><strong>quid</strong></span> <span class='ocrx_word' id='word_1_67' title='bbox 1328 999 1684 1068; x_wconf 90' lang='lat' dir='ltr'><strong>processerit,</strong></span> <span class='ocrx_word' id='word_1_68' title='bbox 1735 998 1970 1054; x_wconf 89' lang='lat' dir='ltr'><strong>multum</strong></span> 
     </span>
     <span class='ocr_line' id='line_1_9' title="bbox 132 1096 1971 1168; baseline 0.003 -19"><span class='ocrx_word' id='word_1_69' title='bbox 132 1096 281 1150; x_wconf 88' lang='lat' dir='ltr'><strong>illum</strong></span> <span class='ocrx_word' id='word_1_70' title='bbox 336 1096 659 1168; x_wconf 88' lang='lat' dir='ltr'><strong>providisse,</strong></span> <span class='ocrx_word' id='word_1_71' title='bbox 720 1097 810 1151; x_wconf 92' lang='lat' dir='ltr'><strong>cui</strong></span> <span class='ocrx_word' id='word_1_72' title='bbox 856 1113 1041 1162; x_wconf 83' lang='lat' dir='ltr'><strong>secuS,</strong></span> <span class='ocrx_word' id='word_1_73' title='bbox 1096 1096 1231 1150; x_wconf 89' lang='lat' dir='ltr'>nihil</span> <span class='ocrx_word' id='word_1_74' title='bbox 1283 1097 1516 1151; x_wconf 88' lang='lat' dir='ltr'><strong>sensisse</strong></span> <span class='ocrx_word' id='word_1_75' title='bbox 1553 1097 1838 1153; x_wconf 42' lang='lat' dir='ltr'><strong>dicamust-</strong></span> <span class='ocrx_word' id='word_1_76' title='bbox 1913 1098 1971 1156; x_wconf 90' lang='lat' dir='ltr'><strong>Si</strong></span> 
     </span>
     <span class='ocr_line' id='line_1_10' title="bbox 130 1196 1972 1270; baseline 0.002 -19"><span class='ocrx_word' id='word_1_77' title='bbox 130 1197 424 1251; x_wconf 84' lang='lat' dir='ltr'><strong>exstitisset</strong></span> <span class='ocrx_word' id='word_1_78' title='bbox 477 1198 532 1251; x_wconf 92' lang='lat' dir='ltr'><strong>in</strong></span> <span class='ocrx_word' id='word_1_79' title='bbox 586 1214 712 1268; x_wconf 88' lang='lat' dir='ltr'><strong>rege</strong></span> <span class='ocrx_word' id='word_1_80' title='bbox 766 1196 924 1262; x_wconf 82' lang='lat' dir='ltr'><strong>fides,</strong></span> <span class='ocrx_word' id='word_1_81' title='bbox 978 1196 1113 1251; x_wconf 91' lang='lat' dir='ltr'><strong>nihil</strong></span> <span class='ocrx_word' id='word_1_82' title='bbox 1165 1197 1466 1269; x_wconf 88' lang='lat' dir='ltr'><strong>sapientius</strong></span> <span class='ocrx_word' id='word_1_83' title='bbox 1504 1197 1793 1260; x_wconf 72' lang='lat' dir='ltr'><strong>Postumo:</strong></span> <span class='ocrx_word' id='word_1_84' title='bbox 1844 1199 1972 1270; x_wconf 85' lang='lat' dir='ltr'><strong>quia</strong></span> 
     </span>
     <span class='ocr_line' id='line_1_11' title="bbox 130 1295 1972 1363; baseline 0.002 -12"><span class='ocrx_word' id='word_1_85' title='bbox 130 1295 315 1352; x_wconf 82' lang='lat' dir='ltr'><strong>fefellit</strong></span> <span class='ocrx_word' id='word_1_86' title='bbox 354 1315 478 1363; x_wconf 90' lang='lat' dir='ltr'><strong>rex,</strong></span> <span class='ocrx_word' id='word_1_87' title='bbox 530 1297 666 1352; x_wconf 92' lang='lat' dir='ltr'><strong>nihil</strong></span> <span class='ocrx_word' id='word_1_88' title='bbox 706 1297 804 1352; x_wconf 89' lang='lat' dir='ltr'><strong>hoc</strong></span> <span class='ocrx_word' id='word_1_89' title='bbox 844 1299 1115 1352; x_wconf 87' lang='lat' dir='ltr'><strong>amentius</strong></span> <span class='ocrx_word' id='word_1_90' title='bbox 1153 1297 1389 1353; x_wconf 87' lang='lat' dir='ltr'><strong>dicitur:</strong></span> <span class='ocrx_word' id='word_1_91' title='bbox 1429 1304 1492 1352; x_wconf 91' lang='lat' dir='ltr'><strong>ut</strong></span> <span class='ocrx_word' id='word_1_92' title='bbox 1531 1298 1640 1353; x_wconf 85' lang='lat' dir='ltr'><strong>iam</strong></span> <span class='ocrx_word' id='word_1_93' title='bbox 1679 1298 1972 1355; x_wconf 86' lang='lat' dir='ltr'><strong>nihilesse</strong></span> 
     </span>
     <span class='ocr_line' id='line_1_12' title="bbox 128 1397 1967 1470; baseline 0.002 -19"><span class='ocrx_word' id='word_1_94' title='bbox 128 1397 399 1462; x_wconf 83' lang='lat' dir='ltr'><strong>videatur,</strong></span> <span class='ocrx_word' id='word_1_95' title='bbox 440 1398 545 1452; x_wconf 92' lang='lat' dir='ltr'><strong>nisi</strong></span> <span class='ocrx_word' id='word_1_96' title='bbox 585 1397 853 1462; x_wconf 88' lang='lat' dir='ltr'><strong>divinare,</strong></span> <span class='ocrx_word' id='word_1_97' title='bbox 895 1399 1170 1470; x_wconf 84' lang='lat' dir='ltr'><strong>sapientiS.</strong></span> <span class='ocrx_word' id='word_1_98' title='bbox 1232 1398 1376 1453; x_wconf 80' lang='lat' dir='ltr'><strong>Sed³</strong></span> <span class='ocrx_word' id='word_1_99' title='bbox 1415 1405 1498 1453; x_wconf 90' lang='lat' dir='ltr'><strong>est</strong></span> <span class='ocrx_word' id='word_1_100' title='bbox 1525 1397 1741 1454; x_wconf 87' lang='lat' dir='ltr'><strong>difficile</strong></span> <span class='ocrx_word' id='word_1_101' title='bbox 1773 1400 1967 1464; x_wconf 80' lang='lat' dir='ltr'><strong>etiam,</strong></span> 
     </span>
     <span class='ocr_line' id='line_1_13' title="bbox 129 1496 1971 1572; baseline 0.002 -21"><span class='ocrx_word' id='word_1_102' title='bbox 129 1496 270 1568; x_wconf 89' lang='lat' dir='ltr'><strong>quod</strong></span> <span class='ocrx_word' id='word_1_103' title='bbox 304 1514 431 1551; x_wconf 91' lang='lat' dir='ltr'><strong>cum</strong></span> <span class='ocrx_word' id='word_1_104' title='bbox 471 1514 564 1569; x_wconf 89' lang='lat' dir='ltr'><strong>spe</strong></span> <span class='ocrx_word' id='word_1_105' title='bbox 602 1514 799 1568; x_wconf 85' lang='lat' dir='ltr'><strong>magna</strong></span> <span class='ocrx_word' id='word_1_106' title='bbox 838 1498 913 1551; x_wconf 92' lang='lat' dir='ltr'><strong>sis</strong></span> <span class='ocrx_word' id='word_1_107' title='bbox 953 1499 1230 1568; x_wconf 84' lang='lat' dir='ltr'><strong>ingressus</strong></span> <span class='ocrx_word' id='word_1_108' title='bbox 1250 1540 1265 1563; x_wconf 90' lang='lat'>‚</span> <span class='ocrx_word' id='word_1_109' title='bbox 1305 1498 1361 1552; x_wconf 90' lang='lat' dir='ltr'><strong>id</strong></span> <span class='ocrx_word' id='word_1_110' title='bbox 1400 1516 1506 1555; x_wconf 87' lang='lat' dir='ltr'><strong>non</strong></span> <span class='ocrx_word' id='word_1_111' title='bbox 1538 1501 1758 1571; x_wconf 85' lang='lat' dir='ltr'><strong>exsequi</strong></span> <span class='ocrx_word' id='word_1_112' title='bbox 1798 1516 1971 1572; x_wconf 88' lang='lat' dir='ltr'><strong>usque</strong></span> 
     </span>
     <span class='ocr_line' id='line_1_14' title="bbox 132 1597 1967 1670; baseline 0 -17"><span class='ocrx_word' id='word_1_113' title='bbox 132 1599 198 1653; x_wconf 89' lang='lat' dir='ltr'><strong>ad</strong></span> <span class='ocrx_word' id='word_1_114' title='bbox 252 1604 573 1654; x_wconf 86' lang='lat' dir='ltr'><strong>extremum.</strong></span> <span class='ocrx_word' id='word_1_115' title='bbox 655 1597 890 1670; x_wconf 83' lang='lat' dir='ltr'><strong>Supplex</strong></span> <span class='ocrx_word' id='word_1_116' title='bbox 929 1604 1046 1652; x_wconf 88' lang='lat' dir='ltr'><strong>erat</strong></span> <span class='ocrx_word' id='word_1_117' title='bbox 1085 1616 1208 1660; x_wconf 76' lang='lat' dir='ltr'><strong>rex:</strong></span> <span class='ocrx_word' id='word_1_118' title='bbox 1267 1599 1439 1657; x_wconf 87' lang='lat' dir='ltr'><strong>multa</strong></span> <span class='ocrx_word' id='word_1_119' title='bbox 1477 1600 1735 1670; x_wconf 85' lang='lat' dir='ltr'><strong>rogabat;</strong></span> <span class='ocrx_word' id='word_1_120' title='bbox 1788 1601 1967 1655; x_wconf 88' lang='lat' dir='ltr'><strong>omnia</strong></span> 
     </span>
     <span class='ocr_line' id='line_1_15' title="bbox 133 1697 1970 1771; baseline 0.003 -20"><span class='ocrx_word' id='word_1_121' title='bbox 133 1697 511 1771; x_wconf 83' lang='lat' dir='ltr'><strong>pollicebatur:</strong></span> <span class='ocrx_word' id='word_1_122' title='bbox 541 1703 603 1752; x_wconf 91' lang='lat' dir='ltr'><strong>ut</strong></span> <span class='ocrx_word' id='word_1_123' title='bbox 631 1698 738 1752; x_wconf 91' lang='lat' dir='ltr'><strong>iam</strong></span> <span class='ocrx_word' id='word_1_124' title='bbox 772 1704 1014 1753; x_wconf 88' lang='lat' dir='ltr'><strong>metuere</strong></span> <span class='ocrx_word' id='word_1_125' title='bbox 1040 1699 1331 1754; x_wconf 90' lang='lat' dir='ltr'><strong>Postumus</strong></span> <span class='ocrx_word' id='word_1_126' title='bbox 1354 1705 1671 1770; x_wconf 82' lang='lat' dir='ltr'><strong>cogeretur,</strong></span> <span class='ocrx_word' id='word_1_127' title='bbox 1703 1715 1796 1765; x_wconf 83' lang='lat' dir='ltr'><strong>ne,</strong></span> <span class='ocrx_word' id='word_1_128' title='bbox 1829 1698 1970 1771; x_wconf 80' lang='lat' dir='ltr'><strong>quod</strong></span> 
     </span>
     <span class='ocr_line' id='line_1_16' title="bbox 130 1798 1971 1870; baseline 0.004 -18"><span class='ocrx_word' id='word_1_129' title='bbox 130 1798 434 1853; x_wconf 79' lang='lat' dir='ltr'><strong>crediderat</strong></span> <span class='ocrx_word' id='word_1_130' title='bbox 455 1826 499 1863; x_wconf 92' lang='lat'><strong>,·</strong></span> <span class='ocrx_word' id='word_1_131' title='bbox 536 1798 821 1870; x_wconf 87' lang='lat' dir='ltr'><strong>perderet,</strong></span> <span class='ocrx_word' id='word_1_132' title='bbox 888 1800 934 1854; x_wconf 91' lang='lat' dir='ltr'><strong>si</strong></span> <span class='ocrx_word' id='word_1_133' title='bbox 992 1798 1247 1854; x_wconf 88' lang='lat' dir='ltr'><strong>credendi</strong></span> <span class='ocrx_word' id='word_1_134' title='bbox 1305 1800 1676 1864; x_wconf 87' lang='lat' dir='ltr'><strong>constituisset</strong></span> <span class='ocrx_word' id='word_1_135' title='bbox 1730 1799 1971 1860; x_wconf 76' lang='lat' dir='ltr'><strong>modum.</strong></span> 
     </span>
     <span class='ocr_line' id='line_1_17' title="bbox 127 1898 1972 1973; baseline 0.002 -20"><span class='ocrx_word' id='word_1_136' title='bbox 127 1899 269 1954; x_wconf 90' lang='lat' dir='ltr'><strong>Nihil</strong></span> <span class='ocrx_word' id='word_1_137' title='bbox 328 1906 511 1954; x_wconf 87' lang='lat' dir='ltr'><strong>autem</strong></span> <span class='ocrx_word' id='word_1_138' title='bbox 564 1905 683 1954; x_wconf 89' lang='lat' dir='ltr'><strong>erat</strong></span> <span class='ocrx_word' id='word_1_139' title='bbox 729 1899 819 1953; x_wconf 93' lang='lat' dir='ltr'><strong>illo</strong></span> <span class='ocrx_word' id='word_1_140' title='bbox 865 1898 1150 1965; x_wconf 87' lang='lat' dir='ltr'><strong>blandius,</strong></span> <span class='ocrx_word' id='word_1_141' title='bbox 1204 1900 1340 1955; x_wconf 87' lang='lat' dir='ltr'><strong>nihil</strong></span> <span class='ocrx_word' id='word_1_142' title='bbox 1392 1901 1492 1956; x_wconf 85' lang='lat' dir='ltr'><strong>hoc</strong></span> <span class='ocrx_word' id='word_1_143' title='bbox 1542 1901 1855 1973; x_wconf 85' lang='lat' dir='ltr'><strong>benignius:</strong></span> <span class='ocrx_word' id='word_1_144' title='bbox 1910 1907 1972 1957; x_wconf 85' lang='lat' dir='ltr'><strong>ut</strong></span> 
     </span>
    </p>
   </div>
   <div class='ocr_carea' id='block_1_3' title="bbox 127 2001 2062 2074">
    <p class='ocr_par' dir='ltr' id='par_1_3' title="bbox 127 2001 2062 2074">
     <span class='ocr_line' id='line_1_18' title="bbox 127 2001 2062 2074; baseline 0.002 -20"><span class='ocrx_word' id='word_1_145' title='bbox 127 2001 301 2072; x_wconf 86' lang='lat' dir='ltr'><strong>magis</strong></span> <span class='ocrx_word' id='word_1_146' title='bbox 333 2001 629 2072; x_wconf 88' lang='lat' dir='ltr'><strong>poeniteret</strong></span> <span class='ocrx_word' id='word_1_147' title='bbox 659 2001 921 2073; x_wconf 88' lang='lat' dir='ltr'><strong>coepisse,</strong></span> <span class='ocrx_word' id='word_1_148' title='bbox 963 2017 1125 2074; x_wconf 86' lang='lat' dir='ltr'><strong>quam</strong></span> <span class='ocrx_word' id='word_1_149' title='bbox 1152 2001 1340 2057; x_wconf 89' lang='lat' dir='ltr'><strong>liceret</strong></span> <span class='ocrx_word' id='word_1_150' title='bbox 1360 2002 1636 2057; x_wconf 82' lang='lat' dir='ltr'><strong>desistere.</strong></span> <span class='ocrx_word' id='word_1_151' title='bbox 1663 2054 1666 2056; x_wconf 87' lang='lat'>.</span> <span class='ocrx_word' id='word_1_152' title='bbox 1696 2005 1788 2057; x_wconf 72' lang='lat'><strong>82.</strong></span> <span class='ocrx_word' id='word_1_153' title='bbox 1831 2001 1970 2057; x_wconf 73' lang='lat' dir='ltr'><strong>Sed‘²</strong></span> <span class='ocrx_word' id='word_1_154' title='bbox 2044 2020 2062 2039; x_wconf 87' lang='lat'><strong>·</strong></span> 
     </span>
    </p>
   </div>
   <div class='ocr_carea' id='block_1_4' title="bbox 120 2101 1970 3281">
    <p class='ocr_par' dir='ltr' id='par_1_4' title="bbox 120 2101 1970 3281">
     <span class='ocr_line' id='line_1_19' title="bbox 126 2101 1968 2174; baseline 0.002 -19"><span class='ocrx_word' id='word_1_155' title='bbox 126 2108 305 2155; x_wconf 90' lang='lat' dir='ltr'><strong>tamen</strong></span> <span class='ocrx_word' id='word_1_156' title='bbox 328 2143 343 2166; x_wconf 92' lang='lat'><strong>,</strong></span> <span class='ocrx_word' id='word_1_157' title='bbox 396 2102 442 2154; x_wconf 91' lang='lat' dir='ltr'><strong>si</strong></span> <span class='ocrx_word' id='word_1_158' title='bbox 487 2102 581 2172; x_wconf 87' lang='lat' dir='ltr'><strong>qui</strong></span> <span class='ocrx_word' id='word_1_159' title='bbox 622 2101 829 2156; x_wconf 89' lang='lat' dir='ltr'><strong>iudices</strong></span> <span class='ocrx_word' id='word_1_160' title='bbox 869 2101 1018 2156; x_wconf 89' lang='lat' dir='ltr'><strong>illam</strong></span> <span class='ocrx_word' id='word_1_161' title='bbox 1071 2102 1315 2157; x_wconf 90' lang='lat' dir='ltr'><strong>Postumi</strong></span> <span class='ocrx_word' id='word_1_162' title='bbox 1360 2103 1474 2157; x_wconf 89' lang='lat' dir='ltr'><strong>sive</strong></span> <span class='ocrx_word' id='word_1_163' title='bbox 1517 2103 1735 2157; x_wconf 90' lang='lat' dir='ltr'><strong>inanem</strong></span> <span class='ocrx_word' id='word_1_164' title='bbox 1788 2119 1968 2174; x_wconf 86' lang='lat' dir='ltr'><strong>spem,</strong></span> 
     </span>
     <span class='ocr_line' id='line_1_20' title="bbox 123 2201 1964 2276; baseline -0.002 -16"><span class='ocrx_word' id='word_1_165' title='bbox 123 2202 235 2260; x_wconf 87' lang='lat' dir='ltr'><strong>sive</strong></span> <span class='ocrx_word' id='word_1_166' title='bbox 276 2201 636 2256; x_wconf 85' lang='lat' dir='ltr'><strong>inconsultam</strong></span> <span class='ocrx_word' id='word_1_167' title='bbox 676 2202 941 2257; x_wconf 88' lang='lat' dir='ltr'><strong>rationem</strong></span> <span class='ocrx_word' id='word_1_168' title='bbox 982 2203 1095 2257; x_wconf 91' lang='lat' dir='ltr'><strong>sive</strong></span> <span class='ocrx_word' id='word_1_169' title='bbox 1138 2201 1222 2276; x_wconf 90' lang='lat' dir='ltr'><strong>(ut</strong></span> <span class='ocrx_word' id='word_1_170' title='bbox 1262 2202 1581 2273; x_wconf 87' lang='lat' dir='ltr'><strong>gravissimo</strong></span> <span class='ocrx_word' id='word_1_171' title='bbox 1618 2202 1780 2258; x_wconf 89' lang='lat' dir='ltr'><strong>verbo</strong></span> <span class='ocrx_word' id='word_1_172' title='bbox 1818 2203 1964 2276; x_wconf 88' lang='lat' dir='ltr'><strong>utar)</strong></span> 
     </span>
     <span class='ocr_line' id='line_1_21' title="bbox 124 2303 1965 2377; baseline 0.003 -22"><span class='ocrx_word' id='word_1_173' title='bbox 124 2304 485 2358; x_wconf 86' lang='lat' dir='ltr'><strong>temeritatem</strong></span> <span class='ocrx_word' id='word_1_174' title='bbox 507 2346 522 2369; x_wconf 91' lang='lat'>‚</span> <span class='ocrx_word' id='word_1_175' title='bbox 570 2303 983 2376; x_wconf 87' lang='lat' dir='ltr'><strong>vituperandam</strong></span> <span class='ocrx_word' id='word_1_176' title='bbox 1029 2309 1321 2376; x_wconf 78' lang='lat' dir='ltr'><strong>putarent,</strong></span> <span class='ocrx_word' id='word_1_177' title='bbox 1358 2320 1459 2376; x_wconf 90' lang='lat' dir='ltr'><strong>ego</strong></span> <span class='ocrx_word' id='word_1_178' title='bbox 1498 2320 1685 2359; x_wconf 88' lang='lat' dir='ltr'><strong>eorum</strong></span> <span class='ocrx_word' id='word_1_179' title='bbox 1724 2305 1965 2377; x_wconf 73' lang='lat' dir='ltr'><strong>opinioni</strong></span> 
     </span>
     <span class='ocr_line' id='line_1_22' title="bbox 126 2404 1969 2477; baseline 0.002 -20"><span class='ocrx_word' id='word_1_180' title='bbox 126 2421 230 2457; x_wconf 92' lang='lat' dir='ltr'><strong>non</strong></span> <span class='ocrx_word' id='word_1_181' title='bbox 270 2405 594 2476; x_wconf 85' lang='lat' dir='ltr'><strong>repugnavi:</strong></span> <span class='ocrx_word' id='word_1_182' title='bbox 636 2404 770 2459; x_wconf 88' lang='lat' dir='ltr'><strong>illud</strong></span> <span class='ocrx_word' id='word_1_183' title='bbox 803 2411 984 2459; x_wconf 88' lang='lat' dir='ltr'><strong>tamen</strong></span> <span class='ocrx_word' id='word_1_184' title='bbox 1019 2405 1339 2477; x_wconf 86' lang='lat' dir='ltr'><strong>deprecatus</strong></span> <span class='ocrx_word' id='word_1_185' title='bbox 1369 2422 1520 2471; x_wconf 88' lang='lat' dir='ltr'><strong>sum,</strong></span> <span class='ocrx_word' id='word_1_186' title='bbox 1560 2411 1657 2471; x_wconf 84' lang='lat' dir='ltr'><strong>ut,</strong></span> <span class='ocrx_word' id='word_1_187' title='bbox 1689 2422 1873 2477; x_wconf 84' lang='lat' dir='ltr'><strong>-quum</strong></span> <span class='ocrx_word' id='word_1_188' title='bbox 1899 2406 1969 2463; x_wconf 79' lang='lat' dir='ltr'><strong>ab</strong></span> 
     </span>
     <span class='ocr_line' id='line_1_23' title="bbox 125 2502 1968 2575; baseline 0.003 -19"><span class='ocrx_word' id='word_1_189' title='bbox 125 2504 241 2575; x_wconf 89' lang='lat' dir='ltr'><strong>ipsa</strong></span> <span class='ocrx_word' id='word_1_190' title='bbox 274 2502 489 2557; x_wconf 78' lang='lat' dir='ltr'><strong>fortuna</strong></span> <span class='ocrx_word' id='word_1_191' title='bbox 527 2503 901 2558; x_wconf 88' lang='lat' dir='ltr'><strong>crudelissime</strong></span> <span class='ocrx_word' id='word_1_192' title='bbox 934 2504 1180 2559; x_wconf 90' lang='lat' dir='ltr'><strong>viderent</strong></span> <span class='ocrx_word' id='word_1_193' title='bbox 1213 2504 1378 2559; x_wconf 90' lang='lat' dir='ltr'><strong>huius</strong></span> <span class='ocrx_word' id='word_1_194' title='bbox 1408 2504 1635 2560; x_wconf 88' lang='lat' dir='ltr'><strong>consilia</strong></span> <span class='ocrx_word' id='word_1_195' title='bbox 1671 2522 1789 2560; x_wconf 90' lang='lat' dir='ltr'><strong>esse</strong></span> <span class='ocrx_word' id='word_1_196' title='bbox 1828 2505 1968 2570; x_wconf 73' lang='lat' dir='ltr'><strong>mul-</strong></span> 
     </span>
     <span class='ocr_line' id='line_1_24' title="bbox 124 2602 1965 2677; baseline 0.001 -18"><span class='ocrx_word' id='word_1_197' title='bbox 124 2611 266 2659; x_wconf 89' lang='lat' dir='ltr'><strong>ctata</strong></span> <span class='ocrx_word' id='word_1_198' title='bbox 288 2646 303 2670; x_wconf 92' lang='lat'><strong><em>,</em></strong></span> <span class='ocrx_word' id='word_1_199' title='bbox 356 2620 423 2658; x_wconf 89' lang='lat' dir='ltr'><strong>ne</strong></span> <span class='ocrx_word' id='word_1_200' title='bbox 455 2603 586 2675; x_wconf 86' lang='lat' dir='ltr'><strong>quid</strong></span> <span class='ocrx_word' id='word_1_201' title='bbox 625 2602 694 2658; x_wconf 87' lang='lat' dir='ltr'><strong>ad</strong></span> <span class='ocrx_word' id='word_1_202' title='bbox 740 2620 830 2658; x_wconf 90' lang='lat' dir='ltr'><strong>eas</strong></span> <span class='ocrx_word' id='word_1_203' title='bbox 868 2605 1087 2669; x_wconf 71' lang='lat' dir='ltr'><strong>ruinas.</strong></span> <span class='ocrx_word' id='word_1_204' title='bbox 1126 2604 1324 2676; x_wconf 88' lang='lat' dir='ltr'><strong>quibus</strong></span> <span class='ocrx_word' id='word_1_205' title='bbox 1364 2604 1452 2659; x_wconf 89' lang='lat' dir='ltr'><strong>hic</strong></span> <span class='ocrx_word' id='word_1_206' title='bbox 1489 2621 1780 2677; x_wconf 82' lang='lat' dir='ltr'><strong>oppressus</strong></span> <span class='ocrx_word' id='word_1_207' title='bbox 1818 2612 1965 2672; x_wconf 82' lang='lat' dir='ltr'><strong>erat,</strong></span> 
     </span>
     <span class='ocr_line' id='line_1_25' title="bbox 124 2693 1965 2778; baseline 0.002 -19"><span class='ocrx_word' id='word_1_208' title='bbox 124 2704 429 2760; x_wconf 88' lang='lat' dir='ltr'><strong>addendum</strong></span> <span class='ocrx_word' id='word_1_209' title='bbox 481 2704 794 2760; x_wconf 86' lang='lat' dir='ltr'><strong>acerbitatis</strong></span> <span class='ocrx_word' id='word_1_210' title='bbox 844 2711 1117 2777; x_wconf 88' lang='lat' dir='ltr'><strong>putarent.</strong></span> <span class='ocrx_word' id='word_1_211' title='bbox 1218 2705 1349 2760; x_wconf 79' lang='lat' dir='ltr'><strong>Sic⁵</strong></span> <span class='ocrx_word' id='word_1_212' title='bbox 1407 2722 1505 2777; x_wconf 87' lang='lat' dir='ltr'><strong>ego</strong></span> <span class='ocrx_word' id='word_1_213' title='bbox 1551 2705 1711 2761; x_wconf 87' lang='lat' dir='ltr'><strong>fidem</strong></span> <span class='ocrx_word' id='word_1_214' title='bbox 1731 2747 1748 2771; x_wconf 89' lang='lat'>,</span> <span class='ocrx_word' id='word_1_215' title='bbox 1800 2693 1965 2778; x_wconf 75' lang='lat' dir='ltr'><strong>quam</strong></span> 
     </span>
     <span class='ocr_line' id='line_1_26' title="bbox 124 2805 1970 2879; baseline 0.001 -19"><span class='ocrx_word' id='word_1_216' title='bbox 124 2807 312 2877; x_wconf 91' lang='lat' dir='ltr'><strong>potui,</strong></span> <span class='ocrx_word' id='word_1_217' title='bbox 365 2806 612 2879; x_wconf 89' lang='lat' dir='ltr'><strong>praestiti</strong></span> <span class='ocrx_word' id='word_1_218' title='bbox 651 2806 904 2861; x_wconf 89' lang='lat' dir='ltr'><strong>Postumo</strong></span> <span class='ocrx_word' id='word_1_219' title='bbox 955 2812 1010 2860; x_wconf 92' lang='lat' dir='ltr'><strong>et</strong></span> <span class='ocrx_word' id='word_1_220' title='bbox 1047 2805 1258 2860; x_wconf 87' lang='lat' dir='ltr'><strong>reddidi</strong></span> <span class='ocrx_word' id='word_1_221' title='bbox 1296 2806 1549 2861; x_wconf 85' lang='lat' dir='ltr'><strong>lacrimas</strong></span> <span class='ocrx_word' id='word_1_222' title='bbox 1569 2846 1585 2871; x_wconf 89' lang='lat'><strong><em>,</em></strong></span> <span class='ocrx_word' id='word_1_223' title='bbox 1637 2823 1773 2878; x_wconf 87' lang='lat' dir='ltr'><strong>quas</strong></span> <span class='ocrx_word' id='word_1_224' title='bbox 1809 2805 1970 2862; x_wconf 76' lang='lat' dir='ltr'><strong>debe-</strong></span> 
     </span>
     <span class='ocr_line' id='line_1_27' title="bbox 122 2905 1960 2979; baseline 0.002 -19"><span class='ocrx_word' id='word_1_225' title='bbox 122 2905 281 2961; x_wconf 90' lang='lat' dir='ltr'><strong>bam:</strong></span> <span class='ocrx_word' id='word_1_226' title='bbox 323 2908 480 2962; x_wconf 89' lang='lat' dir='ltr'><strong>cuius</strong></span> <span class='ocrx_word' id='word_1_227' title='bbox 513 2925 612 2979; x_wconf 89' lang='lat' dir='ltr'><strong>ego</strong></span> <span class='ocrx_word' id='word_1_228' title='bbox 646 2908 703 2961; x_wconf 92' lang='lat' dir='ltr'><strong>in</strong></span> <span class='ocrx_word' id='word_1_229' title='bbox 742 2924 861 2961; x_wconf 90' lang='lat' dir='ltr'><strong>meo</strong></span> <span class='ocrx_word' id='word_1_230' title='bbox 893 2924 1023 2961; x_wconf 90' lang='lat' dir='ltr'><strong>casu</strong></span> <span class='ocrx_word' id='word_1_231' title='bbox 1062 2906 1326 2978; x_wconf 89' lang='lat' dir='ltr'><strong>plurimas</strong></span> <span class='ocrx_word' id='word_1_232' title='bbox 1365 2907 1654 2962; x_wconf 61' lang='lat' dir='ltr'><strong>videram.⁴</strong></span> <span class='ocrx_word' id='word_1_233' title='bbox 1703 2907 1960 2963; x_wconf 86' lang='lat' dir='ltr'><strong>Versaba-</strong></span> 
     </span>
     <span class='ocr_line' id='line_1_28' title="bbox 123 3008 1962 3081; baseline 0.002 -20"><span class='ocrx_word' id='word_1_234' title='bbox 123 3014 215 3061; x_wconf 89' lang='lat' dir='ltr'><strong>tur</strong></span> <span class='ocrx_word' id='word_1_235' title='bbox 259 3009 406 3064; x_wconf 90' lang='lat' dir='ltr'><strong>enim</strong></span> <span class='ocrx_word' id='word_1_236' title='bbox 459 3015 584 3063; x_wconf 89' lang='lat' dir='ltr'><strong>ante</strong></span> <span class='ocrx_word' id='word_1_237' title='bbox 627 3008 810 3063; x_wconf 90' lang='lat' dir='ltr'><strong>oculos</strong></span> <span class='ocrx_word' id='word_1_238' title='bbox 847 3008 1093 3062; x_wconf 89' lang='lat' dir='ltr'><strong>luctuosa</strong></span> <span class='ocrx_word' id='word_1_239' title='bbox 1133 3025 1238 3063; x_wconf 89' lang='lat' dir='ltr'><strong>nox</strong></span> <span class='ocrx_word' id='word_1_240' title='bbox 1284 3009 1420 3063; x_wconf 91' lang='lat' dir='ltr'><strong>meis</strong></span> <span class='ocrx_word' id='word_1_241' title='bbox 1461 3008 1740 3075; x_wconf 84' lang='lat' dir='ltr'><strong>omnibuS‚</strong></span> <span class='ocrx_word' id='word_1_242' title='bbox 1791 3026 1962 3081; x_wconf 81' lang='lat' dir='ltr'><strong>quum</strong></span> 
     </span>
     <span class='ocr_line' id='line_1_29' title="bbox 121 3107 1958 3181; baseline 0.001 -21"><span class='ocrx_word' id='word_1_243' title='bbox 121 3107 208 3162; x_wconf 90' lang='lat' dir='ltr'><strong>hic</strong></span> <span class='ocrx_word' id='word_1_244' title='bbox 251 3114 424 3163; x_wconf 89' lang='lat' dir='ltr'><strong>totum</strong></span> <span class='ocrx_word' id='word_1_245' title='bbox 458 3127 514 3164; x_wconf 92' lang='lat' dir='ltr'><strong>se</strong></span> <span class='ocrx_word' id='word_1_246' title='bbox 548 3126 674 3164; x_wconf 92' lang='lat' dir='ltr'><strong>cum</strong></span> <span class='ocrx_word' id='word_1_247' title='bbox 714 3109 827 3163; x_wconf 90' lang='lat' dir='ltr'><strong>suis</strong></span> <span class='ocrx_word' id='word_1_248' title='bbox 861 3109 1029 3181; x_wconf 90' lang='lat' dir='ltr'><strong>copiis</strong></span> <span class='ocrx_word' id='word_1_249' title='bbox 1068 3108 1135 3163; x_wconf 89' lang='lat' dir='ltr'><strong>ad</strong></span> <span class='ocrx_word' id='word_1_250' title='bbox 1175 3126 1262 3163; x_wconf 91' lang='lat' dir='ltr'><strong>me</strong></span> <span class='ocrx_word' id='word_1_251' title='bbox 1295 3107 1509 3163; x_wconf 86' lang='lat' dir='ltr'><strong>detulit.</strong></span> <span class='ocrx_word' id='word_1_252' title='bbox 1590 3109 1768 3176; x_wconf 85' lang='lat' dir='ltr'><strong>Quum</strong></span> <span class='ocrx_word' id='word_1_253' title='bbox 1798 3110 1958 3163; x_wconf 88' lang='lat' dir='ltr'><strong>comi-</strong></span> 
     </span>
     <span class='ocr_line' id='line_1_30' title="bbox 120 3207 1958 3281; baseline 0 -19"><span class='ocrx_word' id='word_1_254' title='bbox 120 3207 302 3273; x_wconf 84' lang='lat' dir='ltr'><strong>tibus,</strong></span> <span class='ocrx_word' id='word_1_255' title='bbox 354 3226 523 3280; x_wconf 88' lang='lat' dir='ltr'><strong>quum</strong></span> <span class='ocrx_word' id='word_1_256' title='bbox 563 3208 857 3281; x_wconf 87' lang='lat' dir='ltr'><strong>praesidio,</strong></span> <span class='ocrx_word' id='word_1_257' title='bbox 910 3226 1077 3280; x_wconf 86' lang='lat' dir='ltr'><strong>quum</strong></span> <span class='ocrx_word' id='word_1_258' title='bbox 1118 3210 1282 3264; x_wconf 90' lang='lat' dir='ltr'><strong>etiam</strong></span> <span class='ocrx_word' id='word_1_259' title='bbox 1329 3215 1480 3264; x_wconf 89' lang='lat' dir='ltr'><strong>tanto</strong></span> <span class='ocrx_word' id='word_1_260' title='bbox 1525 3209 1757 3280; x_wconf 86' lang='lat' dir='ltr'><strong>pondere</strong></span> <span class='ocrx_word' id='word_1_261' title='bbox 1809 3210 1958 3274; x_wconf 86' lang='lat' dir='ltr'><strong>auri,</strong></span> 
     </span>
    </p>
   </div>
   <div class='ocr_carea' id='block_1_5' title="bbox 130 3371 342 3384">
    <p class='ocr_par' dir='ltr' id='par_1_5' title="bbox 130 3371 342 3384">
     <span class='ocr_line' id='line_1_31' title="bbox 130 3371 342 3384; baseline 0 606"><span class='ocrx_word' id='word_1_262' title='bbox 130 3371 342 3384; x_wconf 95' lang='lat' dir='ltr'><strong> </strong></span> 
     </span>
    </p>
   </div>
   <div class='ocr_carea' id='block_1_6' title="bbox 118 3473 1956 3612">
    <p class='ocr_par' dir='ltr' id='par_1_6' title="bbox 118 3473 1956 3612">
     <span class='ocr_line' id='line_1_32' title="bbox 182 3473 1956 3539; baseline 0.003 -22"><span class='ocrx_word' id='word_1_263' title='bbox 182 3477 219 3533; x_wconf 72' lang='grc' dir='ltr'><strong>ι)</strong></span> <span class='ocrx_word' id='word_1_264' title='bbox 251 3473 360 3518; x_wconf 85' lang='lat' dir='ltr'><strong>lbid.</strong></span> <span class='ocrx_word' id='word_1_265' title='bbox 393 3489 428 3518; x_wconf 89' lang='lat' dir='ltr'><strong>c.</strong></span> <span class='ocrx_word' id='word_1_266' title='bbox 447 3477 489 3519; x_wconf 83' lang='lat'><strong>2.</strong></span> <span class='ocrx_word' id='word_1_267' title='bbox 523 3475 608 3531; x_wconf 81' lang='lat'><strong>§5.</strong></span> <span class='ocrx_word' id='word_1_268' title='bbox 642 3502 700 3509; x_wconf 90' lang='lat'><strong>—-</strong></span> <span class='ocrx_word' id='word_1_269' title='bbox 736 3479 776 3535; x_wconf 62' lang='grc' dir='ltr'><strong>α)</strong></span> <span class='ocrx_word' id='word_1_270' title='bbox 807 3476 970 3523; x_wconf 69' lang='lat' dir='ltr'><strong>[biche.</strong></span> <span class='ocrx_word' id='word_1_271' title='bbox 989 3480 1029 3522; x_wconf 86' lang='lat'><strong>1.</strong></span> <span class='ocrx_word' id='word_1_272' title='bbox 1061 3479 1146 3535; x_wconf 64' lang='lat' dir='ltr'><strong>§L</strong></span> <span class='ocrx_word' id='word_1_273' title='bbox 1177 3505 1233 3513; x_wconf 93' lang='lat'><strong>--</strong></span> <span class='ocrx_word' id='word_1_274' title='bbox 1267 3480 1307 3538; x_wconf 85' lang='lat'><strong>3)</strong></span> <span class='ocrx_word' id='word_1_275' title='bbox 1334 3477 1443 3523; x_wconf 72' lang='lat' dir='ltr'><strong>ibid,</strong></span> <span class='ocrx_word' id='word_1_276' title='bbox 1472 3494 1509 3523; x_wconf 85' lang='lat' dir='ltr'><strong>e.</strong></span> <span class='ocrx_word' id='word_1_277' title='bbox 1528 3481 1567 3525; x_wconf 81' lang='lat'><strong>2.</strong></span> <span class='ocrx_word' id='word_1_278' title='bbox 1595 3481 1680 3536; x_wconf 79' lang='lat'><strong>§5.</strong></span> <span class='ocrx_word' id='word_1_279' title='bbox 1707 3506 1762 3514; x_wconf 91' lang='lat'><strong>—</strong></span> <span class='ocrx_word' id='word_1_280' title='bbox 1787 3480 1829 3539; x_wconf 79' lang='lat'><strong>4)</strong></span> <span class='ocrx_word' id='word_1_281' title='bbox 1848 3476 1956 3523; x_wconf 73' lang='lat' dir='ltr'><strong>lbid.</strong></span> 
     </span>
     <span class='ocr_line' id='line_1_33' title="bbox 118 3550 938 3612; baseline 0.004 -16"><span class='ocrx_word' id='word_1_282' title='bbox 118 3568 153 3598; x_wconf 78' lang='lat' dir='ltr'><strong>c.</strong></span> <span class='ocrx_word' id='word_1_283' title='bbox 175 3555 215 3597; x_wconf 78' lang='grc' dir='ltr'><strong>ι.</strong></span> <span class='ocrx_word' id='word_1_284' title='bbox 248 3552 331 3610; x_wconf 65' lang='lat' dir='ltr'><strong>§z</strong></span> <span class='ocrx_word' id='word_1_285' title='bbox 365 3578 422 3585; x_wconf 82' lang='lat'><strong>—-</strong></span> <span class='ocrx_word' id='word_1_286' title='bbox 453 3554 493 3611; x_wconf 83' lang='lat'><strong>⁵)</strong></span> <span class='ocrx_word' id='word_1_287' title='bbox 524 3550 788 3598; x_wconf 83' lang='lat' dir='ltr'><strong>lbid.c.17.</strong></span> <span class='ocrx_word' id='word_1_288' title='bbox 824 3556 938 3612; x_wconf 60' lang='lat'><strong>§42</strong></span> 
     </span>
    </p>
   </div>
  </div>
 </body>
</html>
