2210 3970
581 248 634 305 L.
660 249 722 304 x.
765 240 815 304 οξ
835 250 899 305 11.
944 248 982 323 g
1010 254 1038 302 5
1080 279 1153 287 -
1194 248 1349 302 0.1V.
1394 249 1431 321 5
1459 252 1506 302 8.
1877 253 1982 304 457

155 400 286 456 alios
324 399 651 465 levaremus,
692 407 744 455 ct
785 401 839 455 in
874 401 1019 455 omni
1058 398 1448 472 disputatione,
1488 398 1618 472 quid
1652 405 1793 455 esset
1819 400 1984 453 simil-

159 500 350 556 limum
370 501 510 566 veri,
543 516 940 573 quaereremus
1005 505 1053 555 7.
1082 499 1213 556 Hic¹
1255 499 1311 554 in
1333 498 1580 554 omnibus
1600 498 1711 554 l'cre
1731 501 1987 554 sermoni-

156 600 286 667 huS,
333 601 427 672 qui
460 599 526 655 ab
571 599 686 664 his,
738 602 832 672 qui
873 599 1025 656 illum
1064 599 1389 664 audierunt,
1430 599 1715 672 perscripti
1755 597 1903 653 varie
1935 606 1990 654 et

155 701 365 773 copiose
402 682 582 763 sunt,⁴
617 701 691 755 ita
731 700 998 773 disputat,
1052 707 1113 756 ut
1153 698 1289 755 nihil
1328 697 1561 754 affirmet
1593 700 1741 770 ipse,
1782 697 1989 754 refellat

155 800 319 855 alios:
361 799 495 856 nihil
529 817 587 856 se
620 802 759 857 scire
793 801 973 867 dicat,
1023 802 1128 856 nisi
1168 799 1222 855 id
1262 800 1468 873 ipsum;
1508 815 1675 871 eoque
1714 806 1988 872 praestare

154 901 378 966 ceteriS‚
417 900 558 974 quod
599 901 704 968 illi,
745 919 882 975 quae
911 904 1184 967 nesciant,
1223 901 1364 956 scire
1402 917 1460 957 se
1497 907 1725 974 putent,
1767 902 1903 973 ipse,
1931 918 1989 957 se

151 1001 288 1058 nihil
325 1003 502 1069 scire,
542 983 598 1058 id
638 1020 808 1060 unum
841 1004 1005 1066 sciat;
1044 1003 1110 1059 oh
1146 1020 1371 1075 eamque
1403 1019 1518 1058 rem
1551 1019 1610 1058 se
1634 1002 1890 1058 arbitrari
1922 1001 1988 1057 ab

154 1102 397 1176 Apolline
434 1105 677 1160 omnium
716 1106 1178 1179 sapientissimum
1222 1121 1338 1161 esse
1376 1103 1613 1169 dictum,
1666 1103 1808 1177 quod
1854 1102 1986 1160 haec

153 1210 294 1259 esset
331 1221 441 1261 una
484 1207 658 1261 omnis
696 1196 985 1279 sapientia,
1045 1222 1151 1260 non
1190 1204 1445 1260 arbitrari
1484 1220 1600 1259 sese
1642 1205 1804 1269 scire,
1843 1204 1985 1277 quod

151 1306 375 1362 nesciat.
454 1305 601 1375 Quae
639 1323 809 1379 quum
847 1306 1051 1361 diceret
1084 1311 1423 1369 constanter,
1463 1311 1517 1359 et
1546 1306 1600 1359 in
1630 1321 1692 1360 ea
1718 1305 1986 1380 sententia

150 1414 526 1479 permaneret,
581 1407 758 1462 omnis
797 1407 915 1461 eius
953 1406 1124 1461 oratio
1171 1411 1287 1460 tum
1328 1406 1383 1460 in
1430 1406 1632 1460 virtute
1684 1404 1950 1460 laudanda
1973 1449 1986 1470 ,

149 1506 294 1562 etin
333 1505 581 1563 omnibus
619 1505 928 1562 hominibus
962 1505 1029 1562 ad
1080 1505 1300 1561 virtutis
1351 1503 1594 1560 studium
1645 1504 1988 1561 cohortandis

150 1606 567 1664 consumebatur
587 1648 602 1673 ,
659 1613 723 1663 ut
762 1625 792 1663 e
831 1606 1231 1663 Socraticorum
1278 1605 1456 1671 libris,
1497 1607 1839 1679 maximeque
1873 1605 1986 1662 Pla·

150 1709 318 1776 tonis,
351 1708 579 1782 intelligi
618 1715 808 1782 potest.

140 1958 144 1963 .
224 1912 316 1970 IV.
396 1918 449 1970 8.
489 1914 727 1970 Platonis
753 1917 935 1971 autem
968 1911 1327 1980 auctoritate,
1368 1913 1461 1988 qui
1498 1912 1681 1970 varius
1714 1921 1768 1969 et
1806 1912 1988 1968 multi·

149 2013 270 2087 plex
300 2021 356 2070 et
395 2016 642 2088 copiosus
680 2015 819 2081 fuit,
860 2032 969 2072 una
1003 2023 1058 2072 et
1092 2017 1433 2072 consentiens
1473 2014 1683 2071 duobus
1716 2013 1989 2071 vocabulis

151 2113 516 2189 philosophiae
554 2115 726 2172 forma
763 2117 1015 2173 instituta
1047 2123 1159 2183 est,
1197 2116 1643 2173 Academicorum
1682 2123 1737 2172 et
1776 2116 1988 2187 Peripa·

149 2215 467 2272 teticorum:
506 2217 631 2289 qui,
670 2217 833 2273 rebus
865 2223 1224 2289 congruentes
1245 2259 1261 2282 ‚
1301 2216 1609 2272 nominibus
1648 2214 1985 2271 differebant.

149 2313 284 2372 Nam
302 2356 319 2382 ,
358 2332 528 2388 quum
562 2316 947 2391 Speusippum,
986 2318 1186 2373 sororis
1213 2316 1411 2382 filium,
1451 2316 1602 2372 Plato
1621 2307 1988 2389 philosophiae

150 2415 306 2488 quasi
361 2415 614 2472 heredem
670 2417 1011 2490 reliquisset:
1069 2417 1203 2472 duos
1251 2423 1437 2472 autem
1493 2416 1988 2489 praestantissimos

149 2515 331 2572 studio
355 2523 518 2589 atque
549 2515 820 2583 doctrina,
857 2517 1218 2574 Xenocratem
1244 2516 1663 2573 chalcedonium
1695 2523 1750 2572 et
1783 2516 1985 2573 Aristo·

147 2616 308 2673 telem
348 2616 690 2690 Stagiritem:
744 2619 839 2692 qui
891 2625 1048 2674 erant
1089 2635 1215 2674 cum
1267 2616 1584 2683 Aristotele,
1640 2617 1987 2690 Peripatetici

146 2714 280 2773 dicti
319 2722 484 2783 sunt,
536 2719 667 2791 quia
717 2719 1064 2792 disputabant
1109 2718 1504 2774 inambulantes
1551 2719 1607 2773 in
1652 2718 1849 2793 Lycio:
1910 2717 1986 2773 illi

148 2822 331 2874 autem
352 2858 369 2882 ,
411 2820 506 2891 qui
537 2819 775 2876 Platonis
808 2820 1059 2877 instituto
1087 2823 1143 2876 in
1183 2820 1501 2886 Academia,
1540 2819 1683 2892 quod
1723 2827 1806 2875 est
1850 2818 1985 2875 alte·

149 2933 274 2973 rum
311 2919 657 2991 gymnasium
679 2960 715 2992 ,ι
751 2927 936 2976 coetus
974 2929 1131 2978 erant
1168 2929 1223 2978 et
1262 2938 1536 2977 sermones
1578 2920 1774 2976 habere
1813 2919 1985 2984 soliti,

146 3035 179 3073 e
218 3017 323 3074 loci
368 3019 624 3075 vocabulo
663 3038 856 3077 nomen
902 3022 1225 3079 habuerunt.
1306 3022 1410 3079 Sed
1449 3022 1695 3094 utrique,
1749 3020 1985 3076 Platonis

146 3118 392 3176 ubertate
432 3121 719 3194 completi,
766 3129 970 3179 certam
1009 3124 1298 3197 quamdam
1346 3122 1659 3196 disciplinae
1698 3120 1983 3178 formulam

147 3228 600 3294 composuerunt,
654 3229 707 3277 et
747 3240 865 3279 eam
908 3224 1124 3297 quidem
1165 3225 1377 3298 plenam
1418 3241 1480 3278 ac
1514 3222 1802 3285 refertam;
1836 3222 1983 3278 illam

147 3326 328 3377 autem
359 3322 689 3379 Socraticam
724 3323 1113 3382 dubitationem
1148 3326 1214 3381 de
1242 3325 1489 3381 omnihus
1523 3324 1712 3389 rebus,
1754 3332 1806 3379 et
1839 3323 1983 3378 nulla

209 3572 245 3628 ¹)
280 3571 406 3619 Acad.
441 3577 596 3619 Poster.
628 3579 659 3619 1.
694 3593 727 3620 υ.
758 3580 796 3620 4.
824 3579 943 3635 §16.
