2210 3970
643 259 1054 298 M.'rui.1.1us
1111 259 1392 297 crosno.
1832 245 1936 298 861

102 402 239 440 mutat
271 412 314 454 p.
348 397 456 444 667.
491 397 683 453 proditus
711 412 735 439 a
770 410 877 439 coss.
914 401 959 439 et
986 397 1215 439 derelictus
1243 412 1269 439 a
1302 397 1565 452 principibus
1595 398 1640 438 in
1682 411 1772 452 rep.
1807 399 1937 450 viris,

101 478 214 506 anno
257 466 406 507 aetatis
438 475 532 506 xux
564 465 652 506 abit
689 465 735 505 in
776 464 967 506 exsilium
1005 464 1114 505 669.
1160 478 1235 518 per
1280 464 1469 505 Clodium
1508 464 1590 517 ipsi
1629 477 1738 518 aqua
1771 468 1817 505 et
1849 465 1938 518 igni

104 531 371 572 interdicitur
408 529 516 573 672.
564 531 712 572 domus
753 530 964 571 Ciceronis
999 530 1181 571 diruitur
1200 559 1213 582 ,
1247 531 1370 571 villae
1421 530 1742 582 incenduntur,
1777 532 1940 586 reliqua

100 597 214 652 bona
247 597 505 651 diripiuntur
537 596 644 640 672.

174 651 260 720 (V.)
310 663 362 704 ln
395 662 586 703 exsilium
620 663 834 717 profectus
869 663 951 703 iter
980 676 1104 704 suum
1131 662 1342 703 convertit
1370 663 1415 702 in
1443 663 1667 704 Lucaniam
1698 663 1807 707 675.
1842 664 1941 706 inde

106 728 376 771 Brundisium
394 757 408 781 ,
453 729 755 782 Dyrrhachium
775 758 787 780 ,
834 729 1002 769 tandem
1043 729 1378 780 Thessalonicam
1430 730 1547 770 venit
1583 729 1691 772 676.
1743 730 1817 771 ubi
1866 731 1944 772 Cn.

104 795 300 838 Plancius
332 807 430 836 eum
468 794 720 835 liberalitate
764 807 841 835 sua
886 808 962 848 per
995 808 1066 836 sex
1104 807 1272 835 menses
1307 794 1484 835 retinuit
1520 795 1629 838 676.
1663 797 1815 837 Romae
1849 796 1943 850 lege

107 862 370 918 promulgata
402 875 428 903 a
471 860 655 901 tribunis
674 889 686 912 ,
737 861 879 901 Cicero
925 861 1042 901 redit
1076 860 1379 914 Dyrrhachium
1416 860 1524 904 679.
1594 862 1790 903 Pluribus
1823 863 1945 904 factis

106 927 160 970 de
193 927 429 971 revocando
456 926 655 968 Cicerone
689 927 801 967 SCtis
839 926 929 967 685
946 956 959 978 ‚
994 927 1163 968 tandem
1195 928 1384 969 omnium
1412 929 1698 969 centuriarum
1731 942 1945 971 consensu

107 994 251 1050 Cicero
278 1008 303 1037 a
337 993 493 1049 populo
526 997 747 1035 revocatur
774 993 826 1033 ab
854 994 999 1033 exsilio
1037 994 1145 1035 688.

177 1049 283 1118 (v1.)
326 1060 488 1103 Relicto
521 1059 652 1112 igitur
684 1059 941 1112 Dyrrhachio
965 1060 1233 1101 Brundisium
1262 1061 1404 1112 venit,
1438 1061 1538 1102 inde
1554 1062 1725 1103 Romam
1747 1067 1846 1117 post
1876 1063 1948 1104 ab·

110 1127 290 1170 sentiam
317 1137 404 1169 xvn
435 1126 643 1168 mensium
682 1125 790 1167 690.
857 1126 1002 1166 Redux
1029 1128 1196 1167 senatui
1224 1128 1380 1180 gratias
1407 1128 1496 1181 agit
1523 1133 1568 1168 et
1596 1128 1752 1182 populo
1780 1128 1944 1170 duabus

109 1192 378 1236 Orationibus
415 1191 526 1235 691.
571 1193 616 1233 ἰιι
651 1204 812 1233 summa
855 1205 1048 1233 annonae
1082 1194 1257 1235 caritate
1291 1194 1458 1234 senatui
1490 1199 1638 1242 auctor
1670 1200 1738 1235 est
1771 1200 1820 1235 ut
1853 1196 1946 1236 eius

113 1259 176 1312 rei
201 1273 303 1302 cura
335 1259 622 1301 committatur
655 1259 851 1313 Pompeio
889 1258 999 1299 691.
1066 1260 1244 1301 Senatus
1279 1261 1471 1301 decernit
1504 1266 1554 1301 ut
1580 1261 1728 1302 domus
1757 1262 1949 1303 Ciceroni

113 1325 160 1368 in
193 1325 352 1369 Palatio
383 1330 431 1368 et
461 1325 584 1367 villae
620 1325 788 1380 publice
816 1325 1095 1367 restituantur
1132 1326 1241 1368 693.
1292 1327 1435 1367 Cicero
1467 1327 1643 1368 alterius
1676 1328 1786 1368 vitae
1819 1328 1952 1381 quod·

112 1391 208 1435 dam
251 1392 421 1436 initium
470 1392 634 1434 orditur
674 1391 783 1433 693.
851 1392 1090 1433 Orationem
1135 1393 1264 1433 habet
1296 1393 1349 1434 de
1383 1406 1482 1446 rege
1526 1394 1807 1437 Alexandrino
1838 1395 1948 1436 694.

112 1457 304 1501 defendit
346 1459 392 1502 P.
417 1459 600 1501 Sextium
632 1458 741 1500 695.
779 1459 935 1499 Vatinii
971 1459 1091 1499 testis
1131 1460 1259 1500 vitam
1293 1464 1498 1513 perpetua
1524 1460 1859 1513 interrogatione
1887 1474 1952 1502 re-

111 1525 340 1580 prehendit
369 1525 478 1567 696.
523 1525 712 1567 defendit
747 1526 792 1566 L.
818 1525 1088 1579 Calpurnium
1122 1526 1300 1566 Bestiam
1337 1525 1446 1567 698.
1482 1525 1644 1567 laborat
1688 1531 1738 1567 ut
1770 1527 1949 1568 Senatus

111 1591 372 1648 stipendium
403 1591 605 1634 decernat
636 1591 839 1633 exercitui
873 1592 1057 1632 Caesaris
1090 1596 1136 1633 et
1168 1592 1314 1633 decem
1353 1592 1514 1645 legatos
1552 1592 1661 1634 698.
1712 1593 1950 1635 Orationem

111 1658 245 1710 habet
276 1658 329 1700 de
363 1658 592 1714 provinciis
632 1657 925 1699 consularibus
963 1657 1072 1699 698.
1108 1672 1184 1712 pro
1217 1659 1268 1700 n.
1298 1658 1435 1699 Caelio
1479 1659 1586 1699 Rufo
1625 1659 1735 1700 699.
1786 1674 1862 1714 pro
1900 1661 1946 1701 Ι..

115 1724 310 1768 Cornelio
335 1725 463 1767 Balbo
491 1725 600 1766 699.
635 1738 712 1779 pro
739 1725 790 1766 Μ.
809 1724 946 1777 Cispio
979 1723 1087 1767 701.
1117 1725 1355 1766 Orationem
1380 1725 1508 1766 babet
1530 1726 1574 1766 in
1605 1726 1648 1766 1..
1678 1726 1950 1780 Calpurnium

111 1791 309 1833 Pisonem
342 1790 450 1835 703.
496 1791 685 1832 defendit
711 1791 756 1831 L.
791 1790 1012 1830 Caninium
1051 1790 1216 1832 Gallum
1253 1790 1362 1834 704.
1413 1790 1582 1846 perficit
1623 1791 1952 1846 disputationem

116 1857 169 1899 de
203 1857 374 1899 Oratore
411 1855 520 1902 705.
556 1857 704 1898 scribit
742 1855 794 1896 de
823 1856 1095 1910 Temporibus
1138 1858 1225 1898 suis
1255 1856 1365 1900 705.
1417 1857 1552 1898 Crassi
1590 1858 1635 1898 in
1670 1859 1827 1911 Syriam
1861 1872 1955 1913 pro-

111 1923 219 1968 fecti
251 1936 341 1966 rem
373 1922 563 1965 defendit
588 1923 634 1964 in
677 1926 828 1964 senatu
857 1921 965 1965 706.
1001 1923 1239 1964 Orationem
1266 1923 1395 1964 habet
1422 1924 1475 1965 de
1507 1924 1778 1965 Reatinorum
1806 1939 1954 1966 caussa

121 1987 233 2034 707.
267 2002 344 2046 pro
375 1989 526 2032 lessio
562 1988 671 2038 707.
705 2002 782 2044 pro
814 1989 949 2030 Druso
987 1987 1095 2032 708.
1131 2003 1208 2043 pro
1242 1990 1411 2031 Vatinio
1446 1989 1556 2033 708.
1591 2004 1668 2044 pro
1696 1991 1747 2033 1.
1777 1992 1953 2033 Aemilio

119 2057 273 2098 Scauro
310 2054 419 2099 708.
466 2069 542 2110 pro
581 2056 656 2097 Cn.
684 2055 854 2096 Plancio
903 2054 1012 2098 709.
1065 2069 1162 2097 cum
1205 2056 1255 2096 A.
1286 2056 1462 2098 Gabinio
1513 2057 1557 2096 in
1593 2058 1766 2110 gratiam
1812 2059 1954 2110 redit,

119 2134 303 2177 eumque
348 2121 538 2164 defendit
556 2151 568 2174 ,
612 2122 942 2176 repetundarum
973 2127 1218 2163 accusatum
1255 2121 1364 2165 710.
1410 2123 1650 2164 Orationem
1699 2124 1828 2165 habet
1877 2139 1954 2179 pro

118 2190 162 2231 C.
188 2189 355 2230 Rabirio
389 2189 587 2230 Postumo
618 2187 726 2231 711.
773 2193 939 2243 tempus
972 2178 1179 2243 impendit
1211 2188 1331 2230 libris
1365 2188 1417 2229 de
1445 2190 1548 2243 Rep.
1578 2190 1814 2231 scribendis
1842 2190 1952 2234 711.

117 2257 165 2301 in
200 2256 246 2298 P.
273 2255 410 2296 Crassi
453 2255 594 2296 locum
630 2258 852 2308 cooptatur
886 2256 929 2295 in
971 2255 1198 2308 collegium
1224 2255 1444 2309 Augurum
1476 2255 1584 2298 713.
1620 2256 1811 2298 defendit
1842 2258 1956 2299 nilo·

121 2325 219 2363 nem
258 2321 310 2363 de
353 2322 395 2362 vi
426 2326 669 2363 accusatum
707 2319 815 2364 717.
853 2326 898 2362 et
929 2321 980 2363 M.
1018 2322 1228 2362 Saufeium
1268 2321 1377 2365 718.
1430 2327 1601 2363 accusat
1643 2324 1687 2363 Τ.
1723 2324 1954 2366 Πυυαιίιιιιι

120 2389 322 2430 Plancum
358 2386 466 2432 719.
513 2401 537 2429 e
571 2389 728 2429 Graeco
761 2389 807 2428 in
852 2388 1046 2428 Latinum
1090 2401 1326 2429 sermonem
1366 2390 1578 2429 convertit
1622 2390 1839 2432 Orationes
1871 2391 1953 2433 Ae·

118 2454 280 2497 achinis
308 2459 353 2496 et
383 2455 678 2496 Demosthenis
696 2484 711 2507 ‚
743 2454 899 2508 quibus
933 2456 1167 2509 praemittit
1203 2455 1359 2496 librum
1392 2455 1445 2496 de
1478 2456 1638 2510 optimo
1670 2469 1828 2510 genere
1860 2458 1957 2499 Ora·

122 2527 263 2563 torum
300 2519 408 2564 720.
443 2522 593 2563 scribit
618 2521 748 2562 libros
777 2521 830 2561 de
857 2521 1039 2574 Legibus
1070 2520 1179 2564 721.
1266 2554 1270 2558 .

188 2576 316 2646 (vn.)
349 2587 474 2628 Anno
500 2587 655 2629 aetatis
688 2599 756 2627 rvr
787 2587 948 2627 invitus
974 2588 1019 2627 in
1048 2587 1231 2627 Ciliciam
1259 2589 1515 2641 provinciam
1543 2588 1826 2643 proficiscitur
1846 2589 1956 2634 722.

120 2654 281 2706 bellum
313 2654 424 2708 gerit
444 2658 592 2696 contra
624 2654 799 2694 Parthos
830 2651 939 2706 726.
973 2654 1150 2695 victoria
1176 2655 1289 2694 iusta
1315 2655 1547 2707 Imperator
1576 2656 1815 2709 appellatur
1846 2656 1957 2700 727.

123 2735 209 2775 qua
235 2720 288 2762 de
317 2733 363 2761 re
401 2720 731 2775 supplicationes
763 2720 845 2773 ipsi
880 2720 1170 2760 decernuntur
1207 2718 1316 2762 730.
1349 2721 1503 2760 itinera
1533 2721 1633 2761 facit
1661 2723 1708 2762 in
1741 2724 1959 2776 provincia

124 2792 174 2847 ut
217 2786 500 2827 iurisdictioni
550 2787 709 2840 praesit
754 2784 863 2828 730.
927 2787 1126 2839 perfectis
1171 2786 1300 2826 rebus
1351 2787 1548 2827 omnibus
1599 2801 1719 2840 spem
1775 2790 1958 2844 suscipit

124 2853 329 2908 triumphi
376 2851 486 2896 731.
533 2853 771 2907 praeposito
826 2852 1066 2905 provinciae
1116 2857 1340 2905 quaestore
1386 2857 1432 2892 et
1474 2853 1679 2906 depositis
1723 2855 1958 2896 rationibus

125 2920 237 2974 apud
270 2920 375 2960 duas
409 2920 600 2960 civitates
621 2950 633 2971 ,
667 2919 719 2959 de
762 2919 977 2972 provincia
1009 2918 1177 2959 decedit
1213 2917 1321 2961 731.
1355 2919 1535 2973 primum
1585 2921 1695 2974 petit
1733 2921 1926 2963 Rhodum
1945 2952 1958 2975 ,

126 2986 278 3027 deinde
312 2986 499 3027 Athenas
538 2985 646 3030 731.
698 2990 790 3025 tum
823 2986 991 3032 Patras,
1028 2985 1212 3038 denique
1248 2986 1516 3026 Brundisium
1536 3015 1549 3037 ‚
1581 2986 1656 3027 ubi
1684 2987 1849 3028 obviam
1875 2990 1959 3043 ipsi

125 3053 317 3108 procedit
348 3053 543 3094 Terentia
574 3065 676 3092 uxor
713 3050 821 3094 732.
857 3051 1026 3091 tandem
1064 3052 1235 3092 Romam
1269 3052 1553 3105 proficiscitur
1582 3051 1692 3095 733.

195 3107 344 3176 (vm.)
394 3120 573 3169 Romae,
601 3132 759 3158 annum
793 3119 940 3158 aetatis
963 3130 1063 3159 Lvm
1103 3119 1397 3171 ingressurus,
1431 3121 1476 3159 in
1513 3120 1647 3172 ipsam
1679 3121 1830 3161 incidit
1861 3123 1963 3164 civi·

129 3185 182 3232 lis
217 3185 448 3226 discordiae
475 3185 681 3230 flammam
714 3182 822 3236 7341.
858 3184 997 3224 omnia
1031 3185 1188 3225 frustra
1219 3190 1442 3238 expertus,
1477 3199 1585 3239 quae
1613 3187 1666 3226 ad
1694 3188 1960 3231 concordiam

131 3252 373 3307 pertineant
392 3281 404 3304 ,
432 3251 612 3292 discedit
637 3251 690 3290 ab
726 3250 833 3290 Urbe
863 3264 959 3291 cum
994 3264 1102 3291 coss.
1125 3249 1233 3293 737.
1268 3253 1448 3305 Capuam
1477 3257 1520 3292 et
1544 3266 1657 3292 oram
1675 3255 1962 3297 maritimama

130 3319 304 3359 Formiis
339 3318 519 3372 suscipit
559 3317 758 3357 tuendam
791 3311 899 3359 7371
937 3318 1066 3359 semel
1100 3318 1340 3370 iterumque
1373 3333 1398 3358 a
1431 3320 1603 3359 Caesare
1648 3321 1851 3362 invitatur
1884 3318 1960 3377 per

130 3385 351 3440 epistolam
385 3389 435 3425 ut
473 3385 524 3424 ad
561 3384 713 3429 Urbem
750 3397 843 3423 esse
888 3384 992 3424 velit
1027 3382 1135 3426 739.
1169 3382 1278 3426 743.
1318 3383 1426 3426 745.
1473 3386 1664 3426 similiter
1696 3401 1720 3427 a
1763 3389 1960 3442 Pompeio

130 3451 334 3501 invitatur
369 3456 417 3492 ut
440 3451 497 3491 ad
527 3463 572 3491 se
600 3450 742 3490 veniat
778 3449 885 3492 740.
920 3448 1026 3491 741.
1055 3450 1128 3490 diu
1162 3450 1366 3491 deliberat
1393 3453 1497 3507 quid
1526 3453 1606 3492 sibi
1635 3454 1690 3493 sit
1720 3455 1959 3496 faciendum

136 3516 243 3571 742.
279 3519 446 3558 tandem
482 3516 728 3558 conscendit
763 3530 910 3557 navem
940 3522 988 3574 ut
1025 3518 1265 3571 Pompeium
1295 3524 1497 3571 sequatur
1534 3520 1577 3559 in
1607 3521 1818 3561 Graeciam
1852 3522 1962 3564 746.
