2210 3970
199 243 308 295 668
660 251 988 291 ANNALES
1045 248 1563 286 cicer-ommni.

271 384 492 431 Plutarch.
536 383 619 427 cic.
654 398 689 426 c.
721 385 791 426 30.
825 384 864 426 4.
912 379 1228 425 Κινδυνεύων
1274 373 1362 424 οὖν
1402 381 1484 424 καὶ
1525 378 1818 438 διωκόμενος
1860 377 2050 436 ἐσθῆτα

211 464 475 528 μετήλλαξε
509 465 590 506 καὶ
621 460 771 518 κόμης
806 458 1052 510 ἀνάπλεως
1080 457 1282 520 περιιὼν
1313 456 1500 502 ἱκέτευε
1531 455 1613 502 τὸν
1641 456 1811 516 δῆμον.
1858 461 2048 503 Παντα-

213 547 308 601 χού
353 542 397 587 δ’
437 541 464 587 ὁ
497 539 722 590 Κλώδιος
750 537 938 595 ἀπήντα
970 540 1091 583 κατά
1123 540 1240 590 τούς
1269 538 1572 593 στενωπούς,
1606 534 1894 597 ἀνθρώπους
1930 536 2052 593 ἔχων

216 621 452 683 ὑβριστάς
484 623 593 681 περὶ
629 618 776 665 αὑτὸν
811 614 891 664 καὶ
922 622 1159 680 θρασεῖς,
1195 620 1247 664 οἳ
1284 619 1439 663 πολλὰ
1471 615 1559 678 μὲν
1591 616 1908 673 χλευάζοντες
1941 614 2051 661 ἀκο-

217 703 403 754 λάστως
433 705 504 754 εἰς
534 701 618 758 τήν
646 698 916 759 μεταβολήν
946 701 1027 743 καὶ
1058 698 1114 743 τὸ
1147 701 1309 757 σχῆμα
1341 700 1426 742 τοῦ
1459 694 1766 757 Κικέρωνος,
1801 696 2050 751 πολλαχοῦ

218 779 273 827 δὲ
318 781 452 842 πηλῷ
495 784 576 826 καὶ
620 781 790 829 λίθοις
825 776 1088 836 βάλλοντες
1126 775 1382 821 ἐνίσταντο
1428 784 1535 828 ταῖς
1569 777 1796 825 ἱκεσίαις.
1873 773 2055 834 Appian.

220 863 268 904 B.
288 862 333 903 C.
351 872 402 903 11.
427 875 463 902 c.
482 862 556 901 15.
605 861 654 903 ‘O
681 858 724 901 δ’
749 855 800 907 ἐς
831 858 885 901 τὸ
913 856 1048 917 ἔργον
1082 854 1238 900 ἐκεῖνο
1264 845 1586 917 γενναιοτάτῳ
1621 853 1798 914 λήματι
1827 850 2061 914 κεχρημέ-

217 953 327 987 νος.
375 934 734 986 ἀσθενέστατος
776 933 826 985 ἐς
868 934 954 991 τήν
987 933 1131 990 δίκην
1169 931 1402 995 ἐγίγνετο.
1470 934 1564 977 Καὶ
1601 933 1829 990 ταπεινήν
1871 931 2060 988 ἐσθῆτα

218 1015 547 1074 ἐπικείμενος,
583 1013 735 1076 γέμων
763 1029 813 1057 τε
838 1010 1033 1070 αὐχμοῦ
1062 1013 1142 1055 καὶ
1171 1011 1330 1072 ῥύπου
1349 1045 1362 1067 ,
1397 1010 1724 1073 προσέπιπτεν
1751 1003 1824 1064 οἷς
1853 1011 2058 1068 ἐντύχοι

218 1094 343 1138 κατὰ
375 1094 492 1144 τούς
514 1092 817 1146 στενωπούς,
856 1088 972 1135 οὐδὲ
995 1098 1097 1146 τοῖς
1121 1089 1332 1153 ἀγνῶσιν
1356 1089 1577 1146 ἐνοχλεῖν
1595 1089 1904 1149 αἰδούμενος·
1937 1089 2060 1139 ὥστε

220 1171 355 1232 αὐτῷ
388 1170 440 1216 τὸ
469 1171 631 1233 ἔργον,
663 1168 748 1214 dno?
779 1169 862 1226 τήν
897 1167 1193 1228 ἀπρέπειαν,
1229 1168 1325 1214 ἀπὸ
1355 1170 1524 1214 οἴκτου
1550 1172 1872 1229 μεταπίπτειν
1907 1166 1956 1219 ἐς
1987 1167 2064 1231 γε’-

222 1253 400 1303 λωτα..
447 1254 535 1302 Ἐς
581 1253 789 1295 τοσοῦτο
842 1248 1031 1299 δειλίας
1065 1252 1172 1309 περὶ
1215 1252 1332 1308 μίαν
1369 1253 1556 1300 οἰκείαν
1593 1249 1734 1308 δίκην
1772 1247 2059 1306 κατέπεσεν,

229 1328 282 1380 ὃς
318 1327 402 1373 τὸν
431 1329 547 1374 ὅλον
579 1327 690 1387 βίον
718 1327 768 1372 ἐν
802 1325 1086 1388 ἀλλοτρίαις
1116 1326 1349 1385 ἐξήταστο
1387 1329 1632 1390 λαμπρῶς.

299 1465 387 1540 (1¹)
432 1465 565 1528 Cum
624 1465 877 1519 Cicerone
934 1464 1174 1536 primum
1231 1467 1408 1520 omnis
1466 1465 1578 1521 sere
1628 1465 1757 1522 ordo'
1814 1471 2064 1537 equester

227 1575 432 1624 vestem
467 1567 727 1620 mutavit:
770 1582 1002 1636 eumque
1042 1566 1362 1621 nobilissimi
1401 1560 1798 1632 adolescenteS,
1839 1583 2065 1621 numero

224 1667 293 1722 ad
339 1684 410 1721 xx
450 1666 635 1730 milia,
695 1665 991 1730 sordidati,
1047 1665 1420 1738 deprecatores
1460 1666 1577 1721 eius
1616 1666 1807 1721 salutis
1846 1667 2067 1721 comita-

226 1762 446 1830 bantur.
525 1765 755 1831 Deinde,
797 1783 965 1838 quum
1003 1773 1223 1822 senatus
1257 1785 1504 1839 quoque,
1544 1766 1809 1822 referente
1844 1767 1902 1821 L.
1938 1767 2063 1821 Nin-

229 1871 349 1934 ni0‚
386 1875 591 1924 vestem
628 1875 905 1938 tamquam
946 1868 1002 1921 in
1038 1867 1252 1939 publico
1284 1868 1437 1923 luctu
1476 1868 1790 1924 mutandam
1831 1869 2069 1923 censuis-
2109 1944 2118 1947 ⁷

229 1976 342 2032 set,
387 1968 634 2023 eonsules
665 1973 994 2031 vetuerunt,
1027 1974 1080 2022 et
1115 1974 1177 2021 ut
1210 1967 1277 2022 ad
1307 1984 1468 2023 suum
1501 1969 1758 2023 vestitum
1795 1971 2070 2024 senatores

229 2065 495 2134 redirent,
536 2067 841 2131 edixerunt.
880 2084 952 2121 1v.
997 2084 1043 2122 c.
1068 2070 1301 2130 26-28,

286 2170 375 2215 cic.
405 2168 459 2214 ad
487 2167 649 2227 Quirit.
670 2174 766 2228 post
794 2165 919 2211 redit.
951 2182 988 2218 e.
1007 2171 1049 2212 3.
1079 2170 1121 2212 8.
1155 2168 1255 2221 Pro,
1272 2185 1341 2221 me
1352 2177 1590 2230 praesente
1617 2151 1800 2215 seuatus
1829 2168 2073 2219 hominum·

231 2264 316 2309 que
357 2254 590 2308 praeterea
633 2244 798 2306 viginti
849 2243 979 2288 milia
1013 2252 1177 2288 vestem
1214 2254 1510 2292 mutaverunt.
1543 2274 1604 2281 —
1635 2263 1672 2292 c-
1702 2251 1744 2291 5.
1781 2250 1851 2291 11.
1883 2247 1973 2290 Pro
2005 2263 2073 2290 me

233 2325 486 2387 superiores
532 2323 735 2368 consules
777 2340 970 2385 semper,
1015 2331 1068 2368 ut
1104 2324 1354 2383 referrent,
1395 2325 1611 2386 flagitati
1646 2332 1782 2369 sunt:
1827 2323 1908 2368 sed
1941 2325 2077 2377 veriti

234 2410 363 2459 sun-t,
395 2420 449 2447 ne
472 2403 650 2463 gratiae
676 2417 838 2452 caussa
855 2401 1016 2460 facere
1041 2401 1319 2459 viderentur,
1352 2402 1472 2464 quod
1496 2402 1612 2447 alter
1628 2402 1740 2446 mihi
1765 2403 1922 2464 affinis
1948 2410 2044 2446 erat
2061 2436 2075 2459 ‚

236 2480 429 2532 alterius
460 2496 667 2537 caussam
699 2481 865 2541 capitis
892 2496 1166 2541 receperam:
1201 2481 1282 2543 qui
1305 2481 1637 2541 provinciarum
1659 2481 1847 2540 foedere
1880 2482 2076 2538 irretiti,

239 2566 381 2610 tolum
402 2557 543 2602 ‘illum
577 2572 742 2601 arm-um
773 2556 976 2625 querelas
1015 2566 1228 2614 senatus,
1273 2557 1442 2603 luctum
1474 2558 1712 2616 bonorum,
1743 2560 1910 2604 Italiae
1938 2561 2077 2621 gemi-

244 2643 339 2680 tum
363 2633 666 2696 pertulerunt.
731 2649 806 2694 pro
826 2635 958 2678 Domo
985 2650 1065 2678 sua
1097 2651 1134 2680 c.
1152 2638 1225 2680 21.
1256 2641 1329 2681 55.
1367 2635 1530 2694 Quid?
1562 2654 1699 2698 quum
1725 2664 1785 2671 „-
1815 2655 1883 2682 me
1900 2640 2079 2701 praesi-

243 2712 317 2758 dio
351 2712 621 2774 spoliarent,
657 2718 859 2762 senatum
877 2726 966 2771 pro
992 2729 1059 2760 me
1086 2730 1172 2757 non
1198 2713 1323 2758 modo
1347 2731 1573 2776 puynaw,
1606 2703 1934 2776 amplissimum
1961 2715 2080 2764 ordi-

244 2809 367 2847 nem,
410 2790 490 2834 sed
521 2791 656 2834 etiam
681 2789 864 2849 plorare
895 2779 1250 2851 et‘supplicarffi
1293 2779 1468 2843 mutata
1500 2801 1640 2849 veste,
1675 2793 1962 2854 prohiberent
1978 2814 1995 2846 ;
2027 2783 2082 2841 ne

247 2876 343 2914 tum
375 2867 550 2929 quidem
582 2868 652 2911 vis
683 2868 817 2911 erat?
865 2883 901 2912 c.
920 2870 994 2914 22.
1024 2871 1096 2912 56.
1135 2867 1259 2927 Quid
1281 2869 1424 2930 igitur
1455 2886 1532 2931 ego
1559 2872 1704 2926 cessi,
1735 2878 1817 2914 aut
1847 2870 1928 2930 qui
1949 2871 2081 2922 timor

239 2948 386 3008 fuit?
427 2963 514 2991 non
546 2945 689 2990 dicam
707 2977 720 3000 ‚
753 2946 802 2990 in
827 2963 920 2990 me:
956 2945 1044 3003 sac
1075 2963 1143 2990 me
1176 2946 1383 2992 timidum
1414 2955 1508 2999 esse
1539 2956 1730 2992 natura:
1762 2947 1874 3008 quid
1902 2947 1988 2992 illa
2016 2956 2083 3000 tot

251 3026 447 3068 virorum
475 3023 838 3083 fortissimorum
870 3023 1040 3066 milia?
1082 3023 1196 3084 quid
1233 3025 1378 3068 nostri
1416 3025 1588 3086 equites
1618 3026 1844 3069 Romani?
1876 3026 1988 3087 quid
2017 3042 2084 3070 se·
2167 3052 2180 3061 ι

250 3103 436 3146 natus?
473 3099 586 3161 quid
614 3099 800 3161 denique
827 3117 974 3146 omnes
1008 3101 1147 3145 boni?
1210 3103 1266 3146 Si
1295 3101 1425 3147 nulla
1455 3110 1552 3147 erat
1584 3104 1682 3161 vls,
1715 3122 1795 3148 cur
1823 3092 1891 3148 me
1910 3105 2083 3165 flentes

246 3168 404 3243 potius
430 3179 661 3240 prosecuti
685 3187 816 3236 sunt,
850 3197 984 3241 quam
1011 3187 1092 3224 aut
1123 3183 1401 3241 increpantes
1427 3182 1708 3227 retinuerunt
1734 3190 1816 3226 aut
1842 3183 1954 3226 irati
1979 3183 2083 3228 rell-

254 3258 488 3319 querunt?
556 3266 654 3318 post
686 3258 812 3302 redit.
857 3259 904 3302 in
948 3266 1084 3302 senat.
1130 3275 1165 3302 c.
1197 3261 1237 3302 7.
1267 3262 1339 3303 16.
1377 3255 1433 3302 Te
1475 3259 1653 3304 consule
1693 3262 1762 3317 (L.
1785 3260 1945 3318 Piso),
1990 3262 2084 3306 tuis

253 3336 411 3381 edictis
454 3345 498 3381 et
528 3336 760 3397 imperiis,
809 3337 988 3379 senatui
1009 3336 1264 3396 populoque
1303 3339 1495 3380 Romano
1527 3353 1612 3381 non
1645 3344 1713 3380 est
1750 3335 1954 3392 licitum,
1997 3354 2084 3382 non

252 3413 377 3458 modo
411 3415 646 3458 sentenciis
677 3421 811 3474 atque
843 3415 1110 3458 auctoritate
1134 3429 1248 3471 sua,
1282 3415 1362 3459 sed
1391 3412 1596 3460 ποῖαι-ια
1628 3413 1804 3476 quidem
1838 3431 1889 3458 ac
1917 3417 2083 3460 vestitu
2166 3450 2170 3459 ,

248 3491 516 3553 reipublicae
549 3491 790 3538 subvenire.
838 3491 949 3538 lbid.
972 3509 1006 3537 c.
1029 3497 1069 3538 5.
1101 3495 1172 3536 12.
1192 3492 1236 3536 in
1269 3493 1400 3538 Pison.
1433 3510 1468 3539 c.
1489 3499 1559 3540 10.
1587 3498 1658 3539 23.
1687 3511 1721 3538 c.
1743 3496 1812 3537 35.
1845 3497 1915 3538 87.
1961 3493 2081 3540 Plut-
