2210 3970
225 222 334 274 62⁵2.
685 233 1015 272 A-NNALns
1073 231 1584 272 mennonium.

221 366 517 420 amicorum
559 365 822 436 praesidio
868 370 1044 419 tectus
1083 361 1276 418 Urbem
1319 361 1591 428 defendit,
1632 363 1725 418 sed
1765 364 1821 417 in
1861 380 2051 435 agrum

220 465 551 520 Gallicanum
593 466 957 536 Picenumque
986 462 1284 537 praemittit
1318 461 1378 529 Q.
1408 461 1729 528 Metellum,
1749 470 1810 517 ut
1841 464 2051 519 ltaliam

222 565 287 619 ab
327 564 536 619 occulta
575 565 943 619 coniuratione
982 562 1247 619 defendat.
1290 580 1363 616 111.
1405 580 1450 616 c.
1475 567 1560 617 17.
1597 567 1685 618 56.
1728 581 1773 619 c.
1799 567 1890 619 20,
1923 568 2012 619 64.

283 663 503 711 Plutarch.
537 665 619 709 Cic.
653 681 690 711 c.
710 668 780 711 16.
812 669 854 711 1.
887 668 1031 712 Ἐπεὶ
1060 663 1113 711 δὲ
1143 665 1324 722 ταύτην
1351 661 1514 723 λαβὼν
1541 664 1626 723 τήν
1653 662 1878 715 ἐξουσίαν
1914 664 2055 710 ὁΚι-

222 741 370 806 κέρων
409 744 468 790 τὰ
498 741 587 804 μὲν
616 741 702 795 ἔξω
735 744 989 807 πράγματα
1021 742 1216 805 Κοίντῳ
1244 741 1478 804 Mesena
1511 743 1849 800 διεπίστευσε,
1882 744 1970 802 τήν
1997 742 2052 790 δέ

221 825 372 870 πόλιν
393 819 501 882 εἶχε
528 824 613 871 διὰ
644 823 809 885 χειρὸς
843 827 925 868 καὶ
963 826 1078 869 καθ’
1115 821 1294 884 ἡμέραν
1322 823 1492 884 προῄει
1522 823 1941 887 δορυφορούμενος
1969 823 2048 870 ὑπ’

220 895 408 965 ἀνδρῶν
436 906 685 950 τοσούτων
710 904 765 951 τὸ
786 890 1007 961 πλῆθος,
1044 903 1168 950 ὥστε
1197 904 1278 958 τῆς
1299 900 1477 964 ἀγορᾶς
1497 905 1624 953 πολύ
1650 904 1794 967 μέρος
1825 903 2049 960 κατέχειν

217 978 542 1041 ἓμβὰλλοντος
567 982 723 1028 αὐτοῦ
755 983 871 1034 τούς
894 984 1319 1043 παραπέμποντας.
1369 980 1550 1042 Appian.
1579 983 1628 1025 Β.
1641 984 1684 1026 C.
1709 995 1757 1027 11.
1782 999 1818 1028 c.
1837 987 1879 1028 3.
1914 972 2050 1041 ’'qu

218 1057 273 1106 δὲ
301 1064 509 1123 καὶπερὶ
542 1063 635 1107 τῶν
654 1061 706 1106 έν
730 1065 786 1121 τῇ
814 1063 1010 1124 Ἰταλίᾳ
1027 1058 1318 1125 γιγνομένων
1345 1058 1489 1121 λόγος
1513 1055 1707 1116 ἐφοίτα.
1771 1064 1872 1106 Καὶ
1905 1061 1931 1106 ὁ
1952 1067 2051 1106 Κι-

213 1138 364 1202 κέρων
389 1140 475 1198 τήν
509 1158 559 1187 τε
586 1143 736 1189 πόλιν
763 1140 819 1186 ἐκ
850 1127 1191 1202 διαστημάτων
1224 1143 1461 1201 φρουραῖς
1488 1135 1806 1198 διελάμβανε,
1844 1143 1926 1186 καὶ
1959 1141 2051 1186 τῶν

213 1218 467 1279 Ιἐπιφανῶν
498 1219 731 1283 ἐξέπεμπε
761 1222 975 1274 πολλοὺς
1000 1219 1050 1273 ές
1077 1222 1234 1266 πάντα
1264 1220 1325 1265 τὰ
1358 1216 1581 1276 ὕποπτα,
1617 1225 1722 1270 τοῖς
1749 1219 2050 1282 γιγνομένοις

217 1297 516 1361 ἐφεδρεύειν.
575 1300 637 1346 Cf.
677 1302 759 1346 Cic.
790 1317 865 1363 pro
891 1300 1016 1346 Sulla
1047 1316 1084 1345 c.
1105 1303 1176 1345 18.
1212 1303 1283 1344 51.

293 1389 378 1463 (24)
404 1389 649 1444 >Catilina
686 1389 942 1453 interim,
983 1386 1304 1460 suspicionis
1341 1384 1592 1441 vitandae
1632 1401 1851 1450 caussa,
1893 1386 2047 1454 inxli-

212 1488 397 1544 heram
430 1506 487 1544 se
523 1490 636 1561 ipse
668 1487 825 1543 offert
861 1487 1178 1543 custodiam.
1222 1505 1298 1541 111.
1339 1504 1387 1542 c.
1417 1490 1504 1541 16.
1546 1490 1636 1540 51.

276 1581 354 1625 Dio
375 1593 556 1625 xxxvu.
589 1597 625 1626 c.
644 1584 718 1625 32.
752 1585 792 1625 1.
835 1583 936 1626 Καὶ
967 1579 1021 1632 ὃς
1051 1580 1110 1626 τὰ
1144 1577 1231 1639 μὲν
1255 1578 1429 1640 πρῶτα
1457 1580 1541 1623 καὶ
1570 1576 1698 1623 πάνυ
1726 1575 1884 1634 ἀὐτήν
1912 1575 2049 1622 ἑτοί-

212 1675 336 1719 μως,
383 1657 447 1712 ὡς
485 1663 567 1706 καὶ
601 1659 697 1706 ἀπὸ
728 1664 944 1722 χρηστοῦ
979 1663 1068 1706 τοῦ
1101 1659 1408 1714 συνειδότος,
1446 1656 1676 1711 ἐδέξατο,
1722 1659 1806 1702 καὶ
1840 1657 1963 1718 πρός
1996 1672 2046 1701 τε

213 1739 300 1797 τήν
329 1739 471 1798 δίκην
491 1740 648 1798 δῆθεν
677 1738 987 1800 ἡτοιμάζετο,
1018 1743 1101 1785 καὶ
1128 1740 1193 1801 τῷ
1220 1739 1462 1802 Κικέρωνι
1491 1739 1626 1800 αὐτῷ
1655 1744 1816 1799 τηρεῖν
1843 1735 2041 1791 ἑαυτὸν,

213 1818 346 1870 ὅπως
387 1818 447 1876 δή
487 1819 552 1878 μή
583 1821 713 1883 φύγῃ
743 1837 862 1876 που,
905 1819 1200 1883 παρεδίδου·
1247 1819 1313 1880 μή
1343 1817 1728 1882 προσδεξαμένου
1759 1814 1815 1862 δὲ
1858 1817 2046 1862 ἐκείνου

213 1897 299 1955 τήν
332 1899 545 1960 φρουράν
583 1899 771 1956 αὐτοῦ,
817 1901 947 1961 παρά
982 1900 1046 1961 τῷ
1077 1897 1311 1959 Μετέλλῳ
1354 1898 1418 1962 τῷ
1450 1896 1699 1961 στρατηγῷ
1729 1896 1813 1954 τήν
1847 1896 2045 1941 δίαιταν

211 1976 445 2030 ἑκουσίως
469 1977 709 2032 ἐποιεῖτο,
747 1977 808 2022 ἵν’
836 1976 900 2030 ὡς
919 1976 1095 2036 ἥκιστα
1125 1976 1415 2036 ὕποπτευθῇ
1441 1976 1740 2040 νεωτερίζειν
1765 1993 1840 2036 τι,
1871 1974 2044 2038 μέχρις

211 2055 272 2103 ἂν
305 2060 387 2104 καὶ
413 2056 468 2102 ἐκ
503 2058 596 2103 τῶν
625 2057 819 2104 αὐτόθε
849 2058 1150 2119 συνωμοτῶν.
1173 2059 1374 2119 ἰσχυρόν
1406 2074 1458 2103 τι
1485 2055 1757 2119 προσλάβῃ.

287 2146 372 2221 (²⁵)
415 2146 623 2201 Habitis
658 2148 712 2200 in
747 2163 935 2219 campo
974 2147 1166 2200 Martio
1199 2139 1435 2201 comitiis
1469 2143 1864 2209 consularihUS,
1907 2159 1953 2199 a.
1991 2143 2041 2197 d.

207 2263 256 2300 v.
293 2246 409 2302 Kal.
451 2247 577 2301 Nov.
627 2247 723 2321 [:.-.
765 2250 834 2301 28
868 2246 988 2302 Oct.
1027 2250 1130 2302 691
1175 2268 1246 2303 ..-..
1282 2251 1308 2304 1
1353 2246 1567 2305 Ianuar.
1610 2249 1699 2300 62.
1731 2262 1779 2300 a.
1816 2241 1895 2318 C.]
1960 2262 2036 2299 111.

208 2365 253 2410 c.
282 2351 368 2402 12.
408 2352 496 2403 56.
532 2348 587 2402 in
632 2347 831 2419 quibus
872 2347 1088 2405 Silanus
1119 2354 1176 2404 et.
1210 2348 1433 2407 Murena
1471 2353 1762 2411 creantur,
1813 2344 2043 2402 Catilina

205 2465 299 2520 spe
338 2465 438 2503 sua
486 2448 684 2502 excidit
737 2465 906 2519 quum
954 2448 1317 2503 interficiendi
1367 2449 1676 2505 Ciceronem
1726 2443 1845 2503 tuim
1882 2461 2040 2501 occu·

206 2548 370 2621 pandi
421 2548 777 2603 consulatum.
820 2567 898 2605 111.
939 2566 986 2603 c.
1013 2553 1099 2603 15.
1140 2553 1229 2603 59.
1271 2565 1318 2603 c.
1344 2553 1431 2602 17.
1475 2551 1563 2602 56.

208 2642 212 2650 ‘
268 2638 448 2684 Sallust.
481 2637 606 2682 catil.
639 2654 673 2682 c.
708 2642 781 2684 26.
825 2641 1071 2701 Postquam
1103 2638 1199 2683 dies
1230 2638 1510 2684 comitiorum
1546 2636 1689 2694 venit,
1732 2644 1776 2682 et
1809 2635 2037 2681 Catilinae

205 2734 345 2779 neque
374 2716 542 2778 petitio
573 2732 711 2776 neque
743 2716 964 2773 insidiae,
998 2733 1112 2778 qaas
1143 2716 1318 2763 consuli
1348 2717 1397 2761 in
1423 2732 1576 2776 campo
1594 2714 1800 2773 fecerat,
1824 2729 2038 2774 prospere

205 2815 397 2854 cessere,
420 2798 655 2842 constituit
673 2794 1000 2854 bellumfacere
1017 2803 1061 2840 et
1087 2804 1284 2842 extrema
1301 2795 1449 2839 omnia
1465 2792 1673 2853 experiri.
1722 2793 1806 2837 Cic.
1823 2807 1900 2853 pro
1915 2790 2041 2836 Sulla

202 2895 239 2925 c.
273 2881 347 2924 18.
382 2881 456 2923 51.
491 2876 636 2936 Quum
671 2875 720 2922 in
751 2890 934 2935 campo,
977 2873 1287 2919 consularibus
1322 2872 1549 2927 comitiis,
1581 2887 1694 2933 quae
1726 2887 1754 2914 a
1784 2886 1852 2913 me
1885 2869 2039 2914 habita

202 2965 334 3015 sunt,
366 2955 540 3001 caedem
568 2954 728 3014 facere
758 2951 993 2996 voluerunt
1009 2971 1023 2995 .·
1053 2979 1114 2987 -
1147 2968 1224 3014 ego
1241 2985 1256 3009 ,
1289 2959 1433 2997 tectus
1455 2949 1688 3012 praesidio
1706 2949 1847 3013 firmo
1875 2948 2036 2992 amico-

197 3054 300 3083 rum
316 3070 331 3095 ,
368 3035 587 3080 Catilinae
615 3041 709 3078 tum
742 3039 787 3076 et
810 3031 1021 3076 Autronii
1050 3031 1202 3093 copias
1233 3038 1278 3075 et
1308 3037 1514 3075 conatum
1539 3030 1746 3091 repressi.
1809 3026 2031 3077 Plutarch.

198 3112 282 3161 Cic.
314 3130 352 3160 c.
379 3117 451 3158 14.
482 3117 523 3159 3.
563 3114 770 3158 Μᾶλλον
805 3110 832 3157 ὁ
855 3108 1078 3173 Κικέρων
1106 3108 1263 3155 ἔδεισε
1302 3111 1384 3155 καὶ
1422 3107 1849 3177 τεθωρακισμένον
1873 3107 2029 3154 αὐτὸν

202 3193 258 3240 οἵ
279 3210 329 3239 τε
355 3193 554 3239 δυνατοὶ
581 3193 757 3245 πάντες
790 3188 886 3237 ἀπὸ
918 3193 1002 3249 τῆς
1037 3192 1197 3243 οἰκίας
1231 3193 1313 3236 καὶ
1348 3189 1444 3235 τῶν
1470 3187 1589 3235 νέων
1619 3190 1796 3235 πολλοὶ
1829 3186 2031 3250 κατήγα-

200 3291 284 3337 γον
314 3276 385 3326 εἰς
414 3273 469 3319 τὸ
501 3273 682 3319 πεδίον.
747 3275 845 3318 Τοῦ
881 3268 935 3318 δὲ
966 3268 1193 3332 θώρακος
1220 3268 1493 3329 ἐπίτηδες
1470 3267 1712 3327 υπέφαινέ
1741 3285 1789 3313 τι
1819 3269 2035 3329 παραλύ-

199 3371 288 3406 σας
318 3371 371 3399 εκ
399 3354 494 3399 τῶν
527 3350 667 3413 ὤμων
701 3356 789 3398 τοῦ
818 3352 1058 3410 χιτῶνος,
1094 3348 1459 3410 ένδεικνίμενος
1492 3355 1596 3401 τοῖς
1631 3346 1779 3408 ὁρῶσι
1810 3345 1893 3392 τὸν
1925 3349 2030 3412 κίν-

204 3434 366 3480 δυνον.
427 3433 486 3478 Οἱ
515 3432 558 3476 δ’
589 3431 883 3495 ἠγανάκτουν
913 3434 995 3477 καὶ
1021 3428 1401 3491 συνεστρέφοντο
1431 3431 1541 3491 περὶ
1566 3425 1741 3473 αὐτόν·
1779 3429 1860 3473 καὶ
1891 3409 2032 3479 τέλος

202 3512 252 3559 ἒν
285 3521 391 3565 ταῖς
425 3511 607 3572 ψήφοις
643 3511 724 3558 τὸν
751 3511 837 3573 μὲν
865 3512 1135 3558 Κατιλίναν
1170 3528 1230 3556 ou
1211 3504 1324 3562 5θις
1352 3508 1602 3569 ἐξέβαλον,
1632 3506 1824 3554 εἵλοντο
1852 3505 1903 3554 δὲ
1932 3512 2026 3552 Σι-

2176 3459 2179 3472 ”’
2175 3397 2194 3441 ‘5ss
2164 3042 2210 3381 Wfflyefflf‘ssz-ffl-
2195 2924 2198 2933 -
2196 2902 2197 2906 „
2165 2814 2197 2841 ΑΟ
2199 2721 2210 2774 r
2198 2670 2210 2698 «Α.
2200 2634 2203 2635 ,
