2210 3970
528 218 582 273 L.
608 219 668 273 x.
712 230 758 272 ο.
784 219 846 273 x.
890 216 929 290 g
957 221 1024 271 23
1065 247 1141 257 --
1180 215 1339 270 ext
1385 215 1422 289 g
1451 219 1537 270 ae,
1867 221 1972 271 465

124 382 227 424 ¹eur
306 371 476 424 nostri
545 387 574 423 a
629 373 828 424 nostris
902 385 1006 423 non
1075 368 1359 439 legantur?
1475 371 1562 422 25.
1623 365 1960 438 Quamquam

63 485 71 490 ·
128 470 174 523 si
227 468 382 542 plane
419 471 499 526 sic
552 476 817 526 verterem
868 468 1141 524 Platonem
1186 472 1280 522 aut
1328 466 1697 529 Aristotelem,
1744 473 1808 522 ut
1847 483 1960 522 ver·

130 574 315 625 terunt
377 572 551 625 nostri
611 578 797 643 poetae
852 570 1085 631 sabulas;
1132 567 1307 632 male,
1359 568 1545 632 credo,
1605 584 1844 623 mererer
1900 569 1968 623 de

127 670 264 724 meis
315 670 551 736 civibuS,
611 673 657 727 si
717 671 783 726 ad
842 687 1028 726 eorum
1088 669 1449 741 cognitionem
1501 668 1684 723 divina
1736 667 1828 724 illa
1886 670 1965 725 in*-

125 770 285 839 genia
332 768 709 826 transferrem!
799 770 904 826 Sed
957 764 1011 825 id
1058 785 1232 841 neque
1276 768 1378 824 feci
1425 768 1635 834 adhuc,
1686 784 1786 825 nec
1830 770 1966 825 mihi

71 871 72 875 ’
128 875 339 935 tamen,
381 886 447 926 ne
479 869 704 937 faciam,
746 871 1097 927 interdictum
1132 878 1280 943 puto.
1358 869 1524 925 Locos
1563 868 1782 943 quidem
1812 887 1969 943 quos-

125 969 288 1036 dam,
340 971 388 1028 si
437 970 736 1037 videbitur,
788 971 1143 1035 transferam,
1194 978 1250 1026 et
1294 971 1529 1026 maxime
1570 969 1638 1025 ab
1678 971 1780 1035 iis,
1833 987 1968 1043 quos

126 1069 283 1126 modo
315 1071 616 1138 nominavi,
655 1088 825 1148 quum
860 1072 1146 1136 inciderit,
1187 1078 1250 1127 ut
1282 1070 1336 1125 id
1368 1077 1495 1143 apte
1526 1070 1642 1126 [ieri
1670 1071 1864 1144 possit:
1904 1079 1967 1128 ut

126 1171 193 1227 ab
231 1170 473 1228 Homero¹
499 1173 743 1239 EnniuS,
802 1158 1057 1229 Afranius
1095 1189 1127 1227 a
1166 1171 1456 1228 Menandro
1495 1171 1647 1229 solet.
1721 1172 1865 1229 Sed¹
1901 1189 1966 1228 ex

125 1288 189 1328 eo
226 1272 387 1328 credo
425 1273 746 1345 quibusdam
788 1290 890 1328 usu
933 1275 1143 1337 venire,
1196 1280 1259 1327 ut
1298 1272 1622 1328 abhorreant.
1658 1290 1691 1327 a
1731 1273 1967 1337 Latinis,

128 1371 270 1444 quod
311 1370 604 1429 inciderint
650 1374 706 1427 in
750 1372 956 1428 inculta
995 1372 1259 1445 quaedam
1299 1380 1356 1427 et
1401 1372 1650 1434 horrida,
1708 1371 1776 1427 de
1826 1373 1968 1429 male

125 1472 343 1532 Graecis
369 1471 556 1528 Latine
585 1473 789 1544 scripta
823 1471 1079 1527 deterius
1141 1470 1349 1541 Quibus
1368 1489 1467 1544 ego
1486 1473 1780 1539 assentior,
1812 1473 1966 1529 dum·

123 1573 282 1630 modo
321 1572 387 1630 de
417 1572 611 1629 iisdem
644 1573 806 1629 rebus
840 1590 908 1629 ne
939 1574 1170 1631 Graecos
1203 1573 1423 1646 quidem
1465 1574 1716 1646 legendos
1755 1582 1966 1648 putent.

127 1675 230 1730 Res
258 1689 394 1730 vero
420 1673 588 1729 bonas
616 1674 810 1730 verbis.
832 1675 1018 1731 electis
1051 1677 1290 1747 graviter
1315 1683 1612 1749 ornateque
1641 1676 1817 1731 dictas
1845 1677 1968 1750 quis

124 1792 231 1833 non
259 1774 438 1848 legat?
479 1776 584 1831 nisi
617 1777 712 1849 qui
745 1793 804 1832 se
830 1776 987 1849 plane
1020 1776 1285 1833 Graecum
1319 1777 1428 1832 diei
1455 1777 1611 1834 velit:
1654 1784 1716 1835 ut
1747 1794 1779 1834 a
1813 1777 1968 1834 Scae·

0 1870 5 1915 1
52 1943 53 1947 Ἰ
122 1876 243 1934 vola
281 1883 364 1945 est
401 1884 648 1952 praetore
686 1877 955 1935 salutatus
989 1877 1215 1935 Athenis
1255 1877 1533 1934 Albucius.

202 2080 295 2138 XI.
375 2085 464 2137 26.
505 2081 660 2154 Ego²
692 2091 846 2147 vero,
887 2099 1055 2155 quum
1097 2083 1401 2138 forensibus
1433 2085 1636 2156 operis,
1677 2083 1970 2145 laboribus,

130 2181 386 2255 periculis
425 2195 531 2239 non
564 2181 867 2238 deseruisse
906 2183 1042 2240 mihi
1082 2184 1268 2239 videor
1306 2184 1635 2256 praesidium
1658 2226 1672 2248 ,
1714 2185 1768 2238 in
1802 2199 1909 2255 quo
1941 2198 1971 2236 a

124 2281 321 2356 populo
353 2281 592 2337 Romano
613 2281 820 2338 locatus
849 2297 997 2337 sum:
1041 2282 1205 2338 debeo
1246 2283 1513 2356 profecto,
1554 2290 1970 2356 quantumcum—

127 2400 248 2456 que
259 2384 490 2456 possim,
530 2383 588 2438 in
615 2399 676 2438 eo
713 2399 925 2455 quoque
951 2383 1254 2450 elaborare,
1296 2393 1357 2441 ut
1384 2387 1495 2440 sint
1527 2400 1720 2458 opera,
1760 2383 1975 2449 studio,

124 2483 306 2540 labore
341 2500 461 2541 meo
499 2483 766 2540 doctiores
804 2485 949 2540 cives
989 2487 1131 2551 mei,
1173 2503 1271 2542 nee
1311 2504 1436 2542 eum
1474 2488 1593 2541 istis
1622 2492 1775 2541 tanto
1813 2501 1974 2559 opere

19 2665 21 2673 Α
99 2601 396 2658 ¹pugnare,
434 2587 530 2659 qui
569 2586 771 2641 Graeca
804 2586 981 2657 legere
1021 2587 1241 2650 malint;
1282 2588 1437 2643 modo
1478 2588 1660 2660 legant
1700 2587 1791 2643 illa
1825 2587 1971 2659 ipsa,

125 2703 227 2742 nec
269 2686 555 2748 simulent;
604 2693 662 2742 et
705 2687 773 2742 iis
811 2689 1045 2751 servire,
1095 2689 1192 2760 qui
1237 2688 1318 2742 vel
1360 2690 1611 2759 utrisque
1650 2689 1849 2742 litteris
1887 2688 1970 2742 uti

126 2787 325 2852 velint,
345 2786 456 2852 vel,
495 2787 543 2844 si
563 2801 692 2843 suas
711 2786 940 2852 habent,
981 2788 1099 2845 illas
1120 2805 1226 2843 non
1249 2806 1446 2861 magno
1466 2805 1627 2861 opere
1646 2787 1970 2844 desiderent.

127 2888 270 2959 Ergo
289 2894 312 2928 ³
343 2889 625 2959 quaerenti
659 2889 795 2944 mihi
824 2889 1167 2963 multumque
1200 2899 1254 2945 et
1281 2890 1375 2945 diu
1408 2892 1697 2961 cogitanti,
1737 2906 1972 2961 quanam

123 3005 189 3044 re
220 3002 431 3060 possem
469 2987 722 3060 prodesse
760 3005 925 3060 quam
966 2990 1244 3062 plurimis,
1287 3008 1355 3046 ne
1393 2990 1608 3063 quando
1646 2990 1972 3045 intermitte-

51 3125 55 3134 ι
126 3105 245 3144 rem
276 3087 558 3144 consulere
597 3087 953 3161 reipublicae,
994 3108 1164 3163 quum
1184 3098 1207 3129 ⁴
1250 3108 1467 3146 omnem
1504 3097 1746 3144 nostram
1779 3089 1845 3144 de
1884 3107 1973 3145 re·-

128 3188 343 3260 publica
368 3202 557 3244 curam
573 3230 588 3253 ,
615 3189 995 3261 cogitationem
1023 3191 1090 3246 de
1115 3189 1342 3246 dicenda
1367 3192 1419 3245 in
1446 3197 1637 3244 senatu
1670 3191 1938 3250 sententia
1954 3233 1970 3255 ,

131 3290 638 3346 commentationem
686 3307 1001 3347 caussarum
1042 3292 1387 3355 abiecissem,
1442 3290 1630 3345 nulla⁵
1671 3308 1759 3345 res
1798 3292 1974 3347 maior

193 3456 231 3510 ¹)
265 3453 426 3500 ibide.
449 3459 491 3501 3.
511 3458 535 3513 ᾗ
555 3459 595 3501 8.
629 3479 687 3492 -—-
713 3456 882 3514 ⁹)1bid.
901 3460 1034 3516 c.4.§
1061 3462 1132 3502 10.
1163 3478 1218 3491 -Δ-
1251 3459 1290 3515 3)
1308 3457 1361 3500 de
1391 3456 1656 3503 Divinat.11.
1683 3462 1772 3503 (3.1.
1805 3461 1892 3517 §1.
1911 3481 1972 3491 —

129 3529 172 3591 4)
204 3532 338 3593 Epist.
360 3533 413 3579 ad
439 3539 619 3580 Paetum
639 3533 714 3594 (ad
742 3537 859 3580 Fam.
886 3538 959 3580 ΙΧ.
984 3539 1055 3581 20.
1077 3539 1100 3595 §
1122 3538 1187 3595 1.)
1219 3560 1278 3568 —
1312 3537 1352 3592 ⁵)
1370 3533 1423 3579 de
1440 3533 1629 3580 Divinat.
1657 3538 1714 3582 11.
1750 3551 1786 3580 c.
1804 3539 1846 3581 1.
1879 3536 1902 3592 §
1924 3539 1962 3579 1.

1611 3613 1677 3661 30
