2210 3970
501 246 554 299 L.
579 246 666 301 lx.
709 264 753 299 c.
779 245 965 300 xxm.
1011 245 1050 319 S
1074 248 1146 300 69
1185 276 1259 284 -——
1299 262 1344 297 c.
1371 245 1554 300 xxiv.
1599 246 1638 319 §
1667 251 1750 300 75.
1938 253 2043 304 427

288 396 473 452 XXIV.
555 401 641 451 71.
686 396 1022 452 veniebant¹
1077 396 1274 460 etiam,
1333 396 1426 467 qui
1467 411 1554 451 me
1593 396 1844 452 audirent
1886 401 2040 469 quasi

211 494 428 552 doctum
469 495 769 562 hominem,
823 498 950 569 quia
989 495 1165 570 paullo
1204 511 1383 559 eram,
1435 513 1599 568 quam
1639 497 1777 568 ipsi,
1817 496 2039 553 doctior.

211 596 383 652 Mihi2
415 599 558 653 enim
594 597 892 653 iudicatum
934 605 1079 664 erat,
1119 599 1167 653 si
1206 597 1362 652 modo
1403 597 1501 652 boc
1537 597 1736 654 Caesar
1773 605 1868 653 aut
1901 606 2043 672 pate-

212 704 391 763 retur,
429 704 526 752 aut
557 698 745 763 vellet,
779 698 1043 772 deponere
1070 698 1216 753 illam
1246 698 1354 752 iam
1384 714 1692 771 personam,
1734 697 1787 751 in
1823 715 1928 770 qua
1962 717 2050 756 mc

211 813 368 870 saepe
409 797 486 852 illi
526 798 629 870 ipsi
671 799 920 871 probavi,
972 817 1035 854 ac
1074 815 1160 854 me
1200 805 1373 853 totum
1415 799 1470 853 in
1510 798 1719 853 litteras
1759 799 1955 854 abdere
1993 809 2048 855 et

209 913 336 952 cum
371 897 657 953 Volumnio
689 901 991 973 ceterisque
1022 916 1209 956 earum
1245 899 1501 956 studiosis
1527 900 1907 955 honestissimo
1940 903 2050 956 otio

209 997 433 1071 perfrui.
527 999 809 1055 Hirtium³
863 1018 960 1072 ego
1019 1007 1072 1056 et
1123 1000 1446 1057 Dolabellam
1500 1000 1715 1056 dicendi
1758 1000 2050 1074 discipulos

210 1099 468 1158 habebam
528 1108 581 1155 et
632 1102 876 1157 Cassium
898 1108 944 1166 ⁴,
999 1103 1092 1174 qui
1133 1102 1332 1157 studiis
1377 1101 1570 1159 iisdem
1617 1102 1942 1158 tenebantur
1996 1110 2052 1158 et

209 1203 345 1258 meis
393 1204 734 1276 aequissimis
780 1204 1072 1259 utebantur
1111 1204 1351 1259 auribus
1445 1207 1532 1259 72.
1575 1204 1718 1275 Ergo
1738 1211 1786 1269 ⁵,
1827 1211 1889 1259 ut
1929 1204 2049 1260 Dio·

204 1303 398 1377 nysius
436 1310 730 1378 tyrannm,
770 1319 939 1376 quum
974 1304 1265 1376 ‘Syracusis
1304 1303 1558 1375 expulsus
1596 1309 1765 1368 essct,
1805 1305 2048 1360 Corinthi

207 1402 411 1459 dicitur
448 1403 638 1459 ludum
679 1404 979 1475 aperuisse,
1015 1403 1094 1455 sic
1132 1418 1258 1473 ego,
1292 1402 1520 1457 sublatis
1559 1402 1809 1466 iudiciiS,
1849 1404 2051 1458 amisso

202 1518 373 1576 regno
415 1503 649 1570 forensi,
700 1502 890 1559 ludum
930 1504 1083 1576 quasi
1122 1502 1322 1558 habere
1356 1504 1527 1575 coepi.
1609 1502 1749 1571 Quid
1788 1506 2047 1576 quaeris?

205 1603 518 1661 Delectabat
535 1621 623 1661 me
656 1605 756 1661 boc
776 1604 1091 1660 consilium:
1128 1602 1300 1658 multa
1329 1603 1473 1659 enim
1509 1604 1900 1675 consequebar:
1943 1607 2049 1678 pri·

204 1720 383 1773 mum,
422 1706 483 1762 id·
512 1706 654 1780 quod
695 1706 930 1762 maxime
970 1722 1104 1779 opus
1136 1712 1290 1763 crat.
1330 1704 1643 1760 muniebam
1684 1720 1771 1760 me
1810 1706 1877 1760 ad
1917 1704 2050 1762 baec

194 1812 462 1880 tempora.
545 1806 606 1862 Id
630 1806 936 1863 cuiusmodi
967 1813 1135 1871 esset,
1169 1806 1496 1862 nesciebam:
1536 1814 1748 1862 tantum
1776 1807 2049 1872 videbam,

196 1905 407 1963 nullius
438 1907 662 1963 consilia
695 1923 783 1963 me
810 1907 937 1963 huic
977 1915 1327 1980 anteponere:
1371 1908 1476 1963 nisi
1508 1906 1645 1963 sorte
1684 1909 1823 1963 mori
1856 1908 2051 1964 melius

198 2005 332 2063 fuit:
374 2009 431 2063 in
463 2007 660 2064 lectulo
681 2051 696 2075 ,
738 2007 934 2064 fateor:
977 2007 1071 2064 sed
1111 2025 1217 2063 non
1250 2007 1466 2063 accidit.
1548 2008 1608 2063 ln
1649 2010 1766 2064 acie
1805 2025 1910 2064 non
1944 2009 2040 2065 sui.

199 2107 376 2164 Ceteri
409 2109 658 2181 quidem,
694 2108 1005 2182 PompeiuS,
1038 2108 1327 2174 LentuluS,
1362 2108 1570 2181 Scipio,
1611 2086 1867 2165 Afranius
1895 2109 2044 2166 foede

198 2208 498 2281 perierunt.
544 2236 545 2241 1
577 2206 646 2264 A‘t
684 2208 820 2264 Cato
860 2209 1149 2282 praeclare.
1229 2210 1346 2265 Iam
1388 2210 1529 2265 istuc
1569 2209 1822 2282 quidem,
1871 2227 2043 2283 quum

198 2311 468 2377 volemuS,
522 2311 733 2368 licebit:
794 2312 986 2367 demus
1038 2312 1197 2368 modo
1245 2328 1490 2386 operam,
1550 2329 1618 2368 ne
1663 2321 1775 2369 tam
1824 2329 2045 2370 necesse

199 2411 353 2468 nobis
385 2412 486 2479 sit,
513 2426 677 2486 quam
699 2412 776 2467 illi
796 2412 925 2475 suit3
952 2413 1008 2468 id
1030 2414 1172 2486 quod
1198 2414 1429 2486 agimus.
1489 2413 1634 2486 Ergo
1656 2414 1756 2469 hoc
1783 2415 2042 2487 primum.

201 2511 288 2570 75.
332 2514 592 2588 Sequitur
618 2513 774 2569 illud:
818 2515 932 2587 ipse
951 2511 1150 2570 ‘melior
1180 2514 1401 2577 fiebam;
1428 2516 1670 2588 primum
1701 2515 2039 2581 valetudine,

195 2629 384 2688 quam,
401 2615 727 2670 intermissis
740 2615 1242 2681 exercitationibuS,
1258 2617 1569 2671 amiseram:
1586 2615 1779 2672 deinde
1794 2618 1909 2689 ipsa
1931 2616 2040 2681 illa,

192 2715 364 2788 siqua
386 2715 559 2770 fuitin
582 2732 694 2781 me,
717 2715 944 2771 facultas
962 2717 1221 2771 orationis
1236 2758 1250 2781 ,
1271 2717 1377 2771 nisi
1394 2733 1481 2771 me
1494 2716 1562 2772 ad
1584 2716 1681 2772 has
1699 2719 2038 2772 exercitatio·

196 2831 292 2871 nes
311 2816 618 2872 retulissem
633 2858 648 2882 ,
670 2818 984 2872 exaruisset.
1027 2817 1252 2873 Dicam⁶
1273 2816 1535 2871 breviter:
1558 2833 1645 2871 me
1662 2833 1764 2873 nec
1783 2818 2039 2891 reipubli-

197 2926 291 2970 cae
307 2956 323 2978 ‚
354 2932 454 2971 nec
474 2917 666 2971 amicis
687 2933 944 2988 umquam
968 2917 1226 2984 defuisse,
1248 2925 1302 2974 et
1322 2925 1503 2972 tamen
1525 2919 1671 2971 omni
1693 2932 1888 2989 genere
1920 2935 2036 2973 mo-

198 3024 582 3073 numentorum
617 3034 861 3073 meorum
898 3019 1186 3091 perfecisse
1219 3020 1395 3092 operis
1427 3017 1754 3084 subseciviS,
1789 3027 1850 3074 ut
1884 3035 2036 3076 meae

258 3238 298 3294 ¹)
329 3233 464 3295 Epist.
491 3233 543 3278 ad
578 3234 713 3295 Papir.
744 3238 924 3279 Paetum
958 3233 1032 3293 (ad
1058 3237 1176 3281 Fam.
1204 3216 1277 3282 IX.
1309 3239 1382 3281 20.
1418 3239 1526 3295 §3.)
1561 3262 1619 3269 —
1651 3236 1693 3294 ²)
1721 3235 1850 3297 Epist.
1870 3235 1925 3281 ad
1956 3238 2035 3281 Vo-

197 3309 422 3358 lumnium
466 3311 540 3369 (ad
582 3314 701 3355 Fam.
746 3314 842 3356 vll.
877 3315 950 3357 33.
990 3315 1107 3373 §2.)
1141 3341 1200 3349 —-
1232 3317 1272 3373 5)
1298 3315 1435 3376 Epist.
1476 3314 1531 3359 ad
1564 3313 1702 3375 Papir.
1741 3317 1924 3360 Paetum
1957 3316 2032 3373 (ad

197 3389 315 3434 Fam.
343 3391 417 3436 IX.
442 3392 514 3434 16.
550 3391 573 3447 ᾗ
596 3392 657 3448 7.)
692 3417 751 3423 --
783 3393 823 3449 4)
857 3392 990 3452 Epist.
1010 3393 1063 3438 ad
1090 3393 1379 3437 Volumnium
1397 3391 1472 3450 (ad
1490 3396 1609 3439 Fam.
1628 3396 1719 3438 V11.
1739 3398 1812 3439 33.
1841 3397 1949 3454 §2.)
1974 3422 2034 3429 —-

193 3468 234 3524 5)
266 3467 398 3528 Epist.
432 3468 485 3512 ad
521 3468 657 3529 Papir.
694 3471 871 3513 Paetum
907 3470 983 3527 (ad
1005 3474 1120 3516 Fam.
1143 3472 1212 3515 IX.
1236 3473 1305 3514 18.
1328 3473 1435 3529 §1.)
1470 3499 1526 3506 —-
1562 3476 1601 3532 6)
1634 3472 1818 3535 Philipp.
1848 3477 1905 3521 11.
1940 3492 1975 3518 c.
1992 3478 2034 3518 8.

196 3546 220 3602 §
239 3548 309 3590 20.
