2210 3970
245 257 351 309 644
720 266 1047 306 ANNALES
1106 264 1615 306 CICERONIANI.

250 401 395 452 hostis
428 399 620 444 incurrit
635 397 784 458 ibique
791 402 1003 458 pugnans
1029 393 1299 453 confoditur.
1349 397 1502 442 Florus
1517 397 1548 442 l.
1562 412 1599 442 c.
1616 398 1702 443 Cic.
1718 413 1792 459 pro
1809 399 1950 443 Sextio
1982 415 2017 444 c.
2036 402 2078 443 5.

251 483 324 525 12.
346 480 399 522 Si
415 481 472 521 M.
498 476 666 521 Petreii
680 491 766 519 non
783 474 999 519 eoecellens
1016 473 1193 517 animus
1206 504 1219 527 ,
1243 481 1288 517 ct
1303 489 1427 517 amor
1440 474 1730 535 reipublicae,
1748 492 1834 520 non
1842 485 2082 538 praestans

251 558 299 600 in
315 555 542 616 republica
557 555 723 609 virtus,
736 569 822 597 non
838 568 1009 597 summa
1026 550 1274 595 auctoritas
1289 550 1413 611 apud
1425 551 1594 595 milites
1605 585 1618 608 ‚
1632 569 1717 596 non
1733 554 1840 596 miri
1833 553 1959 614 ficus
1974 568 2086 597 usus

248 635 297 678 in
313 650 360 677 re
376 632 570 676 militari
589 631 840 675 exstitisset
846 651 863 685 ,-
880 656 939 664 —
955 629 1088 672 datus
1104 627 1185 671 illo
1201 628 1249 671 in
1267 628 1379 672 bello
1397 638 1512 673 esset
1529 631 1663 674 hiemi
1680 630 1823 686 locus,
1841 646 1979 691 neque
1995 647 2089 674 um·

252 727 385 773 quam
409 709 605 754 Catilina
617 743 629 765 ‚
648 725 783 770 quum
801 725 824 753 e
833 707 1001 769 pruina
1017 705 1235 766 Apennini
1252 714 1387 768 atque
1404 725 1427 752 e
1443 708 1619 753 nivibus
1636 708 1736 752 illis
1751 696 2003 751 emersisset
2018 714 2087 751 at·

255 805 362 850 que,
381 795 594 832 aestatem
610 788 828 847 integram
840 792 998 829 nactus
1012 817 1024 839 ‚
1042 781 1208 826 Italiae
1233 784 1371 828 calles
1387 793 1432 829 et
1439 783 1676 846 pastorum
1692 785 1870 830 stabula
1878 784 2095 846 praedari

257 867 506 926 coepisset,
535 865 631 907 sine
657 863 797 907 multo
825 862 1056 921 sanguine
1068 876 1119 903 ac
1146 861 1242 903 sine
1259 863 1399 905 totius
1426 862 1592 908 Italiae
1617 866 1829 909 vastitate
1843 864 2093 908 miserrima

258 941 534 987 concidisset.
563 941 640 983 Dio
658 941 1044 983 xxva1.0.39.1.
1075 939 1345 991 Κατιλίνας
1362 938 1456 985 δὲ’
1435 955 1485 984 εν
1505 940 1628 1002 ἀρχῇ
1644 943 1807 994 εὐθτς
1825 946 1914 987 τοῦ
1932 940 2093 997 ἔτους,

256 1020 311 1070 ἐν
335 1009 369 1084 ᾧ
398 1021 507 1065 ’Ioi'
510 1020 618 1071 νιός
636 1034 686 1063 τε
703 1016 917 1069 Σιλανὸς
947 1017 1027 1062 καὶ
1046 1019 1263 1069 Λούκιος
1286 1019 1513 1072 Λικίνιος
1531 1004 1702 1083 ἦρξαν,
1735 1021 2017 1081 ἀπεφθάρη.
2033 1045 2093 1053 ——

259 1103 301 1144 4.
333 1102 414 1144 καὶ
433 1095 742 1154 (Ἀντώνιος)
760 1096 1177 1170 προσκαταδείσας
1200 1098 1264 1158 μή
1283 1101 1381 1150 πως
1408 1101 1677 1168 προθύμως
1710 1099 1839 1158 σσᾶς
1865 1098 2090 1162 ἀγωνιζο-

261 1179 434 1240 μένους
458 1176 574 1223 ἰδὼν
607 1178 922 1234 (Κατιλίνας)
960 1176 1231 1240 ἒξονειδίσῃ
1264 1195 1313 1222 τι
1343 1181 1424 1225 καὶ
1452 1181 1712 1244 προενέγκῃ
1742 1181 1790 1226 οἱ
1826 1180 1922 1225 τῶν
1955 1178 2097 1267 ἀπορ-

259 1258 448 1321 ρήτων,
498 1255 647 1308 αὐτὸς
689 1253 776 1315 μὲν
809 1264 972 1303 νοσεῖν
1001 1260 1394 1319 προεφασίσατο,
1442 1260 1633 1324 Μάρκω
1659 1254 1712 1306 δὲ
1743 1249 1967 1321 Πετρηίῳ
2010 1276 2096 1317 την

260 1339 419 1398 μάχην
467 1335 754 1398 ἐπέτρεψεν.
794 1327 1051 1397 συμβαλὼν
1091 1329 1179 1380 οιν
1225 1336 1371 1390 οὗτός
1400 1344 1561 1397 ’σφισι
1582 1339 1666 1387 τὸν
1695 1342 1969 1386 Κατιλίναν
2014 1343 2098 1386 καὶ

266 1418 443 1472 ἄλλους
468 1419 776 1479 τρισχιλίους
802 1417 1155 1479 προθυμότατα
1182 1415 1556 1479 ἀγωνιζομένους
1585 1419 1679 1474 οὐκ
1710 1419 1950 1481 ἀναιμωτὶ
1986 1437 2104 1465 κατ-

264 1498 439 1559 ε’κοψεν
461 1511 474 1526 ·
504 1495 625 1543 οὔτε
663 1497 749 1560 γάρ
785 1496 952 1560 ἔφυγεν
991 1495 1154 1542 αὐτῶν
1185 1495 1375 1552 οὐδεὶς,
1425 1501 1508 1547 καὶ
1534 1499 1587 1549 ἐν
1617 1498 1754 1561 χώρᾳ
1781 1501 1954 1552 πάντες
1987 1499 2102 1546 ἔπε-

263 1595 371 1633 σον.
437 1575 619 1637 Appian.
636 1579 682 1620 B.
703 1580 747 1620 C.
767 1590 817 1620 11.
843 1593 879 1620 c.
900 1578 939 1620 7.
972 1578 1245 1622 Κατιλίναν
1262 1575 1315 1623 δὲ
1343 1574 1393 1629 ἒς
1418 1571 1703 1642 δισμυρίους
1736 1597 1793 1636 τε,
1815 1579 2098 1642 ἀγείραντα,

265 1660 346 1703 καὶ
389 1639 570 1701 τούτων
616 1656 990 1717 τεταρτημόριον
1030 1656 1299 1704 ὁπλίσαντα
1337 1656 1446 1716 ἤδη,
1496 1661 1588 1704 καί
1628 1657 1677 1711 ἒς
1719 1661 1975 1705 Γαλατίαν
2016 1658 2100 1706 ἐπὶ

266 1737 415 1797 ἄλλην
460 1734 761 1798 παρασκευήν
802 1733 1035 1793 ἀπιόντα,
1092 1737 1390 1794 Ἀντώνιος,
1437 1735 1466 1782 o‘
1509 1735 1672 1800 ἕτερος
1710 1738 1928 1796 ὕπατος,
1976 1738 2098 1803 ὑπὲρ

265 1819 473 1868 ”Αλπεις
507 1814 817 1875 καταλαβὼν,
854 1815 912 1866 οὐ
943 1816 1186 1878 δυσχερῶς
1214 1815 1478 1879 ἐκράτησεν
1501 1806 1680 1883 ἀνδρὸς
1706 1816 1986 1880 ἐμπλήκτως
2014 1819 2095 1866 ἆλ-

266 1899 471 1944 λόκοτον
503 1881 640 1959 ε’ργον
667 1894 749 1941 ἐπὶ
783 1885 901 1940 νοῦν
934 1895 1166 1956 λαβόντος
1199 1913 1280 1952 τε,
1318 1898 1400 1942 καὶ
1429 1892 1479 1949 ἧς
1512 1897 1681 1960 πεῖραν
1713 1897 1787 1953 ἔτι
1820 1900 2094 1962 ἐμπληκτό-

266 1994 405 2040 τερον
439 1974 784 2037 ἀπαρασκεύως
826 1978 1192 2041 προαγαγόντος
1271 1974 1340 2023 Οὐ
1373 1975 1466 2038 μήν
1495 1977 1532 2022 5'
1562 1993 1611 2040 γε
1647 1981 1946 2037 Κατιλίνας,
1986 1979 2095 2026 οὐδ’

269 2054 414 2108 ἄλλος
442 2052 607 2106 οὐδεὶς
640 2053 734 2102 τῶν
758 2057 1001 2101 συνόντων
1028 2053 1305 2112 ἐπιφανῶν,
1340 2062 1510 2118 φυγεῖν
1541 2055 1766 2114 ἠξίωσεν·
1805 2057 1908 2104 ἀλλ’
1935 2057 2100 2121 ἐσδρα-

267 2135 443 2205 μόντες
477 2133 525 2185 ἐς
558 2133 674 2184 τούς
704 2134 965 2198 πολεμίους
1000 2131 1267 2179 απώλοντο

345 2223 407 2298 (³)
449 2223 525 2277 De
558 2222 926 2279 coniuratione
965 2221 1224 2276 Catilinae
1260 2239 1291 2277 a
1328 2239 1386 2278 se
1418 2240 1706 2295 oppressa,
1744 2206 2010 2298 rebusque
2043 2227 2100 2279 in

266 2321 552 2380 consulatu
603 2336 635 2376 a
683 2338 739 2376 se
778 2322 944 2393 gestis
983 2322 1166 2377 Cicero
1205 2322 1503 2395 epistolam,
1558 2323 1848 2380 voluminis
1893 2327 2098 2390 instar,

269 2426 338 2485 ad
373 2425 681 2509 Pompeium
720 2425 890 2477 mittit
926 2425 982 2477 in
1022 2424 1224 2498 Asiam.
1265 2441 1339 2478 111.
1376 2441 1422 2479 o.
1448 2426 1536 2479 55.
1578 2428 1704 2488 112.

333 2523 477 2573 Schol.
505 2522 610 2577 Bob.
635 2521 682 2565 in
711 2526 831 2571 Orat.
862 2539 937 2583 pro
963 2521 1135 2567 Plancio
1159 2540 1196 2583 p.
1217 2520 1344 2567 270.-
1332 2515 1602 2600 Significat
1629 2512 1886 2585 Epistolam
1909 2534 1996 2571 non
2021 2543 2108 2572 me-

276 2602 467 2651 diocrem
489 2599 711 2653 adinstar
725 2599 962 2644 voluminis
979 2601 1218 2662 scriptam,
1242 2616 1375 2663 quam
1392 2591 1642 2662 Pompeio
1623 2619 1670 2645 zn
1691 2603 1846 2647 Asiam
1869 2603 1928 2648 de
1952 2604 2110 2649 rebus

276 2679 395 2734 suis
436 2679 491 2722 in
528 2676 817 2731 consulatu
856 2678 1034 2739 gestis
1065 2678 1251 2723 miserat
1281 2677 1455 2730 Cicero,
1490 2664 1746 2739 aliquanto,
1777 2687 1830 2724 ut
1853 2681 2108 2740 videbatur,

275 2755 543 2801 insolentius
565 2754 800 2814 scriptam,
833 2763 887 2799 ut
919 2742 1122 2817 Pompeii
1147 2738 1421 2800 stomachum
1447 2772 1534 2803 non
1556 2748 1843 2809 mediocriter
1874 2775 2108 2807 commove-

276 2838 371 2883 ret.-
415 2831 535 2894 quod
569 2827 761 2892 quadam
793 2833 1046 2894 superbiore
1089 2833 1308 2881 iactantia
1346 2833 1548 2882 omnibus
1585 2850 1633 2878 se
1671 2833 1884 2896 gloriosis
1926 2835 2112 2880 ducibus

277 2918 572 2979 anteponeret.
636 2912 728 2954 Hoc
760 2910 904 2972 igitur
934 2911 1032 2956 vult
1063 2927 1158 2957 esse
1180 2918 1456 2973 purgatum,
1505 2910 1655 2956 dicens
1685 2912 1919 2979 nuntiasse
1949 2929 1996 2957 se
2032 2914 2105 2959 Cn.

276 2989 486 3049 Pompeio
505 2986 687 3047 patriae
712 2989 1107 3047 conservationem,
1130 3007 1207 3039 nec
1235 2990 1475 3034 inscienter
1497 2989 1551 3037 de
1567 2997 1702 3034 semet
1724 2989 1824 3050 ipso
1846 2989 2107 3052 gloriatum.

282 3065 535 3125 obfuerunt
559 3071 708 3122 autem
735 3082 782 3109 re
807 3083 938 3123 vera:
970 3084 1072 3111 nam
1104 3069 1171 3116 sic
1193 3058 1516 3129 effectum,est,‚
1549 3075 1603 3112 ut
1623 3067 1666 3115 ei
1690 3069 1931 3128 Pompeius
1956 3078 2109 3113 contra

283 3143 540 3190 Clodianam
563 3143 652 3186 vim
669 3159 756 3194 non
770 3146 1146 3213 patrocinaretur.
1194 3145 1262 3192 Ad
1282 3145 1393 3194 hauc
1420 3132 1933 3210 EpistolamPompeium
1954 3144 2110 3206 frigide

279 3222 515 3268 admodum
543 3222 832 3282 respondisse,
864 3238 942 3267 nec
968 3222 1158 3274 Ciceroni
1187 3225 1328 3270 ullam
1354 3223 1616 3286 significasse
1644 3223 1863 3271 rerum-in
1883 3223 2114 3269 consulatu
2183 3231 2186 3238 '

280 3317 357 3356 suo
385 3307 604 3360 gestarum
637 3299 978 3359 gratulationem
996 3333 1009 3356 ‚
1041 3310 1218 3362 apparet
1246 3318 1300 3347 ex
1325 3302 1410 3354 alia
1437 3302 1646 3349 Ciceronis
1672 3301 1885 3364 Epistola,
1913 3302 1967 3346 ad
1995 3304 2118 3346 Pom·
2170 3335 2171 3338 ,

283 3378 429 3439 peium
465 3376 544 3421 hoc
577 3393 751 3438 quoque
781 3394 893 3422 anno
921 3379 1110 3439 scripta3
1143 3397 1254 3441 quae
1283 3390 1348 3426 est
1381 3381 1437 3426 ad
1462 3384 1583 3429 Fam.
1606 3394 1650 3425 V.
1686 3377 1727 3423 7.
1756 3383 1798 3423 3.
1829 3378 1891 3422 Ac
1918 3396 1971 3423 ne
1997 3380 2120 3439 igno-
2181 3372 2210 3441 '¹'1'⁵

287 3441 384 3510 rec,
416 3454 528 3515 quid
552 3444 630 3516 ego
656 3456 704 3498 in
733 3455 825 3498 tuis
855 3455 1023 3509 litteris
1045 3456 1355 3518 desiderarim‚
1390 3462 1580 3506 scribam
1605 3465 1779 3521 aperte,
1813 3457 1932 3501 sicut
1954 3465 1998 3501 et
2023 3472 2119 3500 mea
2182 3467 2189 3526 {

290 3540 452 3577 notura
496 3539 538 3575 et
569 3539 726 3588 nostra
758 3532 958 3578 amicitia
992 3537 1208 3595 postulat.
1274 3541 1359 3585 Res
1394 3557 1468 3584 eas
1498 3539 1650 3600 gessi,
1694 3553 1883 3596 quarum
1924 3534 2121 3596 aliquam

2192 2928 2210 3137 -tlssd-r-z-nvr?
2200 2919 2203 2923 -
2201 2879 2210 2910 σὺ.
2202 2865 2210 2871 ;
