2150 3990
504 242 557 295 L.
585 243 671 297 lv.
713 260 757 295 c.
783 243 869 298 lx.
915 241 954 313 ξ
981 244 1049 295 22
1091 273 1163 280 -—
1204 258 1246 293 c.
1275 240 1334 294 X.
1380 238 1417 309 §
1446 243 1531 289 235.
1829 237 1927 287 1623

329 394 417 445 24.
457 393 686 449 “Romu
721 396 818 450 νῦν
847 414 937 461 μοι
974 396 1191 448 Μοῦσαι
1212 430 1226 454 .
1266 422 1340 430 -—

473 494 657 554 ὅππως
693 490 756 559 δὴ
782 491 992 561 πρῶτον
1023 495 1127 559 πῦρ
1155 491 1362 560 ἔμπεσε.

19 636 22 639 .
98 587 348 653 Crassus,
407 587 495 643 ille
547 587 794 643 laudator
840 603 1025 652 meuS‚
1081 586 1147 643 de
1185 588 1342 643 cuius
1381 590 1622 643 oratione
1671 602 1800 657 erga
1839 602 1925 640 me

98 686 391 744 honorifica
412 689 466 743 in
488 689 752 761 superiori
773 687 908 744 libro
928 689 1157 762 scripsi,
1190 688 1352 745 biduo
1372 706 1468 762 per
1489 703 1656 744 unum
1681 702 1895 741 servum
1912 728 1926 749 ‚

95 793 296 844 etcum
315 804 381 843 ex
402 787 718 860 gladiatorio
737 787 863 845 ludo
882 832 898 855 ,
917 788 1148 845 confecit
1169 796 1343 846 totum
1375 789 1679 863 negotium;
1706 787 1927 842 arcessi-

95 886 174 943 vit
205 886 273 943 ad
293 905 385 954 se,
421 889 699 961 promisit,
729 890 1061 956 intercessit,
1101 890 1265 947 dedit.
1322 892 1433 947 Iam
1454 907 1581 947 vero
1602 890 1654 963 (o
1675 888 1751 943 dii
1772 887 1928 942 boni!

98 1003 215 1045 rem
234 988 499 1062 perditam
514 989 549 1063 1)
592 991 756 1046 etiam
777 997 960 1047 noctes
986 998 1262 1047 certarum
1279 990 1570 1047 mulierum
1585 1033 1600 1056 ,
1628 996 1789 1062 atquc
1808 986 1928 1044 ado-

100 1087 517 1147 lescentulorum
569 1090 853 1147 nobilium¹
883 1091 1308 1147 introductiones
1348 1083 1622 1147 nonnullis
1666 1087 1935 1144 iudicibus

100 1203 197 1261 pro
224 1188 488 1245 mercedis
526 1189 743 1245 cumulo
777 1188 1013 1246 suerunt.
1095 1192 1213 1256 Ita,
1251 1208 1463 1246 summo
1495 1190 1736 1245 discessu
1775 1188 1931 1243 hono-

98 1302 252 1353 rum,
271 1287 429 1360 pleno
447 1286 561 1342 foro
592 1304 904 1352 servorum,
940 1305 1042 1343 xxv
1076 1289 1282 1344 iudices
1304 1289 1379 1343 ita
1400 1287 1564 1343 sortes
1603 1293 1783 1342 tamen
1824 1286 1932 1342 sue·

98 1392 259 1452 runt,
310 1391 406 1452 ut,
445 1397 659 1442 summo
677 1387 948 1460 proposito
979 1387 1248 1460 periculo,
1287 1387 1370 1444 vel
1404 1388 1581 1461 perire
1614 1385 1933 1449 maluerint,

98 1501 261 1561 quam
312 1483 535 1559 perdere
587 1486 801 1550 omnia;
853 1503 975 1543 xxxi
1022 1485 1268 1554 fuerunt,
1326 1504 1461 1561 quos
1514 1486 1681 1544 sames
1738 1487 1936 1557 magiS,

101 1603 269 1661 quam
309 1585 451 1645 sama
488 1589 890 1646 commoverit„
934 1587 1176 1658 Quorum
1227 1589 1449 1645 Catulus
1498 1605 1668 1662 quum
1715 1587 1939 1642 vidisset

104 1687 392 1761 quemdam
416 1730 430 1755 ,
469 1687 614 1758 Quid
649 1706 744 1745 vos
764 1731 779 1755 ,
839 1689 1052 1763 inquit,
1093 1690 1422 1764 praesidium
1457 1707 1490 1747 a
1522 1690 1674 1746 nobis
1708 1687 1935 1763 postula·

106 1765 283 1847 batis?
322 1805 391 1846 an
412 1830 428 1855 ,
459 1806 533 1847 ne
560 1792 770 1848 nummi
811 1790 959 1847 vohis
987 1793 1328 1866 eriperentur
1348 1835 1362 1858 ,
1403 1792 1711 1849 timebatis?

108 1933 110 1936 ψ
177 1889 387 1956 Habea,
439 1897 501 1948 ut
538 1890 852 1950 brevissime
892 1894 1079 1967 potui,
1138 1910 1309 1967 genus
1361 1892 1549 1951 iudicii
1596 1900 1650 1950 et
1689 1907 1936 1951 caussam

108 1978 480 2052 absolutionis..

183 2192 265 2248 X.·
327 2195 417 2251 25.
459 2195 601 2252 Sed¹
637 2202 818 2252 tamen
860 2214 965 2252 non
1007 2199 1117 2263 ita,
1159 2205 1220 2254 ut
1261 2204 1544 2271 sperarant
1584 2196 1741 2261 mali,
1792 2202 1941 2251 tanto

111 2293 366 2366 imposito
411 2295 738 2368 reipublicae
789 2297 1046 2363 vulnere,
1097 2297 1292 2353 alacris
1337 2296 1642 2353 exsultabat
1690 2296 1939 2368 improbi-

110 2399 194 2449 tas
239 2395 297 2451 in
329 2395 571 2452 victoria.
650 2397 783 2452 Nam
822 2397 978 2470 plane
1011 2398 1087 2453 ita
1125 2405 1477 2470 putaverant,
1515 2413 1687 2470 quum
1718 2396 1907 2467 religio
1929 2439 1941 2459 ,

111 2511 280 2567 quum
331 2495 594 2569 pudicitia
614 2539 629 2564 ,
681 2515 850 2571 quum
902 2498 1228 2554 iudiciorum
1288 2498 1447 2564 fides,
1510 2514 1681 2571 quum
1721 2504 1942 2555 senatus

108 2595 403 2652 auctoritas
471 2597 823 2664 concidisset,
895 2598 1032 2664 fore,
1090 2604 1152 2654 ut
1207 2604 1393 2671 aperte
1442 2598 1639 2653 victrix
1699 2599 1940 2671 nequitia

111 2710 181 2751 ac
231 2695 397 2753 libido
445 2703 643 2771 poenas
693 2698 762 2755 ab
812 2700 1016 2772 optimo
1058 2715 1271 2772 quoque
1308 2705 1515 2771 peteret
1573 2699 1657 2753 sui
1710 2698 1913 2754 doloris
1929 2742 1943 2764 ‚

32 2815 34 2821 ’
109 2810 277 2868 quem
323 2796 720 2870 improbissimo
769 2800 967 2873 cuique
1012 2800 1282 2855 inusserat
1321 2800 1580 2866 severitas
1630 2800 1945 2855 consulatus

114 2895 238 2952 mei.
318 2895 466 2953 Idem
504 2915 603 2970 ego
641 2901 879 2956 recreavi
918 2900 1144 2957 afflictos
1169 2901 1384 2956 animos*
1416 2899 1676 2955 bonorum
1698 2942 1713 2964 ,
1774 2916 1948 2955 unum

114 3012 395 3070 quemque
419 2998 745 3056 confirmans
765 3042 780 3067 ,
820 3003 1090 3065 excitans;
1142 3001 1470 3057 insectandis
1509 3018 1637 3056 vero
1672 3002 1947 3073 exagitan-

117 3096 306 3171 disque
345 3101 668 3156 nummariis
701 3101 1006 3169 iudicibus,
1046 3120 1259 3158 omnem
1299 3102 1548 3157 omnibus
1588 3102 1843 3159 studiosis
1882 3121 1945 3159 ac

113 3197 412 3255 fautoribus
435 3200 580 3256 illius
613 3202 869 3258 victoriae
908 3206 1208 3277 παρῤησίαν
1247 3203 1450 3275 eripui;
1490 3202 1734 3259 Pisonem
1756 3222 1943 3261 consu-

115 3298 222 3355 lem
252 3299 398 3357 nulla
427 3303 481 3357 in
516 3320 574 3358 re
604 3305 895 3361 consistere
929 3320 1186 3378 umquam
1222 3322 1342 3361 sum
1372 3320 1587 3376 passus:
1627 3305 1942 3378 desponsam

182 3530 221 3587 ι)
251 3528 362 3578 ibid.
381 3533 406 3589 ς
427 3535 466 3577 τ.
