<?xml version="1.0" encoding="UTF-8"?>
<!DOCTYPE html PUBLIC "-//W3C//DTD XHTML 1.0 Transitional//EN"
    "http://www.w3.org/TR/xhtml1/DTD/xhtml1-transitional.dtd">
<html xmlns="http://www.w3.org/1999/xhtml" xml:lang="en" lang="en">
 <head>
  <title>
</title>
<meta http-equiv="Content-Type" content="text/html;charset=utf-8" />
  <meta name='ocr-system' content='tesseract 3.04.00' />
  <meta name='ocr-capabilities' content='ocr_page ocr_carea ocr_par ocr_line ocrx_word'/>
</head>
<body>
  <div class='ocr_page' id='page_1' title='image "./mtulliiciceronis00suriuoft/mtulliiciceronis00suriuoft_0219.png"; bbox 0 0 2150 3990; ppageno 0'>
   <div class='ocr_carea' id='block_1_1' title="bbox 529 214 1963 288">
    <p class='ocr_par' dir='ltr' id='par_1_1' title="bbox 529 214 1963 288">
     <span class='ocr_line' id='line_1_1' title="bbox 529 214 1963 288; baseline -0.001 -19"><span class='ocrx_word' id='word_1_1' title='bbox 529 216 584 269; x_wconf 69' lang='grc' dir='ltr'><strong>ι..</strong></span> <span class='ocrx_word' id='word_1_2' title='bbox 610 215 669 268; x_wconf 89' lang='lat' dir='ltr'><strong>V.</strong></span> <span class='ocrx_word' id='word_1_3' title='bbox 711 230 755 269; x_wconf 78' lang='lat' dir='ltr'><strong>c.</strong></span> <span class='ocrx_word' id='word_1_4' title='bbox 782 214 840 267; x_wconf 89' lang='lat' dir='ltr'><strong>v.</strong></span> <span class='ocrx_word' id='word_1_5' title='bbox 884 214 925 288; x_wconf 63' lang='grc' dir='ltr'><strong>ς</strong></span> <span class='ocrx_word' id='word_1_6' title='bbox 953 219 1021 267; x_wconf 86' lang='grc' dir='ltr'><strong>ιο</strong></span> <span class='ocrx_word' id='word_1_7' title='bbox 1059 244 1132 254; x_wconf 84' lang='grc'><strong>-</strong></span> <span class='ocrx_word' id='word_1_8' title='bbox 1171 214 1357 269; x_wconf 77' lang='lat' dir='ltr'><strong>c.v11.</strong></span> <span class='ocrx_word' id='word_1_9' title='bbox 1402 215 1441 287; x_wconf 62' lang='lat' dir='ltr'>S</span> <span class='ocrx_word' id='word_1_10' title='bbox 1479 219 1562 267; x_wconf 84' lang='lat'><strong>14.</strong></span> <span class='ocrx_word' id='word_1_11' title='bbox 1863 217 1963 269; x_wconf 72' lang='lat' dir='ltr'><strong>eoi</strong></span> 
     </span>
    </p>
   </div>
   <div class='ocr_carea' id='block_1_2' title="bbox 147 362 1980 1325">
    <p class='ocr_par' dir='ltr' id='par_1_2' title="bbox 147 362 1980 1325">
     <span class='ocr_line' id='line_1_2' title="bbox 153 362 1977 439; baseline -0.001 -17"><span class='ocrx_word' id='word_1_12' title='bbox 153 382 258 439; x_wconf 90' lang='lat' dir='ltr'><strong>que</strong></span> <span class='ocrx_word' id='word_1_13' title='bbox 277 382 367 423; x_wconf 86' lang='lat' dir='ltr'><strong>cas</strong></span> <span class='ocrx_word' id='word_1_14' title='bbox 383 405 399 431; x_wconf 89' lang='lat'><strong><em>,</em></strong></span> <span class='ocrx_word' id='word_1_15' title='bbox 437 365 634 437; x_wconf 89' lang='lat' dir='ltr'><strong>quihus</strong></span> <span class='ocrx_word' id='word_1_16' title='bbox 655 367 784 431; x_wconf 90' lang='lat' dir='ltr'><strong>iste,</strong></span> <span class='ocrx_word' id='word_1_17' title='bbox 816 381 848 420; x_wconf 90' lang='lat' dir='ltr'><strong>a</strong></span> <span class='ocrx_word' id='word_1_18' title='bbox 872 379 959 420; x_wconf 91' lang='lat' dir='ltr'><strong>me</strong></span> <span class='ocrx_word' id='word_1_19' title='bbox 980 379 1085 419; x_wconf 93' lang='lat' dir='ltr'><strong>non</strong></span> <span class='ocrx_word' id='word_1_20' title='bbox 1105 362 1360 419; x_wconf 78' lang='lat' dir='ltr'><strong>recedens</strong></span> <span class='ocrx_word' id='word_1_21' title='bbox 1381 406 1396 429; x_wconf 91' lang='lat'><strong>,</strong></span> <span class='ocrx_word' id='word_1_22' title='bbox 1418 362 1850 419; x_wconf 77' lang='lat' dir='ltr'><strong>Thessalonicam</strong></span> <span class='ocrx_word' id='word_1_23' title='bbox 1890 381 1977 420; x_wconf 90' lang='lat' dir='ltr'><strong>me</strong></span> 
     </span>
     <span class='ocr_line' id='line_1_3' title="bbox 155 463 1975 540; baseline -0.002 -18"><span class='ocrx_word' id='word_1_24' title='bbox 155 468 212 522; x_wconf 91' lang='lat' dir='ltr'><strong>in</strong></span> <span class='ocrx_word' id='word_1_25' title='bbox 248 466 725 539; x_wconf 80' lang='lat' dir='ltr'><strong>quaestoriumque</strong></span> <span class='ocrx_word' id='word_1_26' title='bbox 762 463 1043 540; x_wconf 84' lang='lat' dir='ltr'><strong>perduxit!</strong></span> <span class='ocrx_word' id='word_1_27' title='bbox 1128 466 1213 519; x_wconf 73' lang='lat'><strong>12.</strong></span> <span class='ocrx_word' id='word_1_28' title='bbox 1255 463 1542 519; x_wconf 82' lang='lat' dir='ltr'><strong>Brundisio</strong></span> <span class='ocrx_word' id='word_1_29' title='bbox 1563 469 1581 503; x_wconf 82' lang='lat'><strong>¹</strong></span> <span class='ocrx_word' id='word_1_30' title='bbox 1637 469 1818 519; x_wconf 89' lang='lat' dir='ltr'><strong>autem</strong></span> <span class='ocrx_word' id='word_1_31' title='bbox 1858 480 1975 535; x_wconf 88' lang='lat' dir='ltr'><strong>pro-</strong></span> 
     </span>
     <span class='ocr_line' id='line_1_4' title="bbox 154 563 1977 638; baseline -0.001 -18"><span class='ocrx_word' id='word_1_32' title='bbox 154 565 398 623; x_wconf 81' lang='lat' dir='ltr'><strong>ficiscens</strong></span> <span class='ocrx_word' id='word_1_33' title='bbox 435 566 758 638; x_wconf 80' lang='lat' dir='ltr'><strong>scripseram</strong></span> <span class='ocrx_word' id='word_1_34' title='bbox 797 565 865 622; x_wconf 86' lang='lat' dir='ltr'><strong>ad</strong></span> <span class='ocrx_word' id='word_1_35' title='bbox 915 565 1186 630; x_wconf 85' lang='lat' dir='ltr'><strong>Atticum,</strong></span> <span class='ocrx_word' id='word_1_36' title='bbox 1225 579 1359 637; x_wconf 89' lang='lat' dir='ltr'><strong>quas</strong></span> <span class='ocrx_word' id='word_1_37' title='bbox 1408 563 1477 619; x_wconf 88' lang='lat' dir='ltr'><strong>ab</strong></span> <span class='ocrx_word' id='word_1_38' title='bbox 1508 579 1728 630; x_wconf 81' lang='lat' dir='ltr'><strong>caussas</strong></span> <span class='ocrx_word' id='word_1_39' title='bbox 1761 564 1816 619; x_wconf 90' lang='lat' dir='ltr'><strong>in</strong></span> <span class='ocrx_word' id='word_1_40' title='bbox 1855 563 1977 636; x_wconf 88' lang='lat' dir='ltr'><strong>Epi·</strong></span> 
     </span>
     <span class='ocr_line' id='line_1_5' title="bbox 154 662 1978 739; baseline -0.001 -18"><span class='ocrx_word' id='word_1_41' title='bbox 154 682 278 722; x_wconf 88' lang='lat' dir='ltr'><strong>rum</strong></span> <span class='ocrx_word' id='word_1_42' title='bbox 330 680 436 721; x_wconf 90' lang='lat' dir='ltr'><strong>non</strong></span> <span class='ocrx_word' id='word_1_43' title='bbox 475 681 715 721; x_wconf 89' lang='lat' dir='ltr'><strong>essemus</strong></span> <span class='ocrx_word' id='word_1_44' title='bbox 760 663 1016 739; x_wconf 88' lang='lat' dir='ltr'><strong>profecti;</strong></span> <span class='ocrx_word' id='word_1_45' title='bbox 1067 662 1208 738; x_wconf 90' lang='lat' dir='ltr'><strong>quod</strong></span> <span class='ocrx_word' id='word_1_46' title='bbox 1259 671 1316 720; x_wconf 89' lang='lat' dir='ltr'><strong>et</strong></span> <span class='ocrx_word' id='word_1_47' title='bbox 1353 663 1554 721; x_wconf 81' lang='lat' dir='ltr'><strong>Achaia</strong></span> <span class='ocrx_word' id='word_1_48' title='bbox 1600 680 1764 736; x_wconf 85' lang='lat' dir='ltr'><strong>prope</strong></span> <span class='ocrx_word' id='word_1_49' title='bbox 1807 670 1948 719; x_wconf 85' lang='lat' dir='ltr'><strong>esset</strong></span> <span class='ocrx_word' id='word_1_50' title='bbox 1964 706 1978 728; x_wconf 88' lang='lat'>,</span> 
     </span>
     <span class='ocr_line' id='line_1_6' title="bbox 150 762 1977 837; baseline -0.001 -16"><span class='ocrx_word' id='word_1_51' title='bbox 150 763 306 837; x_wconf 86' lang='lat' dir='ltr'><strong>plena</strong></span> <span class='ocrx_word' id='word_1_52' title='bbox 342 763 826 822; x_wconf 86' lang='lat' dir='ltr'><strong>audacissimorum</strong></span> <span class='ocrx_word' id='word_1_53' title='bbox 859 765 1228 831; x_wconf 89' lang='lat' dir='ltr'><strong>inimicorum,</strong></span> <span class='ocrx_word' id='word_1_54' title='bbox 1255 771 1310 821; x_wconf 89' lang='lat' dir='ltr'><strong>et</strong></span> <span class='ocrx_word' id='word_1_55' title='bbox 1329 765 1508 821; x_wconf 83' lang='lat' dir='ltr'><strong>exitus</strong></span> <span class='ocrx_word' id='word_1_56' title='bbox 1545 763 1790 821; x_wconf 85' lang='lat' dir='ltr'><strong>difficiles</strong></span> <span class='ocrx_word' id='word_1_57' title='bbox 1823 762 1977 820; x_wconf 88' lang='lat' dir='ltr'><strong>habe·</strong></span> 
     </span>
     <span class='ocr_line' id='line_1_7' title="bbox 150 864 1979 940; baseline -0.001 -19"><span class='ocrx_word' id='word_1_58' title='bbox 150 871 268 930; x_wconf 84' lang='lat' dir='ltr'><strong>ret,</strong></span> <span class='ocrx_word' id='word_1_59' title='bbox 305 880 477 937; x_wconf 87' lang='lat' dir='ltr'><strong>quum</strong></span> <span class='ocrx_word' id='word_1_60' title='bbox 517 864 641 922; x_wconf 90' lang='lat' dir='ltr'><strong>inde</strong></span> <span class='ocrx_word' id='word_1_61' title='bbox 672 866 1151 938; x_wconf 88' lang='lat' dir='ltr'><strong>proficisceremur.</strong></span> <span class='ocrx_word' id='word_1_62' title='bbox 1229 866 1507 931; x_wconf 86' lang='lat' dir='ltr'><strong>Accessit,</strong></span> <span class='ocrx_word' id='word_1_63' title='bbox 1544 882 1712 939; x_wconf 90' lang='lat' dir='ltr'><strong>quum</strong></span> <span class='ocrx_word' id='word_1_64' title='bbox 1747 864 1979 940; x_wconf 84' lang='lat' dir='ltr'><strong>Dyrrha·</strong></span> 
     </span>
     <span class='ocr_line' id='line_1_8' title="bbox 147 963 1980 1032; baseline 0.001 -12"><span class='ocrx_word' id='word_1_65' title='bbox 147 963 259 1020; x_wconf 90' lang='lat' dir='ltr'><strong>chii</strong></span> <span class='ocrx_word' id='word_1_66' title='bbox 291 981 566 1031; x_wconf 88' lang='lat' dir='ltr'><strong>essemus,</strong></span> <span class='ocrx_word' id='word_1_67' title='bbox 607 973 670 1022; x_wconf 88' lang='lat' dir='ltr'><strong>ut</strong></span> <span class='ocrx_word' id='word_1_68' title='bbox 707 966 813 1023; x_wconf 89' lang='lat' dir='ltr'><strong>duo</strong></span> <span class='ocrx_word' id='word_1_69' title='bbox 846 968 1025 1024; x_wconf 87' lang='lat' dir='ltr'><strong>nuntii</strong></span> <span class='ocrx_word' id='word_1_70' title='bbox 1056 966 1413 1030; x_wconf 82' lang='lat' dir='ltr'><strong>afferrentur;</strong></span> <span class='ocrx_word' id='word_1_71' title='bbox 1454 982 1595 1022; x_wconf 90' lang='lat' dir='ltr'><strong>unus</strong></span> <span class='ocrx_word' id='word_1_72' title='bbox 1615 1008 1630 1032; x_wconf 89' lang='lat'><em>,</em></span> <span class='ocrx_word' id='word_1_73' title='bbox 1669 966 1840 1023; x_wconf 87' lang='lat' dir='ltr'><strong>classe</strong></span> <span class='ocrx_word' id='word_1_74' title='bbox 1879 966 1980 1022; x_wconf 78' lang='lat' dir='ltr'><strong>fra·</strong></span> 
     </span>
     <span class='ocr_line' id='line_1_9' title="bbox 151 1064 1978 1141; baseline 0.002 -21"><span class='ocrx_word' id='word_1_75' title='bbox 151 1072 290 1122; x_wconf 85' lang='lat' dir='ltr'><strong>trem</strong></span> <span class='ocrx_word' id='word_1_76' title='bbox 320 1064 531 1139; x_wconf 84' lang='lat' dir='ltr'><strong>Epheso</strong></span> <span class='ocrx_word' id='word_1_77' title='bbox 575 1065 813 1124; x_wconf 83' lang='lat' dir='ltr'><strong>Athenas</strong></span> <span class='ocrx_word' id='word_1_78' title='bbox 833 1109 849 1133; x_wconf 93' lang='lat'>,</span> <span class='ocrx_word' id='word_1_79' title='bbox 888 1068 1025 1125; x_wconf 88' lang='lat' dir='ltr'><strong>alter</strong></span> <span class='ocrx_word' id='word_1_80' title='bbox 1042 1109 1058 1134; x_wconf 92' lang='lat'><strong><em>,</em></strong></span> <span class='ocrx_word' id='word_1_81' title='bbox 1098 1066 1322 1141; x_wconf 88' lang='lat' dir='ltr'><strong>pedibus</strong></span> <span class='ocrx_word' id='word_1_82' title='bbox 1359 1083 1456 1140; x_wconf 91' lang='lat' dir='ltr'><strong>per</strong></span> <span class='ocrx_word' id='word_1_83' title='bbox 1491 1065 1855 1123; x_wconf 81' lang='lat' dir='ltr'><strong>Macedoniam</strong></span> <span class='ocrx_word' id='word_1_84' title='bbox 1895 1083 1978 1123; x_wconf 84' lang='lat' dir='ltr'><strong>ve·</strong></span> 
     </span>
     <span class='ocr_line' id='line_1_10' title="bbox 149 1166 1975 1240; baseline 0.002 -19"><span class='ocrx_word' id='word_1_85' title='bbox 149 1166 282 1221; x_wconf 90' lang='lat' dir='ltr'><strong>nire.</strong></span> <span class='ocrx_word' id='word_1_86' title='bbox 359 1166 549 1240; x_wconf 85' lang='lat' dir='ltr'><strong>Itaque</strong></span> <span class='ocrx_word' id='word_1_87' title='bbox 588 1166 667 1224; x_wconf 89' lang='lat' dir='ltr'><strong>illi</strong></span> <span class='ocrx_word' id='word_1_88' title='bbox 711 1168 920 1226; x_wconf 87' lang='lat' dir='ltr'><strong>obviam</strong></span> <span class='ocrx_word' id='word_1_89' title='bbox 966 1169 1216 1226; x_wconf 89' lang='lat' dir='ltr'><strong>misimus</strong></span> <span class='ocrx_word' id='word_1_90' title='bbox 1254 1167 1520 1233; x_wconf 78' lang='lat' dir='ltr'><strong>AthenaS,</strong></span> <span class='ocrx_word' id='word_1_91' title='bbox 1562 1174 1624 1225; x_wconf 91' lang='lat' dir='ltr'><strong>ut</strong></span> <span class='ocrx_word' id='word_1_92' title='bbox 1657 1167 1780 1224; x_wconf 89' lang='lat' dir='ltr'><strong>inde</strong></span> <span class='ocrx_word' id='word_1_93' title='bbox 1814 1167 1975 1225; x_wconf 79' lang='lat' dir='ltr'><strong>Thes·</strong></span> 
     </span>
     <span class='ocr_line' id='line_1_11' title="bbox 152 1266 692 1325; baseline 0.002 -4"><span class='ocrx_word' id='word_1_94' title='bbox 152 1266 439 1325; x_wconf 86' lang='lat' dir='ltr'><strong>salonicam</strong></span> <span class='ocrx_word' id='word_1_95' title='bbox 469 1269 692 1324; x_wconf 83' lang='lat' dir='ltr'><strong>veniret.</strong></span> 
     </span>
    </p>
   </div>
   <div class='ocr_carea' id='block_1_3' title="bbox 67 1463 1984 3244">
    <p class='ocr_par' dir='ltr' id='par_1_3' title="bbox 67 1463 1984 3244">
     <span class='ocr_line' id='line_1_12' title="bbox 220 1463 1978 1540; baseline 0.001 -18"><span class='ocrx_word' id='word_1_96' title='bbox 220 1463 334 1523; x_wconf 79' lang='lat' dir='ltr'><strong>vll.</strong></span> <span class='ocrx_word' id='word_1_97' title='bbox 418 1469 505 1525; x_wconf 83' lang='lat'><strong>15.</strong></span> <span class='ocrx_word' id='word_1_98' title='bbox 546 1464 656 1540; x_wconf 83' lang='lat' dir='ltr'><strong>Ipsi</strong></span> <span class='ocrx_word' id='word_1_99' title='bbox 698 1467 1060 1540; x_wconf 85' lang='lat' dir='ltr'><strong>processimus</strong></span> <span class='ocrx_word' id='word_1_100' title='bbox 1081 1507 1096 1531; x_wconf 90' lang='lat'><em>,</em></span> <span class='ocrx_word' id='word_1_101' title='bbox 1146 1473 1203 1522; x_wconf 81' lang='lat' dir='ltr'><strong>et</strong></span> <span class='ocrx_word' id='word_1_102' title='bbox 1253 1464 1687 1522; x_wconf 84' lang='lat' dir='ltr'><strong>Thessalonicam</strong></span> <span class='ocrx_word' id='word_1_103' title='bbox 1731 1481 1783 1522; x_wconf 90' lang='lat' dir='ltr'><strong>a.</strong></span> <span class='ocrx_word' id='word_1_104' title='bbox 1834 1465 1888 1522; x_wconf 88' lang='lat' dir='ltr'><strong>d.</strong></span> <span class='ocrx_word' id='word_1_105' title='bbox 1929 1483 1978 1523; x_wconf 78' lang='lat' dir='ltr'><strong>x.</strong></span> 
     </span>
     <span class='ocr_line' id='line_1_13' title="bbox 146 1563 1981 1640; baseline -0.001 -15"><span class='ocrx_word' id='word_1_106' title='bbox 146 1564 262 1625; x_wconf 82' lang='lat' dir='ltr'><strong>Kal.</strong></span> <span class='ocrx_word' id='word_1_107' title='bbox 300 1563 420 1623; x_wconf 90' lang='lat' dir='ltr'><strong>Iun.</strong></span> <span class='ocrx_word' id='word_1_108' title='bbox 454 1565 734 1630; x_wconf 76' lang='lat' dir='ltr'><strong>venimus:</strong></span> <span class='ocrx_word' id='word_1_109' title='bbox 774 1581 948 1639; x_wconf 88' lang='lat' dir='ltr'><strong>neque</strong></span> <span class='ocrx_word' id='word_1_110' title='bbox 981 1565 1048 1623; x_wconf 90' lang='lat' dir='ltr'><strong>de</strong></span> <span class='ocrx_word' id='word_1_111' title='bbox 1078 1565 1263 1623; x_wconf 75' lang='lat' dir='ltr'><strong>fratris</strong></span> <span class='ocrx_word' id='word_1_112' title='bbox 1296 1567 1491 1623; x_wconf 89' lang='lat' dir='ltr'><strong>itinere</strong></span> <span class='ocrx_word' id='word_1_113' title='bbox 1522 1565 1818 1640; x_wconf 79' lang='lat' dir='ltr'><strong>quidquam</strong></span> <span class='ocrx_word' id='word_1_114' title='bbox 1844 1568 1981 1623; x_wconf 83' lang='lat' dir='ltr'><strong>certi</strong></span> 
     </span>
     <span class='ocr_line' id='line_1_14' title="bbox 145 1665 1980 1742; baseline 0.001 -20"><span class='ocrx_word' id='word_1_115' title='bbox 145 1665 474 1724; x_wconf 76' lang='lat' dir='ltr'><strong>habebamus</strong></span> <span class='ocrx_word' id='word_1_116' title='bbox 493 1708 509 1733; x_wconf 88' lang='lat'><strong>,</strong></span> <span class='ocrx_word' id='word_1_117' title='bbox 548 1666 655 1723; x_wconf 89' lang='lat' dir='ltr'><strong>nisi</strong></span> <span class='ocrx_word' id='word_1_118' title='bbox 693 1682 821 1723; x_wconf 90' lang='lat' dir='ltr'><strong>eum</strong></span> <span class='ocrx_word' id='word_1_119' title='bbox 854 1666 921 1723; x_wconf 86' lang='lat' dir='ltr'><strong>ab</strong></span> <span class='ocrx_word' id='word_1_120' title='bbox 947 1665 1158 1742; x_wconf 84' lang='lat' dir='ltr'><strong>Epheso</strong></span> <span class='ocrx_word' id='word_1_121' title='bbox 1186 1674 1314 1724; x_wconf 87' lang='lat' dir='ltr'><strong>ante</strong></span> <span class='ocrx_word' id='word_1_122' title='bbox 1345 1666 1623 1741; x_wconf 88' lang='lat' dir='ltr'><strong>aliquanto</strong></span> <span class='ocrx_word' id='word_1_123' title='bbox 1660 1666 1980 1741; x_wconf 76' lang='lat' dir='ltr'><strong>profectum.</strong></span> 
     </span>
     <span class='ocr_line' id='line_1_15' title="bbox 148 1766 1984 1843; baseline 0.001 -19"><span class='ocrx_word' id='word_1_124' title='bbox 148 1766 335 1841; x_wconf 83' lang='lat' dir='ltr'><strong>Itaque</strong></span> <span class='ocrx_word' id='word_1_125' title='bbox 347 1772 388 1835; x_wconf 80' lang='lat'><strong>²,</strong></span> <span class='ocrx_word' id='word_1_126' title='bbox 426 1783 614 1842; x_wconf 87' lang='lat' dir='ltr'><strong>quum</strong></span> <span class='ocrx_word' id='word_1_127' title='bbox 651 1783 806 1825; x_wconf 89' lang='lat' dir='ltr'><strong>meus</strong></span> <span class='ocrx_word' id='word_1_128' title='bbox 843 1783 932 1825; x_wconf 89' lang='lat' dir='ltr'><strong>me</strong></span> <span class='ocrx_word' id='word_1_129' title='bbox 987 1784 1201 1826; x_wconf 86' lang='lat' dir='ltr'><strong>maeror</strong></span> <span class='ocrx_word' id='word_1_130' title='bbox 1237 1768 1585 1843; x_wconf 86' lang='lat' dir='ltr'><strong>quotidianus</strong></span> <span class='ocrx_word' id='word_1_131' title='bbox 1622 1767 1892 1826; x_wconf 82' lang='lat' dir='ltr'><strong>lacerabat</strong></span> <span class='ocrx_word' id='word_1_132' title='bbox 1927 1776 1984 1826; x_wconf 87' lang='lat' dir='ltr'><strong>et</strong></span> 
     </span>
     <span class='ocr_line' id='line_1_16' title="bbox 145 1866 1980 1934; baseline 0.002 -11"><span class='ocrx_word' id='word_1_133' title='bbox 145 1866 497 1934; x_wconf 75' lang='lat' dir='ltr'><strong>conficiebat,</strong></span> <span class='ocrx_word' id='word_1_134' title='bbox 535 1873 657 1926; x_wconf 86' lang='lat' dir='ltr'><strong>tum</strong></span> <span class='ocrx_word' id='word_1_135' title='bbox 694 1884 822 1925; x_wconf 86' lang='lat' dir='ltr'><strong>vero</strong></span> <span class='ocrx_word' id='word_1_136' title='bbox 861 1868 993 1925; x_wconf 84' lang='lat' dir='ltr'><strong>haec</strong></span> <span class='ocrx_word' id='word_1_137' title='bbox 1024 1868 1209 1926; x_wconf 89' lang='lat' dir='ltr'><strong>addita</strong></span> <span class='ocrx_word' id='word_1_138' title='bbox 1245 1886 1381 1926; x_wconf 89' lang='lat' dir='ltr'><strong>cura</strong></span> <span class='ocrx_word' id='word_1_139' title='bbox 1417 1871 1509 1925; x_wconf 83' lang='lat' dir='ltr'><strong>vix</strong></span> <span class='ocrx_word' id='word_1_140' title='bbox 1536 1868 1673 1925; x_wconf 89' lang='lat' dir='ltr'><strong>mihi</strong></span> <span class='ocrx_word' id='word_1_141' title='bbox 1704 1870 1873 1926; x_wconf 85' lang='lat' dir='ltr'><strong>vitam</strong></span> <span class='ocrx_word' id='word_1_142' title='bbox 1899 1886 1980 1926; x_wconf 88' lang='lat' dir='ltr'><strong>re·</strong></span> 
     </span>
     <span class='ocr_line' id='line_1_17' title="bbox 145 1965 1983 2045; baseline 0.002 -22"><span class='ocrx_word' id='word_1_143' title='bbox 145 1966 351 2041; x_wconf 77' lang='lat' dir='ltr'><strong>liquam</strong></span> <span class='ocrx_word' id='word_1_144' title='bbox 389 1965 635 2026; x_wconf 77' lang='lat' dir='ltr'><strong>faciebat.</strong></span> <span class='ocrx_word' id='word_1_145' title='bbox 713 1968 798 2026; x_wconf 86' lang='lat' dir='ltr'><strong>Ita</strong></span> <span class='ocrx_word' id='word_1_146' title='bbox 815 1974 838 2010; x_wconf 85' lang='lat'>⁸</span> <span class='ocrx_word' id='word_1_147' title='bbox 876 1986 1026 2026; x_wconf 85' lang='lat' dir='ltr'><strong>eram</strong></span> <span class='ocrx_word' id='word_1_148' title='bbox 1062 1970 1380 2045; x_wconf 84' lang='lat' dir='ltr'><strong>perturbato</strong></span> <span class='ocrx_word' id='word_1_149' title='bbox 1421 1971 1605 2027; x_wconf 89' lang='lat' dir='ltr'><strong>animo</strong></span> <span class='ocrx_word' id='word_1_150' title='bbox 1642 1970 1709 2027; x_wconf 88' lang='lat' dir='ltr'><strong>de</strong></span> <span class='ocrx_word' id='word_1_151' title='bbox 1754 1970 1954 2039; x_wconf 84' lang='lat' dir='ltr'><strong>Quinto</strong></span> <span class='ocrx_word' id='word_1_152' title='bbox 1970 2014 1983 2035; x_wconf 94' lang='lat'><em>,</em></span> 
     </span>
     <span class='ocr_line' id='line_1_18' title="bbox 148 2066 1981 2143; baseline 0.002 -19"><span class='ocrx_word' id='word_1_153' title='bbox 148 2073 210 2124; x_wconf 79' lang='lat' dir='ltr'><strong>ut</strong></span> <span class='ocrx_word' id='word_1_154' title='bbox 233 2115 235 2117; x_wconf 92' lang='lat'>.</span> <span class='ocrx_word' id='word_1_155' title='bbox 259 2066 395 2126; x_wconf 79' lang='lat' dir='ltr'><strong>nihil</strong></span> <span class='ocrx_word' id='word_1_156' title='bbox 450 2084 661 2142; x_wconf 88' lang='lat' dir='ltr'><strong>possem</strong></span> <span class='ocrx_word' id='word_1_157' title='bbox 713 2075 970 2127; x_wconf 79' lang='lat' dir='ltr'><strong>statuere.</strong></span> <span class='ocrx_word' id='word_1_158' title='bbox 1063 2069 1235 2138; x_wconf 85' lang='lat' dir='ltr'><strong>Quem</strong></span> <span class='ocrx_word' id='word_1_159' title='bbox 1255 2075 1278 2109; x_wconf 78' lang='lat'>⁴</span> <span class='ocrx_word' id='word_1_160' title='bbox 1334 2069 1554 2143; x_wconf 89' lang='lat' dir='ltr'><strong>quidem</strong></span> <span class='ocrx_word' id='word_1_161' title='bbox 1591 2086 1692 2143; x_wconf 83' lang='lat' dir='ltr'><strong>ego</strong></span> <span class='ocrx_word' id='word_1_162' title='bbox 1729 2087 1830 2127; x_wconf 89' lang='lat' dir='ltr'><strong>nec</strong></span> <span class='ocrx_word' id='word_1_163' title='bbox 1874 2088 1981 2143; x_wconf 88' lang='lat' dir='ltr'><strong>quo</strong></span> 
     </span>
     <span class='ocr_line' id='line_1_19' title="bbox 148 2167 1980 2235; baseline 0.002 -11"><span class='ocrx_word' id='word_1_164' title='bbox 148 2167 307 2224; x_wconf 89' lang='lat' dir='ltr'><strong>modo</strong></span> <span class='ocrx_word' id='word_1_165' title='bbox 356 2169 575 2225; x_wconf 84' lang='lat' dir='ltr'><strong>visurus</strong></span> <span class='ocrx_word' id='word_1_166' title='bbox 595 2210 610 2234; x_wconf 92' lang='lat'><strong>,</strong></span> <span class='ocrx_word' id='word_1_167' title='bbox 669 2184 768 2224; x_wconf 89' lang='lat' dir='ltr'><strong>nec</strong></span> <span class='ocrx_word' id='word_1_168' title='bbox 821 2169 904 2224; x_wconf 86' lang='lat' dir='ltr'><strong>uti</strong></span> <span class='ocrx_word' id='word_1_169' title='bbox 953 2168 1281 2226; x_wconf 86' lang='lat' dir='ltr'><strong>dimissurus</strong></span> <span class='ocrx_word' id='word_1_170' title='bbox 1324 2186 1500 2226; x_wconf 88' lang='lat' dir='ltr'><strong>essem</strong></span> <span class='ocrx_word' id='word_1_171' title='bbox 1516 2212 1531 2235; x_wconf 91' lang='lat'>,</span> <span class='ocrx_word' id='word_1_172' title='bbox 1588 2170 1841 2227; x_wconf 87' lang='lat' dir='ltr'><strong>sciebam.</strong></span> <span class='ocrx_word' id='word_1_173' title='bbox 1922 2170 1980 2227; x_wconf 89' lang='lat' dir='ltr'><strong>ld</strong></span> 
     </span>
     <span class='ocr_line' id='line_1_20' title="bbox 149 2268 1979 2328; baseline 0.002 -4"><span class='ocrx_word' id='word_1_174' title='bbox 149 2274 268 2324; x_wconf 88' lang='lat' dir='ltr'><strong>erat</strong></span> <span class='ocrx_word' id='word_1_175' title='bbox 310 2268 610 2325; x_wconf 83' lang='lat' dir='ltr'><strong>maximum</strong></span> <span class='ocrx_word' id='word_1_176' title='bbox 661 2274 716 2324; x_wconf 86' lang='lat' dir='ltr'><strong>et</strong></span> <span class='ocrx_word' id='word_1_177' title='bbox 754 2269 1125 2325; x_wconf 89' lang='lat' dir='ltr'><strong>miserrimum</strong></span> <span class='ocrx_word' id='word_1_178' title='bbox 1162 2286 1410 2326; x_wconf 90' lang='lat' dir='ltr'><strong>mearum</strong></span> <span class='ocrx_word' id='word_1_179' title='bbox 1442 2271 1687 2328; x_wconf 90' lang='lat' dir='ltr'><strong>omnium</strong></span> <span class='ocrx_word' id='word_1_180' title='bbox 1739 2272 1979 2328; x_wconf 88' lang='lat' dir='ltr'><strong>miseria·</strong></span> 
     </span>
     <span class='ocr_line' id='line_1_21' title="bbox 148 2366 1981 2442; baseline 0.001 -16"><span class='ocrx_word' id='word_1_181' title='bbox 148 2385 291 2426; x_wconf 87' lang='lat' dir='ltr'><strong>rum.</strong></span> <span class='ocrx_word' id='word_1_182' title='bbox 368 2366 596 2442; x_wconf 81' lang='lat' dir='ltr'><strong>Reliqua</strong></span> <span class='ocrx_word' id='word_1_183' title='bbox 613 2375 637 2408; x_wconf 80' lang='lat'>⁵</span> <span class='ocrx_word' id='word_1_184' title='bbox 681 2385 845 2441; x_wconf 89' lang='lat' dir='ltr'><strong>quam</strong></span> <span class='ocrx_word' id='word_1_185' title='bbox 890 2369 1028 2426; x_wconf 90' lang='lat' dir='ltr'><strong>mihi</strong></span> <span class='ocrx_word' id='word_1_186' title='bbox 1074 2369 1313 2426; x_wconf 89' lang='lat' dir='ltr'><strong>timenda</strong></span> <span class='ocrx_word' id='word_1_187' title='bbox 1358 2377 1569 2436; x_wconf 88' lang='lat' dir='ltr'><strong>essent,</strong></span> <span class='ocrx_word' id='word_1_188' title='bbox 1607 2370 1888 2434; x_wconf 82' lang='lat' dir='ltr'><strong>videbam;</strong></span> <span class='ocrx_word' id='word_1_189' title='bbox 1926 2377 1981 2427; x_wconf 81' lang='lat' dir='ltr'><strong>et</strong></span> 
     </span>
     <span class='ocr_line' id='line_1_22' title="bbox 147 2467 1979 2545; baseline 0.002 -21"><span class='ocrx_word' id='word_1_190' title='bbox 147 2469 327 2525; x_wconf 86' lang='lat' dir='ltr'><strong>omnia</strong></span> <span class='ocrx_word' id='word_1_191' title='bbox 369 2467 655 2531; x_wconf 87' lang='lat' dir='ltr'><strong>timebam;</strong></span> <span class='ocrx_word' id='word_1_192' title='bbox 706 2485 807 2524; x_wconf 92' lang='lat' dir='ltr'><strong>nec</strong></span> <span class='ocrx_word' id='word_1_193' title='bbox 846 2475 959 2525; x_wconf 88' lang='lat' dir='ltr'><strong>tam</strong></span> <span class='ocrx_word' id='word_1_194' title='bbox 999 2469 1260 2526; x_wconf 88' lang='lat' dir='ltr'><strong>miserum</strong></span> <span class='ocrx_word' id='word_1_195' title='bbox 1312 2477 1431 2526; x_wconf 82' lang='lat' dir='ltr'><strong>erat</strong></span> <span class='ocrx_word' id='word_1_196' title='bbox 1461 2469 1757 2544; x_wconf 88' lang='lat' dir='ltr'><strong>quidquam</strong></span> <span class='ocrx_word' id='word_1_197' title='bbox 1777 2514 1794 2537; x_wconf 90' lang='lat'><strong>,</strong></span> <span class='ocrx_word' id='word_1_198' title='bbox 1839 2472 1979 2545; x_wconf 88' lang='lat' dir='ltr'><strong>quod</strong></span> 
     </span>
     <span class='ocr_line' id='line_1_23' title="bbox 151 2568 1979 2646; baseline 0.002 -21"><span class='ocrx_word' id='word_1_199' title='bbox 151 2585 256 2625; x_wconf 89' lang='lat' dir='ltr'><strong>non</strong></span> <span class='ocrx_word' id='word_1_200' title='bbox 295 2570 352 2626; x_wconf 88' lang='lat' dir='ltr'><strong>in</strong></span> <span class='ocrx_word' id='word_1_201' title='bbox 374 2575 615 2626; x_wconf 86' lang='lat' dir='ltr'><strong>nostram</strong></span> <span class='ocrx_word' id='word_1_202' title='bbox 656 2568 930 2626; x_wconf 82' lang='lat' dir='ltr'><strong>fortunam</strong></span> <span class='ocrx_word' id='word_1_203' title='bbox 975 2570 1169 2627; x_wconf 89' lang='lat' dir='ltr'><strong>cadere</strong></span> <span class='ocrx_word' id='word_1_204' title='bbox 1206 2570 1499 2627; x_wconf 87' lang='lat' dir='ltr'><strong>videretur.</strong></span> <span class='ocrx_word' id='word_1_205' title='bbox 1578 2572 1842 2644; x_wconf 81' lang='lat' dir='ltr'><strong>Equidem</strong></span> <span class='ocrx_word' id='word_1_206' title='bbox 1883 2575 1979 2646; x_wconf 83' lang='lat' dir='ltr'><strong>igi·</strong></span> 
     </span>
     <span class='ocr_line' id='line_1_24' title="bbox 146 2669 1978 2740; baseline 0.002 -13"><span class='ocrx_word' id='word_1_207' title='bbox 146 2676 239 2727; x_wconf 69' lang='lat' dir='ltr'><strong>tur</strong></span> <span class='ocrx_word' id='word_1_208' title='bbox 273 2671 442 2728; x_wconf 85' lang='lat' dir='ltr'><strong>miser</strong></span> <span class='ocrx_word' id='word_1_209' title='bbox 458 2669 476 2738; x_wconf 73' lang='grc'><strong>,“</strong></span> <span class='ocrx_word' id='word_1_210' title='bbox 534 2670 591 2727; x_wconf 81' lang='lat' dir='ltr'><strong>in</strong></span> <span class='ocrx_word' id='word_1_211' title='bbox 635 2672 890 2730; x_wconf 85' lang='lat' dir='ltr'><strong>maximis</strong></span> <span class='ocrx_word' id='word_1_212' title='bbox 928 2673 1065 2729; x_wconf 87' lang='lat' dir='ltr'><strong>meis</strong></span> <span class='ocrx_word' id='word_1_213' title='bbox 1114 2673 1393 2728; x_wconf 87' lang='lat' dir='ltr'><strong>aerumnis</strong></span> <span class='ocrx_word' id='word_1_214' title='bbox 1442 2679 1499 2729; x_wconf 83' lang='lat' dir='ltr'><strong>et</strong></span> <span class='ocrx_word' id='word_1_215' title='bbox 1549 2672 1785 2730; x_wconf 86' lang='lat' dir='ltr'><strong>luctibus</strong></span> <span class='ocrx_word' id='word_1_216' title='bbox 1805 2717 1819 2740; x_wconf 93' lang='lat'>,</span> <span class='ocrx_word' id='word_1_217' title='bbox 1877 2674 1978 2731; x_wconf 90' lang='lat' dir='ltr'><strong>hoc</strong></span> 
     </span>
     <span class='ocr_line' id='line_1_25' title="bbox 147 2770 1977 2847; baseline 0.003 -21"><span class='ocrx_word' id='word_1_218' title='bbox 147 2775 299 2827; x_wconf 79' lang='lat' dir='ltr'><strong>metu</strong></span> <span class='ocrx_word' id='word_1_219' title='bbox 363 2770 602 2837; x_wconf 85' lang='lat' dir='ltr'><strong>adiecto,</strong></span> <span class='ocrx_word' id='word_1_220' title='bbox 673 2772 958 2829; x_wconf 81' lang='lat' dir='ltr'><strong>manebam</strong></span> <span class='ocrx_word' id='word_1_221' title='bbox 1017 2772 1426 2830; x_wconf 87' lang='lat' dir='ltr'><strong>Thessalonicae</strong></span> <span class='ocrx_word' id='word_1_222' title='bbox 1483 2790 1778 2847; x_wconf 90' lang='lat' dir='ltr'><strong>suspensus</strong></span> <span class='ocrx_word' id='word_1_223' title='bbox 1793 2818 1807 2840; x_wconf 96' lang='lat'><strong><em>‚</em></strong></span> <span class='ocrx_word' id='word_1_224' title='bbox 1878 2793 1977 2831; x_wconf 88' lang='lat' dir='ltr'><strong>nec</strong></span> 
     </span>
     <span class='ocr_line' id='line_1_26' title="bbox 67 2868 1976 2948; baseline 0.003 -21"><span class='ocrx_word' id='word_1_225' title='bbox 67 2911 70 2918; x_wconf 83' lang='lat'><em>-</em></span> <span class='ocrx_word' id='word_1_226' title='bbox 146 2868 409 2928; x_wconf 86' lang='lat' dir='ltr'><strong>audebam</strong></span> <span class='ocrx_word' id='word_1_227' title='bbox 434 2869 750 2944; x_wconf 86' lang='lat' dir='ltr'><strong>quidquam.</strong></span> <span class='ocrx_word' id='word_1_228' title='bbox 834 2877 920 2930; x_wconf 81' lang='lat'><strong>14.</strong></span> <span class='ocrx_word' id='word_1_229' title='bbox 961 2872 1092 2929; x_wconf 85' lang='lat' dir='ltr'><strong>Nolo</strong></span> <span class='ocrx_word' id='word_1_230' title='bbox 1109 2880 1133 2914; x_wconf 80' lang='lat'>⁸</span> <span class='ocrx_word' id='word_1_231' title='bbox 1170 2891 1621 2940; x_wconf 88' lang='lat' dir='ltr'><strong>commemorare,</strong></span> <span class='ocrx_word' id='word_1_232' title='bbox 1660 2876 1858 2948; x_wconf 85' lang='lat' dir='ltr'><strong>quibus</strong></span> <span class='ocrx_word' id='word_1_233' title='bbox 1897 2893 1976 2932; x_wconf 86' lang='lat' dir='ltr'><strong>re·</strong></span> 
     </span>
     <span class='ocr_line' id='line_1_27' title="bbox 146 2970 1976 3047; baseline 0.002 -19"><span class='ocrx_word' id='word_1_234' title='bbox 146 2972 248 3028; x_wconf 81' lang='lat' dir='ltr'><strong>bus</strong></span> <span class='ocrx_word' id='word_1_235' title='bbox 295 2986 470 3026; x_wconf 87' lang='lat' dir='ltr'><strong>essem</strong></span> <span class='ocrx_word' id='word_1_236' title='bbox 519 2970 797 3045; x_wconf 63' lang='lat' dir='ltr'><strong>spoliatus</strong></span> <span class='ocrx_word' id='word_1_237' title='bbox 876 2973 988 3030; x_wconf 85' lang='lat' dir='ltr'><strong>Hoc</strong></span> <span class='ocrx_word' id='word_1_238' title='bbox 1030 2973 1292 3031; x_wconf 87' lang='lat' dir='ltr'><strong>confirmo</strong></span> <span class='ocrx_word' id='word_1_239' title='bbox 1312 3017 1327 3041; x_wconf 90' lang='lat'>‚</span> <span class='ocrx_word' id='word_1_240' title='bbox 1384 2991 1558 3047; x_wconf 87' lang='lat' dir='ltr'><strong>neque</strong></span> <span class='ocrx_word' id='word_1_241' title='bbox 1603 2976 1772 3031; x_wconf 86' lang='lat' dir='ltr'><strong>tantis</strong></span> <span class='ocrx_word' id='word_1_242' title='bbox 1821 2975 1976 3032; x_wconf 85' lang='lat' dir='ltr'><strong>bonis</strong></span> 
     </span>
     <span class='ocr_line' id='line_1_28' title="bbox 144 3072 1974 3149; baseline 0.003 -21"><span class='ocrx_word' id='word_1_243' title='bbox 144 3089 262 3128; x_wconf 87' lang='lat' dir='ltr'><strong>esse</strong></span> <span class='ocrx_word' id='word_1_244' title='bbox 305 3072 579 3146; x_wconf 87' lang='lat' dir='ltr'><strong>privatum</strong></span> <span class='ocrx_word' id='word_1_245' title='bbox 623 3089 950 3147; x_wconf 88' lang='lat' dir='ltr'><strong>quemquam</strong></span> <span class='ocrx_word' id='word_1_246' title='bbox 965 3116 981 3140; x_wconf 90' lang='lat'>‚</span> <span class='ocrx_word' id='word_1_247' title='bbox 1033 3092 1206 3149; x_wconf 91' lang='lat' dir='ltr'><strong>neque</strong></span> <span class='ocrx_word' id='word_1_248' title='bbox 1247 3078 1302 3132; x_wconf 91' lang='lat' dir='ltr'><strong>in</strong></span> <span class='ocrx_word' id='word_1_249' title='bbox 1341 3082 1522 3132; x_wconf 83' lang='lat' dir='ltr'><strong>tantas</strong></span> <span class='ocrx_word' id='word_1_250' title='bbox 1558 3076 1807 3133; x_wconf 88' lang='lat' dir='ltr'><strong>miserias</strong></span> <span class='ocrx_word' id='word_1_251' title='bbox 1843 3078 1974 3133; x_wconf 89' lang='lat' dir='ltr'><strong>inci-</strong></span> 
     </span>
     <span class='ocr_line' id='line_1_29' title="bbox 150 3173 1975 3244; baseline 0.003 -15"><span class='ocrx_word' id='word_1_252' title='bbox 150 3173 306 3229; x_wconf 87' lang='lat' dir='ltr'><strong>disse.</strong></span> <span class='ocrx_word' id='word_1_253' title='bbox 401 3173 528 3230; x_wconf 87' lang='lat' dir='ltr'><strong>Dies</strong></span> <span class='ocrx_word' id='word_1_254' title='bbox 567 3179 748 3230; x_wconf 82' lang='lat' dir='ltr'><strong>autem</strong></span> <span class='ocrx_word' id='word_1_255' title='bbox 787 3191 894 3230; x_wconf 86' lang='lat' dir='ltr'><strong>non</strong></span> <span class='ocrx_word' id='word_1_256' title='bbox 934 3175 1091 3231; x_wconf 88' lang='lat' dir='ltr'><strong>modo</strong></span> <span class='ocrx_word' id='word_1_257' title='bbox 1141 3193 1247 3232; x_wconf 91' lang='lat' dir='ltr'><strong>non</strong></span> <span class='ocrx_word' id='word_1_258' title='bbox 1301 3175 1508 3231; x_wconf 84' lang='lat' dir='ltr'><strong>levabat</strong></span> <span class='ocrx_word' id='word_1_259' title='bbox 1545 3175 1754 3233; x_wconf 87' lang='lat' dir='ltr'><strong>luctum</strong></span> <span class='ocrx_word' id='word_1_260' title='bbox 1795 3176 1938 3234; x_wconf 89' lang='lat' dir='ltr'><strong>hunc</strong></span> <span class='ocrx_word' id='word_1_261' title='bbox 1961 3222 1975 3244; x_wconf 87' lang='lat'>‚</span> 
     </span>
    </p>
   </div>
   <div class='ocr_carea' id='block_1_4' title="bbox 147 3334 357 3349">
    <p class='ocr_par' dir='ltr' id='par_1_4' title="bbox 147 3334 357 3349">
     <span class='ocr_line' id='line_1_30' title="bbox 147 3334 357 3349; baseline 0.014 -3"><span class='ocrx_word' id='word_1_262' title='bbox 147 3334 357 3349; x_wconf 46' lang='lat' dir='ltr'><strong>u*</strong></span> 
     </span>
    </p>
   </div>
   <div class='ocr_carea' id='block_1_5' title="bbox 212 3427 1966 3493">
    <p class='ocr_par' dir='ltr' id='par_1_5' title="bbox 212 3427 1966 3493">
     <span class='ocr_line' id='line_1_31' title="bbox 212 3427 1966 3493; baseline 0.005 -20"><span class='ocrx_word' id='word_1_263' title='bbox 212 3431 249 3486; x_wconf 76' lang='grc' dir='ltr'><strong>ι)</strong></span> <span class='ocrx_word' id='word_1_264' title='bbox 279 3427 333 3474; x_wconf 74' lang='lat' dir='ltr'><strong>ad</strong></span> <span class='ocrx_word' id='word_1_265' title='bbox 366 3430 459 3474; x_wconf 74' lang='grc' dir='ltr'><strong>Αιι.</strong></span> <span class='ocrx_word' id='word_1_266' title='bbox 494 3430 572 3475; x_wconf 90' lang='grc' dir='ltr'><strong>ιιι.</strong></span> <span class='ocrx_word' id='word_1_267' title='bbox 607 3430 647 3474; x_wconf 82' lang='grc'><strong>8.</strong></span> <span class='ocrx_word' id='word_1_268' title='bbox 680 3432 765 3488; x_wconf 61' lang='lat' dir='ltr'><strong>§L</strong></span> <span class='ocrx_word' id='word_1_269' title='bbox 800 3455 856 3464; x_wconf 89' lang='lat'><em>-</em></span> <span class='ocrx_word' id='word_1_270' title='bbox 892 3433 931 3489; x_wconf 77' lang='lat'><strong>2)</strong></span> <span class='ocrx_word' id='word_1_271' title='bbox 967 3429 1078 3476; x_wconf 82' lang='lat' dir='ltr'><strong>lbid.</strong></span> <span class='ocrx_word' id='word_1_272' title='bbox 1114 3433 1335 3489; x_wconf 57' lang='lat'><strong>§2.-22)</strong></span> <span class='ocrx_word' id='word_1_273' title='bbox 1368 3429 1477 3490; x_wconf 72' lang='lat' dir='ltr'><strong>lhid.</strong></span> <span class='ocrx_word' id='word_1_274' title='bbox 1503 3434 1590 3490; x_wconf 73' lang='lat' dir='ltr'><strong>§a</strong></span> <span class='ocrx_word' id='word_1_275' title='bbox 1623 3458 1680 3466; x_wconf 96' lang='lat'><strong>—</strong></span> <span class='ocrx_word' id='word_1_276' title='bbox 1715 3435 1756 3493; x_wconf 72' lang='lat'><strong>4)</strong></span> <span class='ocrx_word' id='word_1_277' title='bbox 1789 3437 1841 3482; x_wconf 68' lang='lat' dir='ltr'><strong>ad</strong></span> <span class='ocrx_word' id='word_1_278' title='bbox 1877 3442 1966 3483; x_wconf 72' lang='lat' dir='ltr'><strong>Au.</strong></span> 
     </span>
    </p>
   </div>
   <div class='ocr_carea' id='block_1_6' title="bbox 37 3506 1703 3601">
    <p class='ocr_par' dir='ltr' id='par_1_6' title="bbox 37 3506 1703 3601">
     <span class='ocr_line' id='line_1_32' title="bbox 37 3506 1703 3601; baseline 0.004 -51"><span class='ocrx_word' id='word_1_279' title='bbox 37 3575 41 3601; x_wconf 39' lang='grc' dir='ltr'>ι</span> <span class='ocrx_word' id='word_1_280' title='bbox 148 3509 224 3551; x_wconf 90' lang='grc' dir='ltr'><strong>ιιι.</strong></span> <span class='ocrx_word' id='word_1_281' title='bbox 253 3508 293 3552; x_wconf 84' lang='lat'><strong>⁷.</strong></span> <span class='ocrx_word' id='word_1_282' title='bbox 332 3507 486 3567; x_wconf 80' lang='lat'><strong>§3.-</strong></span> <span class='ocrx_word' id='word_1_283' title='bbox 508 3508 547 3566; x_wconf 83' lang='grc'><strong>5)</strong></span> <span class='ocrx_word' id='word_1_284' title='bbox 581 3506 632 3551; x_wconf 80' lang='lat' dir='ltr'><strong>ad</strong></span> <span class='ocrx_word' id='word_1_285' title='bbox 653 3511 743 3553; x_wconf 71' lang='lat' dir='ltr'><strong>Ait.</strong></span> <span class='ocrx_word' id='word_1_286' title='bbox 763 3510 842 3552; x_wconf 86' lang='lat'><strong>111.</strong></span> <span class='ocrx_word' id='word_1_287' title='bbox 863 3510 902 3553; x_wconf 89' lang='lat'><strong>8.</strong></span> <span class='ocrx_word' id='word_1_288' title='bbox 934 3509 1022 3565; x_wconf 76' lang='lat'><strong>§2-</strong></span> <span class='ocrx_word' id='word_1_289' title='bbox 1057 3535 1113 3544; x_wconf 89' lang='grc'>-</span> <span class='ocrx_word' id='word_1_290' title='bbox 1150 3511 1189 3567; x_wconf 71' lang='grc'><strong>6)</strong></span> <span class='ocrx_word' id='word_1_291' title='bbox 1223 3508 1273 3554; x_wconf 79' lang='lat' dir='ltr'><strong>ad</strong></span> <span class='ocrx_word' id='word_1_292' title='bbox 1296 3513 1385 3555; x_wconf 81' lang='lat' dir='ltr'><strong>Att.</strong></span> <span class='ocrx_word' id='word_1_293' title='bbox 1410 3513 1486 3555; x_wconf 84' lang='lat'><strong>111.</strong></span> <span class='ocrx_word' id='word_1_294' title='bbox 1517 3513 1583 3557; x_wconf 82' lang='lat'><strong>15.</strong></span> <span class='ocrx_word' id='word_1_295' title='bbox 1618 3511 1703 3568; x_wconf 75' lang='lat'><strong>§2-</strong></span> 
     </span>
    </p>
   </div>
   <div class='ocr_carea' id='block_1_7' title="bbox 0 463 45 3990">
    <p class='ocr_par' dir='ltr' id='par_1_7' title="bbox 0 463 45 3990">
     <span class='ocr_line' id='line_1_33' title="bbox 0 463 45 3990; baseline 0 0"><span class='ocrx_word' id='word_1_296' title='bbox 0 463 45 3990; x_wconf 95' lang='lat' dir='ltr'><strong> </strong></span> 
     </span>
    </p>
   </div>
  </div>
 </body>
</html>
