2210 3970
461 245 516 299 L.
542 244 603 299 x.
648 243 855 299 exui.
900 243 939 315 g
965 245 1035 297 50
1072 271 1147 280 -
1187 257 1234 293 ο.
1261 237 1398 293 xlv,
1445 237 1483 310 g
1509 242 1595 292 55.
1852 241 1958 291 469

125 393 469 465 probaretur,
511 393 603 451 sed
635 394 797 450 etiam
832 392 962 466 quid
996 409 1027 447 a
1062 389 1290 462 singulis
1322 387 1686 461 philosophiae
1718 385 1951 459 discipli-

125 496 211 549 nis
244 495 544 560 diceretur,
585 496 853 569 persecuti
887 510 1091 550 sumus,
1173 494 1262 546 5⁶2..
1306 491 1482 545 Sunt¹
1526 496 1707 544 autem
1748 488 1848 543 hae
1887 487 1954 542 de

126 595 344 661 linihuS,
373 603 434 651 ut
459 597 676 669 opinor,
710 603 951 652 retentae
971 592 1321 664 defensaeque
1343 591 1659 646 sententiae.
1702 590 1947 644 Primum

123 694 393 767 simplices
430 702 712 767 quattuor:
755 695 898 751 Nihil
925 696 1153 759 honum,
1181 692 1286 748 nisi
1309 690 1624 754 honestum,
1667 695 1727 744 ut
1754 689 1948 743 Stoici:

124 794 268 850 Nihil
306 793 536 860 honum,
576 796 680 851 nisi
719 796 1078 869 voluptatem,
1119 799 1181 847 ut
1212 791 1508 864 Epicurus:
1549 789 1692 845 Nihil
1719 789 1950 854 honum,

127 894 233 949 nisi
265 893 590 951 vacuitatem
625 894 852 961 doloris;
892 901 954 950 ut
976 895 1363 967 Hieronymus:
1404 888 1546 946 Nihil
1579 888 1808 955 honum,
1849 890 1953 944 nisi

123 999 350 1050 naturae
370 995 563 1068 primis
582 995 736 1051 honis
769 1003 863 1051 aut
884 994 1133 1051 omnihus
1154 1000 1248 1049 aut
1269 993 1522 1048 maximis
1555 990 1693 1056 frui,
1734 998 1796 1046 ut
1830 991 1952 1047 Car·

125 1093 321 1151 neades
365 1102 554 1152 contra
599 1096 807 1152 Stoicos
853 1094 1165 1151 disserebat.
1258 1093 1400 1148 Haec
1447 1092 1617 1164 igitur
1661 1091 1953 1164 simplicia:

127 1193 219 1251 illa
250 1196 436 1251 mixta.
516 1196 643 1252 Tria
676 1213 873 1269 genera
900 1196 1192 1260 honorum,
1231 1194 1469 1250 maxima
1490 1193 1683 1257 animi,
1723 1192 1959 1248 secunda

125 1296 389 1369 corporis»,
414 1302 648 1354 ,externa
679 1297 871 1360 tertia,
911 1301 972 1350 ut
1005 1294 1377 1367 Peripatetici,
1418 1310 1517 1347 nec
1551 1292 1722 1347 multo
1752 1298 1961 1348 veteres

125 1394 433 1452 Academici
466 1411 649 1450 secus:
682 1395 1010 1467 voluptatem
1043 1411 1169 1450 cum
1200 1394 1477 1448 honestate
1512 1392 1874 1447 Dinomachus
1906 1399 1962 1448 et

124 1493 364 1568 Callipho
394 1492 692 1568 copulavit,
732 1494 1081 1550 indolentiam
1121 1500 1304 1550 autem
1344 1493 1610 1549 honestati
1645 1494 1957 1566 Peripateti·

127 1610 228 1653 cus
264 1593 528 1652 Diodorus
557 1593 823 1650 adiunxit.
902 1595 1013 1650 Hae
1050 1602 1180 1650 sunt
1218 1595 1546 1658 sententiae,
1585 1610 1723 1667 quae
1755 1593 1956 1649 stabili·

131 1694 261 1752 tatis
299 1693 503 1768 aliquid
542 1692 801 1751 habeant:
855 1711 982 1751 nam
1034 1696 1338 1762 AristoniS,
1392 1695 1717 1770 Pyrrhonis,
1773 1695 1960 1751 Herilli

127 1793 617 1868 nonnullorumque
648 1794 877 1851 aliorum
911 1802 1266 1856 evanuerunt.

207 1998 351 2057 XIV.
429 2004 521 2057 53.
559 2000 749 2070 Quae²
775 2007 957 2058 autem
991 2001 1078 2057 his
1110 2001 1264 2058 libris
1289 2002 1519 2075 scripsi,
1558 2001 1964 2070 Ἀριστοτέλειον

134 2114 341 2156 morem
385 2098 612 2164 hahent;
662 2101 719 2156 in
752 2118 858 2174 quo
890 2118 1069 2157 sermo
1101 2102 1179 2158 ita
1211 2102 1491 2158 inducitur
1530 2109 1863 2166 ceterorum,
1906 2109 1967 2157 ut

135 2214 297 2271 penes
338 2199 517 2273 ipsum
569 2201 642 2256 sit
694 2202 1046 2275 principatus.
1139 2202 1220 2257 Ita
1271 2201 1478 2258 confeci
1515 2203 1757 2274 quinque
1800 2201 1965 2258 libros

134 2301 248 2369 περὶ
281 2306 476 2365 τελῶν,
527 2308 594 2358 ut
642 2303 908 2375 Epicurea
947 2304 1005 2359 1..
1042 2303 1342 2376 Torquato,
1396 2303 1576 2359 Stoica
1628 2302 1694 2358 Μ.
1738 2302 1969 2369 Catoni,

135 2400 526 2470 περιπατητικά
565 2401 634 2456 Μ.
671 2402 851 2457 Pisoni
893 2403 1097 2458 darem.
1175 2403 1602 2472 Ἀζηλοτύπητον
1632 2403 1686 2457 id
1727 2403 1840 2459 [ore
1871 2422 1966 2478 pu-

137 2508 343 2568 taram,
380 2502 523 2576 quod
549 2519 736 2558 omnes
755 2503 834 2558 illi
864 2503 1222 2561 decesserant.
1303 2506 1372 2560 At
1392 2510 1414 2544 ³
1448 2481 1636 2560 vereor
1665 2505 1935 2562 interdum
1954 2551 1966 2571 ,

137 2618 205 2657 ne
237 2601 429 2659 talium
468 2618 850 2675 personarum,
901 2620 1073 2675 quum
1111 2604 1443 2677 amplificare
1482 2605 1642 2660 velim
1666 2648 1681 2672 ,
1721 2606 1967 2663 minuam

137 2703 301 2759 etiam
346 2702 591 2775 gloriam.
691 2704 829 2759 Sunt
879 2706 1025 2761 enim
1074 2706 1269 2772 multi,
1322 2708 1416 2779 qui
1470 2709 1690 2763 omnino
1737 2708 1969 2764 Graecas

139 2819 247 2859 non
304 2811 488 2860 ament
543 2804 788 2860 litteras:
846 2805 1064 2877 plures,
1122 2808 1216 2879 qui
1254 2807 1679 2879 philosophiam:
1739 2808 1967 2881 reliqui,

136 2902 350 2957 etiamsi
388 2903 520 2959 haec
557 2921 663 2961 non
703 2905 1036 2977 improbent,
1077 2914 1257 2962 tamen
1291 2924 1479 2962 earum
1512 2924 1697 2963 rerum
1731 2909 1971 2982 disputa-

139 3004 340 3059 tionem
380 3004 714 3077 principihus
753 3007 989 3064 civitatis
1021 3024 1126 3063 non
1168 3009 1244 3063 ita
1282 3008 1531 3064 decoram
1566 3015 1777 3080 putant.
1856 3010 1971 3082 Ego

140 3110 353 3169 autem,
408 3121 578 3176 quum
630 3105 859 3161 Graecas
910 3106 1119 3164 litteras
1170 3110 1239 3164 M.
1287 3110 1540 3164 Catonem
1583 3110 1639 3163 in
1692 3116 1971 3166 senectute

143 3203 395 3262 didicisse
433 3207 730 3278 acceperim
752 3249 767 3273 ,
808 3209 864 3262 P.
906 3217 1086 3266 autem
1133 3210 1409 3275 Africani,
1450 3210 1709 3266 historiae
1743 3211 1970 3284 loquan-

208 3473 246 3529 ¹)
276 3473 398 3518 Tusc.
432 3477 484 3519 V.
513 3491 548 3519 c.
569 3479 639 3520 30.
677 3478 790 3535 §84
828 3506 884 3513 —-
918 3481 958 3539 2)
991 3479 1043 3525 ad
1079 3485 1169 3525 Ait.
1203 3483 1323 3525 xlii.
1360 3482 1423 3523 19.
1461 3482 1543 3537 §L
1580 3508 1636 3514 —-
1671 3483 1710 3540 5)
1745 3480 1871 3526 Acad.
1905 3499 1965 3542 pr.

147 3550 202 3594 11.
234 3551 327 3594 c.2·
363 3552 445 3608 §5.
