2210 3970
277 268 380 318 7202
742 272 1072 312 ANNALES
1127 272 1639 312 οιοΕιιοΝιΑΝι.

279 408 581 482 praetorius
612 412 705 460 aut
734 404 1031 459 consularis
1054 403 1197 456 intra
1226 403 1654 474 quinquennium
1687 405 1740 458 in
1778 407 2108 476 provinciam

282 510 417 571 iret;
471 518 744 580 quumque
798 506 1072 578 superiore
1114 520 1252 558 anno
1302 504 1585 575 Pompeius
1625 507 1770 561 istud
1818 508 1870 563 S.
1899 509 1953 564 C.
1993 527 2115 564 con-

282 610 577 670 firmasset;
631 608 802 662 coacti
859 612 985 660 sunt
1027 607 1061 658 ii
1110 605 1413 675 provincias
1462 605 1874 672 administrare,
1934 610 2026 680 qui
2061 611 2115 664 in

282 727 372 764 eas
409 727 437 764 e
471 709 754 764 consulatu
793 714 845 762 et
874 712 1129 778 praetura
1164 705 1400 758 nondum
1436 706 1660 762 iverant.
1703 726 1796 764 vn.
1833 726 1879 763 c.
1907 713 1956 764 1.
1997 715 2045 763 1.

347 810 424 854 nio
450 823 520 855 xl..
549 825 584 853 c.
616 813 687 853 46.
714 812 756 852 2.
807 811 981 871 Δόγμα
1013 822 1061 852 τε
1102 805 1396 863 ἐποιήσαντο
1429 809 1553 864 [coss.
1590 808 1805 852 Domitius
1839 809 2047 854 Calvinus
2074 815 2119 853 et

284 887 482 937 Valerius
512 887 704 931 Messalla
732 903 767 930 a.
787 889 836 930 U.
855 890 898 930 C.
922 887 1047 943 701.]
1080 884 1261 943 μηδένα
1285 883 1407 943 μήτε
1435 885 1830 948 στρατηγήσαντα
1845 890 1969 949 μήθ’
2001 886 2122 933 fina-

282 968 526 1012 τεύσαντα
549 963 633 1014 τοὶς
655 962 741 1013 ἔξω
771 962 1023 1026 ἡγεμονίας
1043 997 1053 1017 ,
1090 966 1206 1022 πρὶν
1232 961 1291 1006 ἂν
1316 961 1458 1007 πέντε
1484 961 1565 1021 ἔτη
1589 963 1794 1026 διέλθῃ,
1834 963 2116 1027 λαμβάνειν.

282 1060 319 1088 c.
339 1047 412 1087 56.
444 1046 485 1086 1.
519 1042 573 1085 de
605 1041 802 1101 Pompeio
836 1057 915 1085 cos.
950 1057 987 1085 a.
1015 1043 1124 1088 702.
1172 1042 1237 1085 Τό
1271 1057 1322 1085 τε
1347 1040 1505 1103 δόγμα
1540 1041 1595 1087 τὸ
1629 1044 1806 1104 μικρὸν
1842 1043 2118 1106 ἔμπροσθεν
2183 1019 2210 1100 j⁴³

280 1122 567 1185 γενόμενον,
621 1118 744 1164 ὥστε
774 1120 891 1170 τούς
925 1116 1157 1179 ἄρξαντας
1204 1116 1254 1163 ἓν
1296 1122 1352 1178 τῇ
1390 1121 1530 1164 πόλει
1562 1119 1628 1180 μή
1661 1124 1893 1186 πρότερον
1942 1123 1991 1175 ἐς
2031 1126 2117 1175 τάς
2170 1133 2207 1186 j

280 1201 366 1251 ἔξω
398 1199 671 1262 ἡγεμονίας,
707 1200 822 1259 πρὶν
850 1196 993 1242 πέντε
1014 1195 1095 1255 ἔτη
1115 1198 1408 1258 παρελθεῖν,
1443 1199 1776 1260 κληροῦσθαι,
1803 1200 2115 1265 ἐπεκύρωσεν.
2199 1255 2206 1267 ,

317 1301 330 1309 ·
358 1287 422 1362 (2)
466 1288 653 1358 Itaque
674 1286 882 1349 Cicero,
904 1301 1073 1356 quum
1094 1284 1279 1339 Cilicia
1307 1285 1356 1339 ei
1378 1284 1655 1356 obtigisset
1674 1305 1771 1359 pro
1791 1291 2009 1345 consule
2039 1307 2121 1346 rc·
2196 1271 2210 1361 ἶ

277 1387 484 1459 genda,
545 1404 610 1441 ex
653 1385 785 1440 SCto
835 1386 1015 1438 iussus
1056 1390 1136 1439 est
1171 1383 1586 1439 Ariobarzanem
1621 1386 1868 1443 Euseben
1902 1397 1955 1444 et
1995 1391 2135 1446 Phi-·
2200 1423 2204 1427 -

275 1490 635 1549 loromaeum,
677 1484 1040 1556 Cappadociae
1074 1501 1286 1555 regem,
1331 1485 1474 1538 tueri
1515 1486 1736 1557 eiusque
1770 1505 1999 1559 regnum
2029 1491 2118 1546 de·

275 1589 510 1644 rendere.
555 1604 643 1640 v11.
679 1603 726 1640 c.
756 1590 844 1641 17.
883 1589 970 1639 46.
1010 1602 1055 1639 c.
1083 1589 1168 1639 18.
1207 1589 1277 1638 49
1311 1602 1425 1656 sqq.
1507 1585 1657 1652 Quod
1693 1592 1968 1660 negotium
2009 1609 2114 1647 non

275 1691 391 1745 sine
421 1689 595 1745 taedio
629 1688 892 1759 suscepit,
935 1692 1050 1740 tum
1077 1685 1218 1758 quod
1248 1686 1475 1740 firmiori
1505 1687 1572 1741 ad
1596 1689 1756 1744 istam
1782 1694 2114 1763 provinciam

275 1809 409 1864 opus
460 1797 600 1846 esset
659 1788 959 1861 praesidi0‚
1020 1793 1137 1842 tum
1186 1804 1312 1842 vero
1368 1788 1510 1859 quod
1551 1790 1754 1845 invitus
1803 1792 2010 1848 abesset
2049 1794 2115 1848 ab

276 1892 433 1947 Urbe.
465 1910 556 1947 vu.
589 1909 634 1944 c.
661 1895 708 1943 1.
746 1895 769 1943 1
799 1906 911 1960 sqq.
941 1905 986 1942 c.
1013 1892 1063 1942 5.
1095 1892 1144 1942 7.
1187 1905 1232 1942 c.
1263 1892 1348 1941 11.
1379 1891 1468 1943 32.
1504 1906 1551 1944 c.
1579 1893 1670 1947 28.
1704 1895 1790 1946 76.
1827 1910 1872 1947 c.
1899 1898 1986 1948 29.
2022 1899 2113 1952 79.

338 1984 422 2028 Cic.
452 1983 503 2027 ad
535 1986 584 2026 M.
615 1980 865 2025 Marcellum
895 1995 977 2022 cos.
1018 1978 1095 2035 (ad
1113 1981 1232 2022 Fam.
1249 1990 1326 2023 xv.
1346 1980 1386 2022 9.
1408 1981 1471 2036 1.)
1520 1980 1608 2022 Nos
1641 1980 1818 2041 quidem
1857 1983 2113 2046 longinqui,

276 2068 321 2105 et
352 2078 382 2105 a
412 2068 455 2104 te
487 2062 585 2121 ipso
607 2061 738 2104 missi
760 2060 808 2102 in
835 2057 1022 2101 ultimas
1046 2062 1272 2116 gentes—
1289 2087 1300 2099 .
1371 2057 1512 2099 Unum
1542 2073 1642 2101 vero
1675 2059 1718 2102 si
1744 2058 1875 2103 addis
1902 2061 1964 2105 ad
1979 2079 2114 2123 prae-

278 2138 556 2182 clarissimas
600 2153 670 2180 res
715 2135 976 2179 consulatus
1010 2134 1104 2189 tui,
1153 2140 1207 2177 ut
1238 2139 1319 2176 aut
1361 2133 1475 2176 milti
1511 2134 1719 2180 succedat
1757 2154 1890 2197 quam
1912 2141 2114 2200 primum

278 2214 471 2276 aliquis,
507 2222 588 2258 aut
614 2231 668 2258 ne
700 2212 811 2274 quid
841 2211 1021 2256 accedat
1048 2210 1259 2271 temporis
1292 2209 1353 2254 ad
1382 2208 1457 2266 id,
1492 2211 1612 2271 quod
1642 2220 1692 2256 tu
1719 2214 1832 2257 mila·
1857 2223 1899 2259 et
1931 2225 2116 2263 senatus
2204 2266 2210 2276 ,

277 2292 478 2336 consulto
512 2300 555 2336 et
592 2291 684 2352 lege
707 2291 869 2352 finisti
880 2313 897 2346 ‚-
937 2290 1085 2333 omnia
1116 2305 1185 2332 me
1210 2304 1295 2350 per
1330 2295 1373 2332 te
1405 2296 1686 2333 consecutum
1710 2292 1895 2350 putabo.
1959 2294 2023 2339 Id.
2057 2296 2114 2340 ad

278 2374 368 2416 Ser.
412 2370 659 2432 Sulpicium
703 2368 778 2427 (ad
812 2372 931 2412 Fam.
973 2380 1036 2411 lv.
1074 2370 1115 2411 3.
1149 2368 1213 2424 1.)
1261 2364 1404 2409 Multo
1437 2373 1572 2421 ante,
1616 2374 1844 2428 tamquam
1876 2387 1932 2415 ea:
1958 2372 2116 2435 aliqua

278 2449 483 2510 specula,
517 2448 737 2509 prosperi
763 2452 1067 2506 tempestatem
1089 2444 1336 2503 futuram:
1368 2459 1508 2504 neque
1544 2443 1596 2488 id
1633 2445 1774 2490 solam
1800 2465 1896 2493 mea
1928 2460 2113 2512 sponte,
2192 2439 2210 2511 '¹

279 2527 361 2572 sed
393 2526 534 2571 multo
568 2527 704 2570 etiam
735 2524 906 2584 magi-5,
950 2529 1148 2565 monente
1181 2528 1225 2564 et
1263 2519 1551 2564 denuntiante
1579 2529 1633 2566 te.
1697 2524 1809 2569 Etsi
1834 2528 1948 2571 enim
1979 2529 2116 2587 abfui
2192 2543 2210 2574 ι,

281 2620 486 2664 magnam
520 2610 700 2664 partem
737 2599 996 2644 consulatus
1035 2600 1132 2655 tui,
1174 2605 1321 2641 tamen
1351 2605 1395 2642 et
1427 2598 1585 2643 absens
1627 2604 1963 2661 cognoscebam,
1999 2625 2113 2668 quae
2191 2594 2210 2646 ἓξ

274 2689 397 2726 esset
424 2688 511 2725 *tua
547 2681 595 2723 in
633 2678 710 2722 hoc
746 2676 970 2738 pestifero
1003 2675 1115 2720 bello
1158 2673 1346 2719 cavendo
1387 2684 1431 2720 et
1456 2677 1750 2737 praedicendo
1786 2685 2037 2742 sententia,
2071 2693 2116 2731 et

277 2760 376 2820 ipse
407 2757 544 2817 adfui
572 2756 736 2816 primis
763 2753 1035 2814 temporibus
1068 2754 1138 2797 tui
1169 2752 1453 2810 consulatus,
1489 2773 1626 2816 quum
1657 2761 1993 2806 accuratissime
2024 2779 2114 2807 mo·

278 2836 425 2880 uuis-ti
456 2841 671 2878 senatum.
736 2831 799 2878 Id.
829 2829 883 2875 ad
899 2834 992 2874 Att.
1012 2844 1054 2874 v.
1076 2834 1147 2874 18.
1169 2835 1207 2876 1.
1242 2832 1376 2876 Nobis
1410 2835 1552 2891 enim,
1586 2836 1666 2879 ltac
1694 2837 1964 2898 infirmitate
1992 2857 2113 2885 exer·

279 2916 425 2971 citus,
455 2913 609 2973 inopia
630 2911 867 2965 sociorum,
895 2910 1165 2968 praesertim
1178 2908 1392 2970 fidelium
1410 2944 1424 2967 ‚
1457 2913 1754 2958 certissimum
1776 2917 2025 2962 subsidium
2047 2927 2115 2964 est

240 3043 244 3046 ⁵
281 2992 434 3036 hiems.
500 2991 565 3036 Id.
591 2989 645 3033 ad
673 2995 876 3033 senatum
899 2986 975 3043 (ad
1009 2989 1129 3030 Fam.
1163 3000 1242 3031 XV·
1271 2992 1312 3032 1.
1348 2992 1413 3048 6.)
1446 2990 1562 3034 Mihi
1587 2992 1636 3036 in
1669 2993 1749 3037 hac
1768 2998 2005 3055 paucitate
2030 2999 2113 3042 mi-

283 3068 414 3113 litum
442 3070 619 3112 animus
649 3074 764 3110 certe
784 3080 870 3109 non
899 3063 1063 3107 deerit:
1096 3081 1223 3125 spero
1242 3100 1254 3121 ‚
1289 3084 1343 3111 ne
1370 3069 1605 3114 consilium
1638 3072 1826 3131 quidem.
1892 3075 2111 3122 Plutarch.

280 3148 364 3192 cic.
397 3163 432 3191 c,
453 3151 526 3191 36.
562 3151 603 3190 1.
636 3141 766 3193 Εἶτα
793 3143 950 3205 κλήρῳ
985 3142 1147 3200 λαχὼν
1182 3146 1273 3192 τῶν
1305 3145 1552 3210 ἐπαρχιῶν
1578 3152 1815 3197 Κιλικίαν
1849 3157 1929 3199 καὶ
1963 3173 2108 3216 στρα-

280 3224 365 3270 τὸν
403 3225 613 3271 ὁπλιτῶν
641 3229 824 3288 μυρίων
856 3227 936 3269 καὶ
972 3224 1253 3280 δισχιλίων,
1295 3227 1477 3273 ἱππέων
1512 3228 1566 3275 δὲ
1598 3230 1858 3289 δισχιλίων
1890 3234 2104 3285 ἑξακοσί-

266 3323 371 3360 “ων,
418 3304 639 3363 ἔπλευσε,
688 3302 1002 3368 προσταχθὲν
1035 3304 1168 3366 αὐτῷ
1201 3309 1284 3351 καὶ
1317 3309 1374 3353 τά
1409 3312 1519 3370 περὶ
1550 3313 1910 3360 Καππαδοκίαν
1946 3317 2107 3377 Ἀριο-

275 3385 483 3448 βαρζάνῃ
519 3387 581 3448 τῷ
616 3385 812 3446 βασιλεῖ
841 3387 964 3443 φίλα
989 3388 1069 3430 καὶ
1100 3385 1341 3442 πειθήνια
1369 3398 1649 3450 παρασχεῖν.
1683 3408 1720 3435 v.
1752 3393 1804 3435 ad
1834 3410 1870 3438 a.
1893 3397 1993 3439 703.
2029 3400 2099 3440 15.

268 3468 365 3510 Huc
397 3466 607 3526 pertinere
636 3465 809 3510 videtur
836 3468 1111 3526 Programma
1146 3468 1200 3508 La
1211 3482 1275 3510 ur.
1298 3469 1470 3528 Roget-i,
1506 3469 1710 3520 Examen
1738 3467 1970 3514 dubiorum
1996 3488 2099 3532 quo-

263 3543 462 3588 rumdam
482 3560 537 3587 (m
561 3544 705 3588 Cicero
724 3543 971 3588 proconsul
985 3543 1115 3588 Asiae
1133 3543 1358 3603 appellari
1366 3548 1531 3606 possit.
1560 3545 1704 3592 Colon.
1730 3545 1884 3593 March.
1907 3551 2039 3597 1704.
2057 3547 2104 3594 {⁰-
