2210 3970
266 247 372 300 566
884 260 1093 301 menno
1134 265 1201 299 DE
1245 263 1381 300 VITA
1423 262 1527 299 SUA

727 444 983 501 BALBUS
1026 446 1340 501 Clcmzom
1379 445 1521 500 Im.
1566 445 1622 499 S.

265 596 483 651 Obsecro
506 601 523 635 ¹
567 604 636 662 te,
681 595 878 662 Cicero,
922 598 1122 668 suscipe
1159 614 1339 651 curam
1379 605 1426 650 et
1466 595 1823 668 coqitationem
1849 589 2089 668 diynissis

260 714 403 751 mam
443 704 559 751 tuae
596 698 833 762 virtutis,
872 706 929 750 ut
970 697 1242 753 Caesarem
1281 704 1328 751 et
1367 695 1704 768 Pompeium,
1737 694 1967 766 persidia
2005 695 2090 748 lio-

258 796 461 852 miuum
506 797 806 861 distractos,
862 815 1047 851 rursus
1084 799 1141 850 in
1174 798 1457 869 pristinam
1495 796 1820 852 concordiam
1856 795 2090 850 reducas.

263 897 423 953 Crede
454 897 588 952 milii
608 939 623 961 ,
675 897 946 951 Caesarem
983 915 1084 950 non
1124 897 1293 951 solum
1324 899 1438 970 fore
1475 898 1532 950 in
1569 905 1657 951 tua
1689 904 1964 968 potestate,
2005 897 2095 950 sed

259 987 418 1051 etiam
462 994 757 1051 maximum
800 987 1112 1067 beneficium
1144 1003 1193 1050 te
1231 995 1331 1049 sibi
1369 995 1572 1049 dedisse
1608 995 1961 1050 iudicaturum
1981 1039 1995 1061 ,
2050 998 2095 1050 si
2172 1064 2175 1068 .

261 1096 361 1150 hue
399 1104 447 1150 te
477 1095 668 1151 reiiciS.
755 1095 951 1162 Velim,
991 1096 1129 1151 idem
1165 1095 1446 1167 Pompeius
1472 1095 1665 1168 saciat,
1703 1095 1795 1167 qui
1819 1103 1877 1149 ut
1907 1095 2120 1150 adduci‘

259 1196 356 1251 tali
394 1204 622 1268 tempore
651 1197 719 1251 ad
746 1196 917 1251 ullam
953 1196 1296 1251 conditionem
1319 1196 1488 1268 possit
1499 1234 1518 1261 ‚-
1554 1195 1725 1268 mayis
1756 1204 1900 1267 opto,
1939 1212 2098 1267 quam

257 1313 422 1369 spero.
502 1295 638 1362 Sed,
678 1313 839 1369 quum
879 1297 1162 1352 constiterit
1180 1338 1196 1363 ‚
1236 1304 1286 1351 et
1322 1297 1515 1352 timere·
1541 1295 1780 1359 desierit,
1820 1305 1931 1350 tum
1967 1297 2095 1351 inci-

250 1398 402 1469 piam
428 1414 547 1451 now
566 1396 870 1468 desperare,
910 1405 1055 1451 tuam
1086 1398 1444 1452 auctoritatem
1473 1395 1772 1469 plurimum
1802 1396 1942 1468 apud
1979 1414 2098 1451 eum

258 1497 557 1552 valituram.
659 1501 747 1552 45.
797 1497 942 1561 Quod
979 1496 1262 1552 Lentulum
1300 1514 1505 1562 meum,
1553 1496 1814 1568 consulem
1834 1534 1850 1560 ‚-
1888 1496 2099 1550 voluisti

263 1597 349 1652 hic
387 1614 692 1662 remanere,
736 1597 945 1652 Caesari
983 1606 1193 1670 yratum
1213 1638 1228 1661 ,
1268 1595 1402 1650 milti
1439 1613 1559 1650 vero
1597 1595 1958 1668 qratissimum
1992 1614 2095 1651 me-

261 1699 379 1752 dius
417 1697 578 1769 lidius
617 1697 806 1770 fecisti.
893 1695 1031 1752 Nam
1068 1696 1227 1752 illum
1265 1698 1397 1752 tanti
1435 1697 1575 1771 facio
1594 1739 1610 1763 ,
1649 1697 1742 1770 qui
1776 1715 1880 1751 non
1919 1695 2098 1753 Caesa·

260 1816 374 1853 rem
417 1799 588 1871 mayis
634 1798 857 1871 diligam
879 1820 897 1853 .·
956 1800 1048 1872 qui
1105 1799 1152 1854 si
1190 1815 1382 1872 passus
1432 1807 1598 1866 esset,
1644 1816 1737 1854 nos
1788 1817 1961 1854 secum
1979 1841 1995 1865 ,
2042 1807 2099 1853 ut

261 1916 656 1964 censueramus,
697 1898 873 1972 loqui,
913 1908 962 1953 et
999 1918 1100 1954 non
1134 1918 1188 1954 se
1225 1908 1388 1954 totum
1420 1901 1578 1955 etiam
1615 1909 1665 1954 et
1695 1901 1852 1954 etiam
1888 1899 1955 1954 ab
1994 1916 2096 1954 ser·

261 2018 412 2060 mone
436 2030 441 2048 κ
461 2008 634 2055 nostro
683 2002 982 2066 avertisset,
1033 2001 1208 2054 minus
1259 2001 1448 2066 miser,
1506 2017 1665 2073 quam
1712 2016 1829 2054 sum
1847 2043 1862 2066 ,
1915 2018 2094 2056 essem.

263 2100 401 2156 Nam
439 2119 560 2155 cave
591 2109 746 2172 putes
765 2143 780 2166 ,
823 2099 916 2156 hoc
961 2110 1189 2172 tempore
1219 2100 1346 2172 plus
1378 2116 1813 2173 ine-quemquam
1845 2101 2098 2167 cruciari,

263 2202 400 2274 quod
429 2219 572 2267 eum,
607 2219 761 2275 quem
799 2210 918 2257 ante
957 2219 1040 2256 me
1076 2200 1241 2274 diliqo
1261 2242 1275 2266 ,
1316 2201 1461 2255 video
1497 2201 1556 2254 in
1594 2201 1864 2256 consulatu
1891 2202 2098 2274 quidvis

255 2304 431 2374 potius
470 2321 606 2370 esse,
658 2320 818 2377 quam
855 2303 1133 2360 consulem.
1237 2303 1390 2378 Quod
1419 2305 1466 2358 si
1511 2304 1732 2360 voluerit
1769 2304 1864 2380 tibi
1908 2305 2095 2360 obtem·

256 2416 446 2474 perare
492 2415 540 2459 et
583 2405 728 2460 nobis
767 2405 831 2460 de
874 2405 1090 2459 Caesare
1121 2404 1330 2460 credere
1373 2412 1423 2459 et
1467 2404 1791 2459 consulatum
1835 2404 2100 2478 reliquum

266 2503 459 2559 Romae
496 2523 778 2577 peraqere,
830 2506 1080 2576 incipiam
1119 2522 1357 2575 sperare,
1416 2506 1574 2560 etiam
1611 2506 1825 2560 consilio
1863 2515 2098 2573 senatus,

264 2613 470 2660 auctore
522 2613 570 2660 te
589 2647 604 2671 ,
657 2605 752 2659 illo
789 2605 1040 2669 relatore,
1093 2604 1402 2675 Pompeium
1441 2614 1489 2659 et
1537 2606 1809 2661 Caesarem
1859 2608 2101 2681 coniunqi

258 2719 427 2776 posse.
523 2705 667 2769 Quod
706 2706 757 2759 si·
789 2708 990 2778 sactum
1028 2706 1160 2769 erit,
1200 2722 1283 2758 me
1322 2706 1448 2759 satis
1489 2707 1685 2761 vioeisse
1715 2709 1926 2778 putabo.
2009 2712 2096 2763 44.

265 2807 489 2862 Factum
555 2806 798 2864 Caesaris
853 2805 922 2860 de
975 2806 1210 2878 Corfinio
1265 2814 1428 2862 totum
1481 2815 1528 2862 te
1579 2807 1925 2879 probaturum
1976 2810 2094 2864 scio.

274 2907 534 2971 Quomodo
584 2908 641 2961 in
686 2906 982 2961 huiusmodi
1026 2924 1112 2972 re,
1171 2908 1487 2963 commodius
1526 2909 1708 2964 cadere
1749 2928 1850 2965 non
1894 2912 2098 2982 potuit,

268 3026 428 3081 quam
463 3017 522 3063 ut
558 3026 644 3063 res
682 3009 794 3062 sine
831 3008 1083 3080 sanquine
1121 3008 1378 3080 confieret.
1459 3008 1630 3064 Balbi
1655 3011 1758 3064 mei
1796 3011 1971 3083 tuique
2009 3011 2096 3066 ad·⁴

269 3117 424 3164 ventu
462 3109 772 3164 delectatum
809 3117 886 3174 te,
934 3108 1084 3163 valde
1127 3109 1341 3180 gau-deo.
1421 3109 1479 3163 Is
1511 3127 1862 3182 quaecumque
1899 3111 1994 3165 tibi
2023 3113 2098 3165 ’de

279 3210 510 3271 Caesare„
535 3211 701 3276 dixit,
744 3227 974 3283 quaeque
1014 3210 1210 3267 Caesar
1243 3211 1476 3282 scripsit,
1519 3211 1623 3265 scio
1641 3253 1654 3276 ,
1696 3229 1754 3264 re
1787 3211 1881 3265 tibi
1911 3211 2098 3283 proba»

273 3311 375 3375 bit,
415 3329 765 3383 quaecumque
804 3315 1016 3383 fortuna
1056 3311 1164 3365 eius
1198 3312 1393 3383 suerit,
1434 3312 1700 3367 verissime
1739 3313 2020 3383 scripsisse.

277 3463 491 3479 m

339 3522 376 3588 ι)
407 3529 460 3576 ad
495 3531 587 3575 Att.
621 3532 735 3575 vm.
774 3533 843 3577 15.
880 3534 925 3576 A·
963 3531 1045 3589 §1-
