2158 4030
154 343 278 363 m
284 338 1888 362 uflaefflmmffllmmmwnmm

720 1317 917 1372 LIBER
960 1316 1325 1372 SECUNDUS.

183 1518 222 1577 1.
307 1525 354 1575 1.
396 1519 475 1575 Ex
498 1519 729 1575 itinere¹
763 1518 941 1592 recepi
964 1536 1049 1574 me
1071 1518 1284 1574 biennio
1306 1524 1450 1591 post,
1478 1534 1582 1573 non
1613 1518 1768 1574 modo
1794 1534 1940 1574 exer·

104 1621 357 1686 citatior,
397 1620 488 1677 sed
516 1637 678 1694 prope
710 1626 970 1676 mutatus
1051 1620 1184 1676 Nam
1218 1627 1272 1675 et
1298 1621 1572 1676 eontentio
1604 1621 1770 1675 nimia
1798 1622 1943 1676 vocis

103 1722 415 1788 resederat,
455 1729 509 1778 et
548 1722 701 1795 quasi
734 1721 1035 1778 deferverat
1075 1723 1275 1788 oratio,
1316 1721 1683 1794 lateribusque
1714 1723 1856 1777 vines
1889 1729 1944 1778 et

109 1824 319 1896 'corpori
351 1821 638 1878 mediocris
670 1822 886 1878 habitus
919 1830 1237 1879 accesserat.
1316 1823 1433 1879 Duo
1465 1829 1582 1878 tum
1616 1823 1957 1879 excellebant·

101 1930 383 2002 -oratoreS,
435 1923 529 1996 qui
574 1938 661 1979 me
706 1923 954 1978 imitandi
1002 1924 1300 1997 cupiditate
1334 1925 1654 1989 incitarent,
1706 1924 1858 1979 Cotta
1891 1930 1946 1978 et

102 2025 455 2082 Hortensius:
496 2039 727 2097 quorum
760 2025 897 2080 alter
928 2025 1190 2080 remissus
1223 2031 1278 2080 et
1317 2024 1453 2079 lenis
1481 2031 1536 2080 et
1568 2025 1801 2097 propriis
1829 2041 1943 2078 ver·

109 2124 692 2204 his-*comprehendens
725 2125 897 2181 solute
943 2132 997 2180 et
1031 2124 1186 2180 facile
1225 2125 1578 2179 sententiani:
1619 2125 1757 2180 alter
1789 2141 1942 2179 orna-

107 2230 230 2290 tuS,
281 2226 406 2280 acer
433 2222 498 2280 ¹et
531 2240 637 2279 non
677 2225 831 2290 talis,
882 2224 1096 2297 qualem
1135 2240 1261 2279 eum
1301 2230 1483 2296 postea
1505 2266 1519 2289 ,
1573 2226 1680 2279 iam
1721 2224 1941 2280 deflore-

110 2330 380 2390 scentem,
413 2327 788 2397 eognovimus,
810 2325 902 2380 sed
935 2325 1164 2380 aetionis
1190 2330 1245 2379 et
1271 2323 1555 2378 verborum
1578 2333 1775 2395 genere
1799 2343 1940 2380 com-

102 2423 320 2479 motior.
401 2423 587 2497 Itaque
626 2441 751 2479 cum
791 2425 1075 2479 Hortensio
1108 2423 1242 2478 mihi
1283 2424 1457 2495 magis
1489 2423 1795 2479 arbitrabar
1828 2442 1941 2480 rem

108 2540 254 2590 esse,
284 2524 433 2598 quod
467 2532 522 2580 et
550 2524 762 2580 dicendi
792 2525 982 2581 ardore
1010 2541 1157 2581 eram
1192 2526 1409 2598 propior
1434 2531 1487 2579 et
1515 2532 1690 2581 aetate
1722 2528 1940 2582 coniun-

98 2626 262 2682 ctior.
340 2626 555 2707 Etenim
596 2627 833 2682 videram
870 2628 925 2681 in
961 2626 1152 2682 iisdem
1181 2628 1417 2692 caussiS,
1459 2634 1521 2681 ut
1547 2645 1643 2699 pro
1675 2628 1742 2682 Μ.
1772 2628 1942 2684 Canu-

39 2755 49 2761 ·-
102 2726 236 2793 leio,
295 2745 392 2801 pro
448 2730 540 2784 Gn.
595 2728 861 2785 Dolabella
913 2729 1213 2793 consulari,
1273 2745 1442 2801 quum
1487 2729 1641 2783 Cotta
1685 2731 1937 2803 princeps

103 2826 380 2885 adhibitus
410 2827 596 2897 esset,
654 2831 860 2903 priores
906 2837 1086 2886 tamen
1139 2846 1298 2901 agere
1350 2836 1531 2903 partes
1577 2830 1942 2886 Hortensium.

108 2929 300 2986 Aerem
340 2931 484 2986 enim
529 2937 825 2996 oratorem,
886 2932 1167 2986 incensum
1207 2937 1260 2985 et
1299 2937 1548 3002 agentem
1589 2937 1643 2985 et
1682 2949 1941 2986 canorum

106 3048 404 3087 concursus
449 3032 725 3087 hominum
768 3033 976 3106 forique
1009 3035 1269 3106 strepitus
1302 3033 1586 3087 desiderat.
1671 3037 1720 3086 2.
1765 3033 1941 3088 Unum

109 3131 278 3203 igitur
309 3148 541 3199 annum,
593 3128 762 3205 quum
802 3133 1151 3190 rediissemus
1184 3151 1249 3189 ex
1290 3134 1444 3198 Asia,
1486 3150 1704 3188 caussas
1738 3134 1940 3189 nobiles

110 3234 347 3304 egimus,
400 3251 567 3306 quum
601 3242 947 3307 quaesturam
981 3253 1107 3300 nos,
1149 3234 1488 3290 consulatum
1529 3235 1679 3290 Cotta
1703 3279 1716 3301 ‚
1757 3236 1937 3291 aedili-

111 3339 275 3389 tatem
300 3342 506 3407 peteret
533 3337 866 3393 Hortensius
947 3336 1408 3405 Quemadmodum
1431 3342 1480 3401 ²,
1521 3353 1688 3408 quum
1719 3339 1942 3394 Roscius

172 3553 209 3609 ¹)
244 3554 362 3600 Brut.
382 3556 505 3601 c.91.
533 3557 556 3613 §
577 3558 679 3601 316.
715 3584 769 3590 -
801 3559 837 3615 ²)
860 3573 935 3618 pro
961 3555 1108 3602 Roscio
1135 3555 1341 3602 Comoedo
1365 3573 1398 3600 υ.
1419 3559 1457 3601 7.
1493 3558 1518 3612 §
1538 3558 1608 3600 21.
