2158 4030
911 163 1206 199 —xv—

137 318 287 373 quam
325 300 556 351 dicentur
592 291 727 344 omni
767 289 866 340 fide
901 291 1137 343 historica
1173 305 1372 343 carere:
1421 292 1491 349 si,
1539 292 1774 356 inquam,
1823 295 1976 346 auda-

134 401 242 446 cter
272 398 327 444 et
358 403 474 441 cum
510 383 694 436 fiducia
724 379 842 431 inde
878 397 1226 447 excerperem,
1261 397 1391 446 quae
1423 397 1519 432 usu
1551 383 1719 432 venire
1751 385 1976 436 videren-

137 490 254 540 tur;
290 478 379 531 sed
408 472 670 540 adscriptis
703 470 826 522 locis
864 470 927 520 ad
970 471 1120 522 finem
1157 472 1364 538 paginae
1407 472 1578 523 curavi
1615 482 1673 524 ut
1719 474 1861 524 facile
1897 493 1977 542 ap-

135 576 334 638 pareret
364 564 499 618 unde
533 563 730 630 singula
761 569 930 612 essent
957 570 1206 627 excerpta.
1277 561 1388 621 Quo
1424 562 1556 613 sacto
1585 579 1743 628 quum
1780 575 1976 616 senten-

134 659 258 718 tiam
296 672 460 715 meam
494 669 594 707 non
638 651 1066 720 pronuntiaverim
1089 690 1101 711 ‚
1135 652 1306 703 malim
1358 653 1550 703 censeri
1602 669 1752 705 suum
1793 656 1976 720 cuique

131 747 379 800 iudicium
423 744 706 810 relinquere
741 742 972 792 liberum.

196 926 372 979 Restat
419 932 477 977 ut
518 923 582 978 iis
613 921 974 988 respondeam,
1009 921 1096 986 qui
1132 920 1370 976 dubitent
1404 937 1468 973 an
1506 924 1627 974 satis
1661 923 1871 991 dignum
1909 928 1976 976 sit

132 1016 315 1072 summi
346 1015 440 1067 viri
475 1028 717 1082 persona,
753 1012 794 1065 si
829 1011 1051 1079 fingatur
1080 1012 1150 1062 ita
1185 1011 1249 1063 de
1285 1012 1391 1064 suis
1427 1013 1531 1079 ipse
1566 1012 1718 1064 rebus
1753 1015 1978 1067 scribens

132 1115 192 1162 ut
238 1120 380 1157 suam
431 1105 536 1171 ipse
589 1102 809 1156 celebret
850 1102 1108 1153 virtutem.
1175 1101 1358 1153 Contra
1391 1118 1519 1168 quos
1555 1102 1778 1155 breviter
1809 1104 1976 1158 dicen·

132 1197 255 1253 dum
295 1194 562 1251 existimo,
607 1191 744 1256 quod
779 1200 970 1257 septem
1006 1191 1187 1241 abhinc
1231 1192 1375 1243 annis
1421 1192 1593 1244 dedita
1640 1209 1788 1259 opera
1829 1211 1976 1262 expo·

131 1285 213 1344 aui
247 1282 431 1349 scripto
461 1280 836 1348 Programmate
867 1278 1178 1336 scholastico
1212 1280 1270 1330 de
1297 1279 1525 1332 Romanis
1557 1282 1976 1349 Autobioqfflpleis,

51 1431 54 1434 ,
130 1374 412 1442 complures
458 1371 615 1424 fuisse
650 1370 702 1422 in
744 1369 999 1436 republica
1033 1369 1254 1422 Romana
1291 1371 1424 1423 viros
1458 1371 1720 1437 egregios,
1755 1374 1841 1438 qui
1878 1390 1977 1426 non

130 1462 475 1523 dubitaverint
509 1461 573 1517 de
602 1460 756 1513 rebus
790 1476 818 1511 a
861 1476 915 1515 se
948 1459 1200 1525 praeclare
1235 1460 1423 1527 gestis,
1471 1459 1535 1511 de
1581 1463 1802 1513 consiliis
1843 1465 1979 1518 suis.

48 1554 66 1587 ⁷'
128 1555 293 1622 deque
329 1562 443 1606 tota¹
469 1553 573 1604 vita
622 1567 712 1602 sua
756 1550 1151 1601 Commentarios
1188 1550 1437 1609 scribere;
1484 1567 1647 1617 neque
1683 1553 1733 1604 id
1770 1554 1859 1604 ulli
1896 1571 1977 1604 eo·

129 1661 245 1696 rum
279 1645 404 1696 eitra
439 1643 591 1694 fidem
640 1641 795 1692 fuisse
838 1650 928 1691 aut
970 1640 1339 1692 obtrectationi.
1410 1642 1635 1701 Quorum
1674 1642 1723 1691 in
1766 1659 1978 1693 numero

34 1740 53 1795 χ’
129 1736 229 1795 ruit
270 1733 332 1791 Μ.
359 1732 606 1789 Aemilius
658 1730 906 1790 Scaurus,
941 1730 985 1783 is
1019 1730 1106 1795 qui
1142 1732 1370 1798 princeps
1422 1742 1629 1783 senatus
1662 1732 1830 1784 dictus
1865 1744 1976 1792 cst;

126 1834 180 1883 at
213 1825 266 1880 Ρ.
292 1824 516 1882 Rutilius
549 1822 743 1883 Rufus,
780 1822 1068 1887 exemplum
1103 1821 1419 1876 innocentiae
1441 1862 1452 1884 ‚
1496 1838 1597 1888 quo
1633 1839 1780 1875 nemo
1811 1840 1974 1890 neque

126 1914 371 1984 integrior
405 1923 515 1966 erat
548 1913 599 1965 in
644 1912 848 1963 civitate
883 1926 1047 1977 neque
1085 1912 1331 1988 sanction
1369 1920 1422 1962 et
1457 1911 1512 1971 Q.
1546 1910 1783 1965 Lutatius
1828 1914 1976 1966 Catu-

124 2005 238 2065 lus,
273 2005 360 2072 qui
395 2004 740 2062 humanitate,
790 2002 1065 2068 sapientia,
1118 2002 1411 2070 integritate
1458 2004 1808 2054 antecelluisse
1855 2005 1975 2055 dici·

125 2104 226 2147 tur.
293 2093 393 2145 Sed
427 2094 550 2160 quid
579 2110 673 2160 ego
703 2091 861 2143 alios?
912 2092 1000 2141 Ille
1030 2106 1231 2156 quoque
1266 2091 1399 2158 ipse,
1436 2090 1500 2141 de
1530 2109 1632 2156 quo
1657 2096 1977 2158 quaerimus,

127 2183 298 2234 Cicero
332 2183 502 2250 plures
535 2182 817 2248 composuit
853 2181 1038 2240 libros,
1078 2190 1179 2231 tam
1215 2178 1400 2230 Graece
1435 2197 1587 2246 quam
1622 2182 1832 2245 Latine,
1870 2195 1971 2236 tam

124 2273 278 2340 ligata
324 2288 474 2338 quam
527 2272 691 2323 soluta
732 2271 988 2328 oratione,
1040 2286 1100 2320 ne
1145 2270 1266 2336 quod
1308 2285 1456 2334 qenus
1509 2271 1666 2320 laudis
1715 2289 1859 2331 sitae,
1914 2286 1972 2326 ut

43 2363 49 2369 '
121 2363 224 2424 ait,
258 2376 291 2413 a
323 2377 373 2412 se
405 2361 506 2427 ipso
534 2359 1003 2426 praetermitteretur.
1065 2359 1205 2418 Quae
1254 2368 1422 2408 tamen
1458 2361 1623 2410 omnia
1660 2364 1874 2433 scripta,
1913 2375 1971 2415 ut

34 2504 37 2506 ,
121 2450 400 2513 Ciceronis,
436 2451 506 2502 ita
534 2451 876 2516 reliquorum,
911 2463 1038 2514 quos
1055 2449 1187 2507 dixi,
1220 2449 1458 2515 temporis
1477 2450 1659 2501 iniuria
1683 2454 1969 2518 perierunt;

119 2541 254 2608 quod
301 2540 523 2608 profecto
584 2541 871 2592 litterarum
919 2555 1094 2590 caussa
1144 2547 1247 2590 tam
1298 2539 1444 2590 valde
1495 2556 1696 2592 mecum
1744 2543 1969 2607 dolebiS,

22 2646 29 2659 ¹
119 2647 270 2697 quam
304 2631 442 2699 quod
476 2640 555 2683 est
587 2632 805 2683 maxime
840 2629 1130 2682 dolendum.

185 2810 424 2863 Desinant
457 2812 618 2880 igitur
652 2826 916 2869 accusare,
952 2820 1036 2870 et,
1086 2812 1128 2861 si
1163 2824 1291 2875 quae
1313 2809 1413 2876 ,his
1458 2811 1666 2862 meliora
1702 2815 1934 2864 noverint
1956 2855 1969 2876 ‚

119 2900 371 2968 corrigant
402 2902 571 2968 potius
605 2917 756 2967 quam
801 2900 1172 2967 reprehendant
1217 2908 1420 2950 nostra:
1470 2909 1671 2952 tantum
1713 2903 1846 2952 enim
1883 2904 1965 2953 ab·

9 2995 50 3065 4·
117 2999 223 3050 est‚
259 2999 318 3042 ut
365 2991 512 3042 scribi
555 2999 725 3041 contra
769 3005 862 3040 nos
896 2991 1148 3052 nolimus,
1195 2998 1253 3040 ut
1301 2990 1353 3039 id
1388 2991 1541 3040 etiam
1576 2991 1793 3041 maxime
1829 3001 1965 3058 opte-

116 3096 245 3132 mus,
315 3081 522 3133 Faciant
555 3081 705 3132 modo
743 3081 1018 3141 liberaliter
1052 3090 1105 3131 et
1146 3080 1400 3147 cogitent,
1437 3097 1623 3146 quaeso
1646 3121 1657 3140 ,
1693 3082 1819 3131 nihil
1854 3099 1964 3133 esse

114 3184 287 3220 rerum
335 3170 678 3222 humanarum
699 3211 710 3233 ,
762 3171 898 3236 quod
945 3171 1007 3221 ab
1058 3172 1194 3222 omni
1241 3180 1381 3237 parte
1434 3172 1714 3237 perfectum
1762 3173 1859 3229 sit,
1912 3184 1964 3222 et

9 3245 38 3322 'gs
87 3266 258 3326 ‘tanto
292 3260 406 3326 plus
456 3262 634 3315 veniae
681 3262 788 3312 dari
827 3277 971 3328 posse
1007 3262 1144 3333 operi
1180 3262 1503 3327 imperfecto,
1537 3272 1727 3328 quanto
1763 3264 1876 3328 plus
1912 3263 1962 3312 in

115 3363 176 3399 eo
220 3348 532 3403 difficultatis
579 3361 632 3404 et
677 3352 862 3404 laboris
906 3352 1068 3402 inesse
1116 3361 1362 3417 appareat.
1434 3351 1539 3403 Hoc
1576 3363 1773 3411 autem,
1827 3353 1962 3418 quod
