2210 3970
228 238 335 289 568
687 250 1017 290 ANNALes
1074 253 1586 296 CICERONIANI.

223 378 415 452 oppida
446 386 499 435 et
533 378 654 435 sana
687 346 1034 454 depeculatus
1058 390 1159 440 est.
1201 401 1256 438 11.
1296 401 1342 440 c.
1365 388 1418 439 6.
1453 389 1540 441 16.
1579 403 1626 441 e.
1647 389 1738 445 16.
1763 391 1853 442 44.
1894 406 1939 444 c.
1967 394 2053 445 19.

223 482 312 535 52.

281 580 365 624 Cic.
389 580 437 624 in
474 584 652 627 Verrem
679 584 776 627 Act.
810 595 862 628 11.
890 586 935 628 L.
961 595 992 628 1.
1025 598 1066 631 e.
1094 586 1168 627 15.
1201 585 1274 627 41.
1317 585 1480 644 Itaque
1511 582 1628 628 idem
1664 585 1777 644 iste,
1819 602 1947 646 quem
1978 589 2052 633 Gn.

220 658 456 703 Dolabella
473 667 636 721 postea
652 691 666 716 ,
702 661 746 704 G.
768 660 975 705 Malleolo
1002 661 1144 705 occiso
1160 692 1174 717 ,
1197 677 1286 722 pro
1318 670 1550 723 quaestore
1583 662 1741 707 habuit
1765 662 1911 722 (haud
1933 667 2050 723 scio,

218 752 278 780 an
307 737 451 781 maior
486 739 622 782 etiam
655 738 758 784 haec
794 738 1071 784 necessitudo
1093 737 1272 797 fuerit,
1305 756 1440 800 quam
1470 739 1558 784 illa
1592 740 1827 795 Carbonis,
1863 757 1915 785 ac
1938 742 2052 802 plus

215 814 434 861 iudicium
458 817 706 865 voluntatis
735 817 906 873 valere,
938 833 1072 877 quam
1097 817 1235 861 sortis
1266 816 1464 876 debeat),
1509 818 1627 863 idem
1656 807 1706 863 in
1735 820 1816 865 Cn.
1843 819 2051 864 Dolabel-

218 891 307 935 lam
324 925 339 948 ,
382 894 463 953 qui
491 894 541 937 in
576 895 648 939 Cn.
686 895 946 950 Carbonem,
978 893 1100 952 fuit.
1162 896 1276 938 Nam
1312 912 1427 955 quae
1455 897 1506 941 in
1535 898 1686 958 ipsum
1716 897 1924 943 valebant
1965 899 2053 944 cri-

214 970 361 1026 mina,
393 970 586 1015 contulit
615 971 665 1016 in
693 971 853 1028 illum,
885 986 1176 1031 caussamque
1202 970 1335 1016 illius
1360 988 1530 1016 omnem
1554 973 1618 1018 ad
1638 975 1843 1020 inimicos
1869 992 2052 1021 accusa-

214 1053 418 1107 toresque
447 1047 640 1092 detulit:
669 1049 767 1109 ipse
792 1050 842 1093 in
873 1065 971 1093 eum
988 1080 1003 1104 ‚
1043 1049 1119 1094 cui
1146 1047 1348 1109 legatus,
1387 1050 1463 1094 cui
1484 1065 1574 1110 pro
1605 1058 1838 1111 quaestore
1860 1051 2050 1111 fuerat,

211 1123 572 1169 inimicissimum
598 1133 733 1187 atque
757 1126 1134 1187 improbissimum
1159 1127 1463 1172 testimonium
1479 1126 1614 1172 dixit.
1651 1127 1741 1172 Ille
1766 1129 1901 1172 miser
1916 1146 2052 1191 quum

213 1209 354 1258 esset,
392 1204 466 1248 Gn.
484 1203 721 1248 Dolabella
741 1211 837 1248 tum
849 1203 1106 1265 proditione
1126 1205 1266 1250 istius
1286 1206 1494 1266 nefaria,
1526 1213 1624 1251 tum
1642 1206 1840 1267 improbo
1862 1214 1907 1252 et
1917 1207 2059 1267 falsor

213 1280 408 1325 eiusdem
434 1282 712 1337 testimonio,
740 1289 837 1327 tum
858 1282 999 1326 multo
1026 1284 1163 1327 etiam
1188 1299 1245 1328 ex
1268 1284 1469 1329 maxima
1486 1290 1623 1346 parte
1652 1284 1792 1328 istius
1813 1283 2052 1344 furtorum

211 1377 264 1405 ac
284 1361 579 1423 flagitiorum
604 1360 776 1406 invidia
805 1361 1116 1423 conflagravit.
1180 1376 1218 1406 c.
1237 1364 1310 1406 16.
1345 1364 1418 1407 42.
1446 1361 1569 1420 Quid
1598 1361 1677 1407 hoc
1705 1361 1879 1407 homine
1895 1362 2052 1423 facia-

213 1440 311 1483 tis?
343 1447 426 1484 aut
451 1439 514 1483 ad
536 1456 671 1500 quam
695 1455 818 1500 spem
844 1447 939 1484 tam
961 1438 1263 1500 perfidiosum
1279 1472 1294 1496 ,
1325 1447 1421 1484 tam
1449 1439 1754 1500 importunum
1779 1440 1955 1485 animal
1982 1457 2050 1486 re-

212 1518 436 1563 servetis?
484 1519 564 1580 qui
594 1520 643 1563 in
679 1520 752 1564 On.
785 1518 976 1562 Carbone
1002 1524 1192 1574 sortem,
1229 1517 1280 1562 in
1314 1518 1388 1562 Cn.
1406 1515 1645 1561 Dolabella
1669 1516 1944 1563 voluntatem
1975 1535 2050 1564 ne·

208 1595 402 1656 glexerit
429 1612 481 1640 ac
501 1595 686 1640 violarit
697 1629 710 1653 ,
738 1611 896 1657 eosque
912 1595 1062 1639 ambos
1077 1611 1166 1640 non
1181 1594 1326 1639 solum
1351 1593 1622 1653 deseruerit,
1654 1595 1736 1640 sed
1749 1597 1886 1640 etiam
1891 1596 2050 1658 prodi-

210 1672 330 1718 derit
354 1681 490 1735 atque
515 1676 797 1736 oppugnarit.
861 1673 973 1725 Ibid.
992 1677 1087 1719 Act.
1106 1685 1159 1718 11.
1175 1676 1220 1718 L.
1235 1684 1306 1718 ΠΙ.
1333 1688 1371 1718 e.
1390 1675 1463 1718 76.
1493 1675 1597 1718 177.
1631 1676 1692 1717 De
1709 1672 1968 1735 oppidorum
1986 1673 2049 1720 fa-

209 1767 456 1815 norumque
481 1751 809 1815 spoliationibus
835 1751 1030 1813 exposuit
1047 1748 1191 1797 Cicero
1213 1755 1309 1799 Act.
1329 1764 1380 1797 11.
1407 1755 1458 1800 L.
1474 1765 1505 1798 1.
1523 1768 1561 1797 c.
1578 1754 1652 1797 17.
1671 1754 1731 1796 44
1746 1766 1839 1814 sqq.
1866 1752 2049 1798 Pseudo·

208 1834 360 1878 Ascon.
393 1832 440 1876 in
472 1835 567 1877 Act.
598 1844 626 1876 1.
655 1845 696 1893 p.
713 1834 808 1876 ‘127
832 1841 878 1876 et
904 1833 1008 1875 129.
1052 1832 1249 1891 Legatus
1271 1845 1358 1891 per
1389 1829 1473 1874 luas
1495 1830 1757 1892 provincias
1788 1829 2048 1875 Dolabellae

200 1910 464 1970 proconsuli
490 1910 598 1970 fuit
615 1917 674 1954 .et
695 1926 784 1970 pro
814 1917 1075 1971 quaestore,
1106 1908 1314 1953 Malleolo
1343 1916 1543 1965 mortuo,
1587 1907 1867 1968 eiusdemque
1893 1908 1942 1953 in
1977 1909 2048 1953 iu-

209 1986 349 2044 dicio,
381 2003 518 2048 quum
538 1993 851 2043 accusaretur,
873 1985 1083 2047 proditor
1093 1984 1214 2044 fuit.
1256 1984 1399 2031 Schol.
1423 1988 1604 2030 Gronov.
1626 1986 1676 2032 iu
1699 1989 1801 2035 Act.
1825 2001 1857 2033 1.
1881 2005 1923 2050 p.
1940 1991 2044 2034 387.

206 2065 321 2108 Post
344 2072 632 2126 quaesturam
659 2065 835 2127 legatus
862 2072 931 2109 est
946 2064 1112 2124 factus
1137 2061 1424 2123 Dolabellae,
1456 2070 1501 2107 et
1533 2062 1645 2109 hanc
1665 2065 1862 2125 (Asiam)
1888 2065 2048 2110 multis

205 2141 362 2202 affecit
390 2142 691 2188 incommodis.

465 2439 724 2524 ANNUS
776 2437 1018 2524 VITAE
1069 2468 1499 2525 clcERoms
1548 2470 1787 2527 xxvm.

204 2649 242 2678 a.
261 2636 309 2676 U.
329 2638 373 2679 C.
623 2637 738 2678 Coss.
772 2637 819 2677 P.
852 2636 1118 2677 SERVILIUS
1150 2634 1311 2677 VATIA
1343 2635 1624 2678 ISAURICUS.
1873 2649 1911 2679 a.
1928 2637 1977 2678 A.
1997 2638 2041 2680 C.

227 2725 349 2800 975.
776 2727 858 2769 AP.
892 2727 1140 2768 CLAUDIUS
1172 2727 1420 2769 PULGHER.
1932 2727 2010 2771 79.

281 2855 343 2930 (1)
385 2819 569 2911 Cicero
608 2856 891 2912 Arretinae
927 2855 1172 2943 mulieris
1211 2855 1518 2912 libertatem
1562 2854 1751 2912 eontra
1785 2857 1840 2914 C.
1873 2824 2040 2913 Aure-

200 2955 335 3010 lium
369 2956 578 3011 Cottam
612 2955 867 3013 defendit.
906 2974 942 3011 1.
985 2974 1030 3011 o.
1053 2961 1141 3012 55.
1187 2961 1311 3012 110.

263 3052 420 3104 Caussa
451 3058 570 3116 fuit,
603 3066 656 3104 ut
688 3058 881 3116 dicitur,
912 3056 1133 3115 liberalis,
1165 3058 1194 3104 i.
1212 3073 1248 3104 e.
1276 3057 1323 3102 in
1351 3073 1439 3121 qua
1462 3057 1516 3103 de
1547 3056 1752 3104 libertate
1779 3059 1842 3103 rei
1875 3058 2035 3119 agitur.

202 3139 291 3182 Rea
318 3146 410 3183 erat
441 3137 602 3183 mulier
634 3137 850 3201 quaedam
876 3152 926 3181 ex
954 3136 1107 3198 oppido
1134 3138 1329 3195 Arretio,
1361 3153 1494 3201 quam
1522 3136 1707 3183 liberam
1736 3154 1824 3183 esse
1850 3137 2037 3200 negabat

201 3215 325 3260 Cotta
342 3248 356 3271 ,
390 3215 505 3277 quod
538 3215 842 3261 Arretinorum
869 3230 969 3277 ager
999 3232 1025 3261 a
1056 3216 1182 3262 Sulla
1213 3224 1323 3262 esset
1355 3215 1619 3277 publicatus·
1681 3217 1765 3261 Cic.
1792 3216 1848 3262 ad
1875 3221 1967 3262 Att.
2003 3231 2034 3264 1.
2098 3229 2103 3245 Χ

203 3294 277 3345 19.
307 3296 347 3337 4.
375 3294 686 3339 Volaterranos
713 3301 758 3338 et
782 3293 1036 3350 Arretinos,
1068 3311 1256 3355 quorum
1281 3311 1440 3356 agrum
1467 3294 1599 3339 Sulla
1615 3295 1876 3356 publicarat
1898 3312 2036 3358 neque

202 3368 446 3425 diviserat,
481 3374 530 3417 in
561 3389 647 3418 sua
669 3373 954 3434 possessione
969 3372 1225 3419 retinebam.
1290 3373 1356 3418 ld.
1391 3372 1447 3417 ad
1469 3371 1611 3417 valer.
1629 3375 1784 3418 Orcam
1819 3374 1894 3431 (ad
1913 3378 2033 3420 Fam.

201 3459 306 3491 xm.
342 3451 370 3492 4
403 3455 447 3492 et
481 3452 544 3509 5.)
607 3450 671 3496 ld.
701 3466 777 3512 pro
809 3453 944 3495 Domo
970 3465 1049 3495 sua
1081 3465 1118 3494 c.
1137 3456 1210 3499 29.
1240 3455 1314 3498 77.
1344 3455 1427 3497 Ius
1452 3469 1482 3496 a
1511 3450 1756 3496 maioribus
1778 3451 1948 3495 nostris
1974 3475 2036 3484 —-

201 3524 269 3568 ita
301 3534 601 3585 comparatum
629 3536 720 3587 est,
763 3537 816 3575 ut
847 3530 957 3575 civis
989 3531 1212 3576 Romanus
1246 3531 1493 3577 libertatem
1527 3545 1650 3575 nemo
1676 3536 1832 3589 posset
1863 3530 2032 3573 invitus
