2150 3990
283 254 385 302 166
878 265 1085 303 menno
1134 265 1202 301 DE
1254 265 1388 302 νιΤΑ
1437 265 1538 301 ευΛ

279 400 482 453 homini
536 401 639 453 iam
690 399 903 471 Syriam
946 399 1155 461 ademi;
1206 405 1452 454 senatum
1505 396 1570 451 ad
1622 398 1905 469 pristinam
1945 415 2095 455 suam

275 500 615 554 severitatem
645 499 888 554 revocavi
910 504 1070 570 atque
1097 498 1365 554 abiectum
1387 498 1644 559 excitavi;
1683 481 1924 552 Clodium
1945 516 2092 570 prae·

270 605 479 654 sentem
513 596 649 669 fregi
688 598 744 652 in
783 604 1004 662 senam,
1044 615 1212 670 quum
1251 599 1489 653 oratione
1527 603 1819 670 perpetua,
1854 596 2095 669 plenissi-

268 716 360 756 ma
379 700 690 772 gravitatiS,
723 705 840 753 tum
873 698 1219 754 altercatione
1239 699 1537 764 eiusmodi,
1565 715 1630 753 ex
1650 698 1901 770 qualicet
1926 715 2096 771 pauca

270 800 538 872 degustes,
621 802 709 854 26.
751 799 914 864 Nam,
941 806 1003 854 ut
1029 800 1160 854 Idih.
1196 800 1320 855 Maii
1354 801 1411 854 in
1438 807 1684 856 senatum
1719 801 2097 865 convenimus,

269 908 490 973 rogatus
540 917 638 972 ego
677 900 1000 954 sententiam
1020 942 1034 964 ,
1069 900 1241 955 multa
1280 901 1392 955 dixi
1431 900 1498 956 de
1541 917 1754 956 summa
1793 900 2095 974 republica,

267 1009 428 1072 atque
455 1001 545 1055 ille
569 1000 719 1054 locus
751 999 1008 1054 inductus
1041 1016 1073 1054 a
1104 1017 1192 1055 me
1224 1009 1305 1056 est
1337 1001 1625 1057 divinitus:
1665 1019 1758 1066 ne,
1797 1018 1907 1056 una
1938 1002 2094 1074 plaga

265 1106 483 1172 accepta
503 1142 518 1164 ,
563 1105 744 1172 patres
778 1101 1070 1172 conscripti
1102 1098 1482 1167 conciderent,
1522 1118 1591 1157 ne
1615 1101 1932 1157 deficerent:
1978 1101 2091 1157 vul-

263 1218 368 1256 nus
425 1216 542 1255 esse
585 1199 878 1264 eiusmodi,
930 1200 1072 1272 quod
1124 1201 1258 1256 mihi
1309 1218 1410 1256 nec
1459 1200 1940 1266 dissimulandum,
1993 1218 2093 1259 nec

261 1299 750 1373 pertimescendum
785 1299 1088 1356 videretur:
1147 1318 1214 1355 ne
1265 1309 1360 1356 aut
1406 1301 1694 1357 metuendo
1726 1302 2091 1373 ignavissimi,

257 1408 354 1456 aut
400 1401 695 1473 ignorando
726 1400 1036 1456 stultissimi
1082 1402 1481 1459 iudicaremur:
1521 1403 1604 1458 bis
1636 1403 1943 1459 absolutum
1977 1419 2093 1458 esse

255 1503 544 1558 Lentulum
564 1546 580 1568 ,
630 1503 713 1557 bis
751 1502 1058 1559 Catilinam:
1117 1503 1263 1558 hunc
1302 1506 1526 1560 terti-um
1565 1506 1677 1558 iam
1714 1519 1832 1558 esse
1874 1518 1907 1557 a
1953 1502 2090 1561 iudi·

253 1604 408 1658 cibus
445 1605 503 1658 in
521 1603 931 1678 :rempublicam
983 1603 1308 1659 immissum.
1399 1605 1564 1659 Erras
1583 1645 1600 1668 ,
1647 1589 1832 1658 Clodi:
1878 1618 1984 1658 non
2035 1609 2091 1658 te

252 1702 460 1758 iudices
498 1702 628 1757 Urbi
645 1745 665 1768 ‚
692 1702 785 1758 sed
824 1703 1030 1757 carceri
1062 1710 1434 1769 reservarunt,
1463 1719 1637 1776 neque
1674 1708 1730 1758 te
1768 1703 2005 1758 retinere
2031 1702 2088 1758 in

250 1805 471 1860 civitate
491 1847 506 1870 ,
564 1803 658 1859 sed
709 1804 898 1858 exsilio
935 1804 1148 1876 privare
1193 1803 1498 1860 voluerunt.
1567 1803 1956 1873 Quamobrem,
1996 1819 2086 1877 pa·

249 1913 362 1961 tros
407 1905 732 1976 conscripti,
778 1905 972 1975 erigite
1012 1906 1247 1970 animOS,
1298 1907 1528 1961 retinete
1578 1912 1814 1960 vestram
1854 1904 2084 1977 dignita-

249 2013 379 2062 tem.
476 2006 654 2060 Manet
701 2004 791 2059 illa
842 2005 897 2058 in
956 2004 1231 2077 republica
1280 2005 1542 2061 honorum
1582 2005 1902 2069 consensio,
1936 2003 2085 2059 dolor

247 2106 477 2162 accessit
513 2106 667 2160 bonis
717 2105 880 2170 viriS,
927 2106 1103 2160 virtus
1155 2122 1261 2159 non
1313 2112 1394 2160 est
1453 2105 1769 2166 imminuta:
1826 2102 1962 2160 nihil
2001 2111 2082 2159 est

245 2207 429 2262 damni
458 2205 663 2261 factum
684 2207 835 2261 novi:
876 2205 970 2261 sed
990 2247 1006 2271 ,
1034 2205 1178 2278 quod
1197 2212 1343 2271 erat,
1382 2206 1663 2260 inventum
1685 2211 1784 2259 est.
1836 2204 1898 2259 In
1920 2206 2082 2261 unius

243 2309 479 2363 hominis
510 2306 707 2380 perditi
747 2307 948 2362 iudicio
986 2306 1170 2379 plures
1210 2306 1413 2362 similes
1452 2306 1654 2379 reperti
1687 2312 1832 2361 sunt.

320 2412 410 2463 27.
452 2407 556 2462 Sed
588 2407 719 2479 quid
752 2407 887 2478 ago?
927 2422 1096 2479 paene
1128 2408 1427 2463 orationem
1448 2407 1503 2461 in
1526 2406 1626 2462 hos
1655 2407 2077 2464 Commentarios

244 2508 462 2564 inclusi.
536 2507 712 2563 Redeo
750 2506 818 2562 ad
857 2507 1282 2563 altercationem.

317 2609 505 2680 Surgit
530 2608 829 2682 pulchellus
849 2625 1005 2681 puer:
1036 2608 1222 2663 obiicit
1241 2607 1408 2673 mihi,
1427 2625 1512 2662 me
1529 2607 1599 2662 ad
1616 2607 1779 2662 Baias
1797 2609 1980 2681 fuisse.
2001 2590 2078 2653 -2

238 2707 480 2766 Falsum:
535 2709 628 2765 sed
666 2715 848 2764 tamen
890 2708 1022 2782 quid
1062 2708 1205 2764 hoc?
1259 2706 1449 2763 Simile
1482 2714 1603 2773 est,
1638 2708 1894 2779 inquam‚„
1919 2711 2074 2781 quasi

238 2811 387 2866 dicas
426 2811 483 2864 in
529 2816 713 2882 operto
752 2809 937 2865 fuisse.
974 2842 1050 2851 --
1095 2809 1258 2873 Quid,
1310 2807 1523 2879 inquit,
1576 2807 1774 2862 homini
1824 2807 2068 2880 Arpinati

236 2929 354 2967 cum
403 2911 557 2983 aquis
594 2910 828 2966 calidis?
865 2943 941 2956 -ε
978 2910 1173 2974 Narra,
1220 2909 1479 2981 inquam,
1531 2914 1756 2979 patrono
1794 2915 1924 2975 tue,
1976 2911 2070 2982 qui

237 3012 513 3085 Arpinatis
545 3027 712 3084 aquas
745 3011 1074 3083 concupivit:
1116 3010 1258 3064 nosti
1290 3009 1436 3064 enim
1469 3008 1752 3064 Marianas,
1773 3010 1849 3051 —'
1876 3010 2069 3075 Quous-

237 3130 360 3184 que,
392 3113 599 3185 inquit,
641 3112 777 3166 hunc
803 3129 979 3184 reyem
1016 3112 1290 3183 feremus?
1328 3140 1405 3150 —
1442 3107 1643 3179 Regem
1682 3108 1945 3180 appellaS,
1986 3112 2066 3166 in·
2126 3116 2130 3124 '

236 3230 396 3285 quam
418 3256 433 3278 ,
474 3230 641 3284 quum
682 3213 794 3267 Rex
833 3213 914 3267 tui
949 3212 1276 3267 mentionem
1316 3209 1520 3265 nullam
1560 3208 1790 3264 fecerit?
1829 3241 1906 3251 —
1947 3211 2063 3285 (Ille

236 3321 428 3370 autem*
451 3315 613 3385 Regis
642 3314 993 3369 hereditatem
1024 3331 1116 3385 spe
1136 3311 1455 3384 devorarat.)
1478 3344 1553 3350 —
1573 3310 1800 3365 Domum
1819 3354 1833 3376 ‚
1858 3313 2059 3383 inquit,

236 3416 422 3468 emisti.
462 3446 535 3453 -
575 3415 754 3480 PoteS‚
809 3415 1063 3486 inquam,
1119 3413 1331 3476 dicere,
1373 3411 1578 3466 iudices
1623 3411 1834 3465 emisti?
1864 3444 1939 3452 -—
1970 3411 2057 3465 Iu-

232 3517 369 3570 rantz'
390 3558 404 3581 ‚
439 3515 642 3586 inquit,
680 3516 772 3569 tibi
811 3533 910 3571 non
950 3514 1289 3576 crediderunt.
1331 3545 1404 3554 —-—
1439 3511 1567 3567 Mihi
1609 3528 1766 3574 vere,
1808 3513 2054 3584 inquam,
