2210 3970
206 228 314 281 566
667 243 997 283 ANNAbnns
1053 242 1565 281 omn-nomam.

199 387 303 433 ergo
331 370 435 416 huic
465 370 804 428 consuetudini,
837 390 927 432 qua
963 389 1078 418 nuuc
1114 373 1295 416 Graecis
1326 372 1577 419 actionibus
1607 388 1738 417 aures
1770 375 1920 420 curiae
1958 390 2042 422 ex·-v

198 449 469 505 sur-dantur,
502 450 686 493 ianuam
703 449 968 510 patefecit?
1011 457 1064 494 ut
1090 450 1274 511 opinor,
1314 449 1433 493 Molo
1465 450 1616 494 rhetor
1631 483 1647 507 ,
1678 451 1758 511 qui
1789 451 1942 496 studia
1973 455 2033 497 M.

202 528 422 571 Ciceronis
448 527 586 572 acuit.
648 526 771 571 Eum
794 543 984 588 namque
1004 536 1108 573 aute
1134 543 1282 573 omues
1303 535 1559 573 exterarum
1579 529 1781 589 gentium
1801 529 1852 572 iu
1876 537 2035 576 senatu

196 605 293 650 sine
326 605 567 666 interprete
597 603 806 649 auditum
834 612 1022 651 constat.
1099 606 1238 664 Quem
1275 606 1478 669 honorem
1507 622 1595 651 uon
1624 606 1843 651 immerito
1885 609 2032 667 cepit,

196 683 406 743 quoniam
430 697 650 727 summam
673 683 763 727 vim
787 684 1010 743 Romanae
1036 683 1311 745 eloquentiae
1336 683 1584 729 adiuverat.
1617 682 1701 741 [Cf.
1718 683 1771 729 ad
1789 700 1826 729 a.
1846 687 1949 729 676.
1967 687 2035 743 3.]

274 786 337 861 (⁵)
380 787 520 840 Tum
565 803 776 858 quoque
815 752 914 840 hoc
961 791 1198 857 tempore
1239 786 1305 841 ab
1340 786 1694 842 histrionibus
1738 794 1924 860 gestus
1958 788 2033 841 vi·

194 885 353 941 detur
382 885 663 950 didicisse,
698 902 830 939 usus
862 885 962 939 hac
994 885 1052 939 in
1072 902 1132 939 re
1153 903 1323 958 opera
1344 887 1524 942 Roscii
1563 894 1617 942 et
1649 888 1870 960 Aesopi3
1906 905 2032 960 quo·
2058 880 2060 885 ’

194 1002 319 1040 rum
347 992 574 1058 uterque
607 992 664 1041 et
699 985 943 1042 Ciceroni
974 992 1028 1042 et
1061 986 1312 1043 universo
1345 987 1541 1060 populo
1572 987 1726 1046 valde
1764 987 1869 1044 fuit
1906 989 2031 1045 dile-

194 1092 333 1141 ctu&
375 1103 433 1141 11.
470 1104 517 1142 c.
543 1091 592 1141 1.
637 1090 689 1141 2.

255 1185 477 1232 Plutarch.
511 1186 595 1233 Cic.
634 1203 669 1232 c.
688 1189 730 1231 5.
760 1190 802 1232 3.
834 1184 1044 1250 Λέγεται
1076 1186 1131 1234 δὲ
1162 1189 1245 1235 καὶ
1280 1187 1431 1243 αὐτὸς
1474 1187 1620 1237 οὐδὲν
1650 1179 1795 1248 ἧττον
1826 1187 2034 1248 νοσήσας

196 1268 287 1311 τοῦ
315 1262 667 1324 Δημοσθένους
697 1264 815 1326 πρὸς
835 1264 918 1324 τήν
949 1264 1238 1330 ὑπόκρισιν,
1266 1271 1415 1315 τοῦτο
1438 1265 1527 1330 μὲν
1546 1265 1763 1333 Ῥωσκίῳ
1789 1269 1853 1332 τῷ
1872 1286 2032 1333 κωμῳ-

194 1343 293 1408 δῷ,
343 1347 494 1390 τοῦτο
526 1343 573 1389 δ’
616 1343 832 1406 Αἰσώπῳ
878 1344 944 1407 τῷ
975 1346 1201 1409 τραγῳδῷ
1234 1345 1495 1410 προσέχειν
1530 1345 1787 1410 ἐπιμελῶς.
1850 1347 2030 1393 Macrob.

193 1426 371 1469 Saturn.
407 1435 460 1473 11.
483 1439 518 1469 c.
539 1427 611 1469 10.
646 1441 719 1483 ω.
752 1426 1005 1470 His-triones
1036 1441 1124 1470 uon
1154 1425 1273 1470 inter
1300 1433 1454 1488 turpes
1487 1427 1690 1485 habitos,
1727 1427 1874 1471 Cicero
1907 1426 2035 1471 testi-

193 1502 337 1546 monio
362 1510 463 1550 est:
496 1518 625 1565 quem
655 1502 813 1547 nullus
849 1504 1029 1565 ignorat
1054 1494 1214 1549 Roscio
1246 1512 1291 1549 et
1315 1506 1485 1566 Aesopo
1513 1503 1807 1550 histrionibus
1833 1510 1927 1547 tam
1949 1502 2033 1562 fa·

191 1580 434 1625 miliariter
457 1596 613 1632 usum,
648 1588 701 1625 ut
721 1597 794 1625 res
819 1583 1104 1643 rationesque
1129 1590 1280 1627 eorum
1303 1598 1390 1627 sua
1414 1581 1620 1627 sollertia
1645 1589 1858 1626 tueretur.
1891 1605 1952 1613 --
1983 1582 2033 1624 Is

195 1666 263 1702 est
298 1659 488 1703 Roscius
504 1691 517 1715 ‚
562 1659 644 1720 qui
675 1659 812 1703 etiam
848 1661 898 1704 L.
929 1659 1087 1705 Sullae
1118 1660 1381 1704 carissimus
1402 1659 1511 1720 fuit
1541 1668 1586 1705 et
1616 1659 1781 1705 annulo
1813 1676 1946 1706 aureo
1978 1660 2034 1704 ab

193 1736 342 1788 eodem
378 1735 596 1782 dictatore
627 1736 819 1781 donatus
857 1743 926 1781 est
942 1758 960 1793 ,·
1002 1744 1133 1782 tauta
1168 1745 1318 1782 autem
1348 1736 1464 1797 fuit>
1483 1739 1639 1800 gratia
1676 1746 1720 1783 et
1753 1738 1904 1801 gloria
1919 1771 1933 1797 ‚
1980 1745 2041 1782 ut«

192 1813 430 1859 mercedem
456 1814 662 1866 diurnam
694 1814 747 1859 de
769 1808 954 1876 publico
979 1814 1105 1859 mille
1131 1814 1336 1860 denarios
1362 1816 1459 1860 siue
1481 1815 1742 1878 gregalibus
1767 1817 1892 1861 solus
1913 1833 2033 1861 acce-

184 1893 324 1953 perit.
386 1892 606 1953 Aesopum
635 1907 735 1936 vero
768 1908 825 1936 ex
846 1893 959 1954 pari
988 1901 1087 1937 arte
1118 1891 1344 1938 ducenties
1374 1894 1630 1938 sestertium
1660 1892 1898 1955 reliquisse
1920 1893 2032 1954 filio

191 1977 379 2015 constat.
453 1970 538 2015 Cic.
571 1970 625 2014 de
656 1973 778 2016 Orat.
813 1983 841 2015 1.
879 1986 916 2016 c.
946 1972 1018 2015 59.
1052 1971 1158 2014 251.
1211 1970 1325 2029 Quis
1354 1978 1484 2033 neget
1515 1986 1627 2035 opus
1659 1985 1754 2014 esse
1785 1971 1955 2015 oratori
1983 1970 2034 2014 iu

193 2048 272 2092 lice
308 2049 503 2093 oratorio
534 2055 657 2093 motu
694 2055 906 2110 statuque
932 2046 1087 2093 Roseii
1111 2054 1291 2109 gestum
1321 2055 1367 2093 et
1393 2056 1671 2094 venustatem
1687 2051 1716 2095 Ρ
1745 2080 1747 2082 -
1778 2050 1842 2095 ld.
1874 2050 1927 2096 de
1960 2051 2032 2095 Di-

192 2126 328 2173 vinat.
352 2140 384 2173 1.
415 2142 452 2174 c.
481 2129 556 2173 36.
585 2129 660 2175 69.
708 2127 782 2185 (Q.
815 2125 961 2172 Cicero
992 2124 1215 2188 loquitur)
1256 2125 1437 2172 Amores
1465 2145 1521 2179 ac
1551 2127 1738 2176 deliciae
1768 2135 1904 2185 tuae,
1945 2131 2030 2172 Ro-

189 2206 325 2252 scius.
367 2221 404 2250 c.
419 2207 492 2250 37.
517 2206 589 2250 80.
622 2203 848 2266 Equidem
868 2205 1004 2249 etiam
1019 2205 1070 2251 in
1091 2214 1135 2252 te
1156 2222 1287 2269 saepe
1301 2206 1398 2252 vidi
1423 2214 1469 2251 et
1500 2231 1558 2241 -
1591 2207 1641 2251 in
1665 2206 1861 2269 Aesopo,
1883 2206 2029 2268 fami-

190 2283 299 2327 liari
330 2291 407 2328 tuo
423 2315 438 2339 ,
481 2289 658 2327 tautum
687 2281 890 2327 ardorem
919 2283 1126 2328 vultuum
1157 2292 1296 2357 atque
1321 2285 1552 2353 motuum'⁹
1582 2291 1638 2329 ut
1668 2300 1766 2329 eum
1796 2279 1876 2328 vis*
1897 2301 2029 2347 quae-

189 2359 293 2404 dam
328 2361 605 2406 abstraxisse
640 2377 670 2404 a
710 2375 845 2406 sensu
880 2361 1043 2406 mentis
1071 2361 1310 2410 videretur.
1365 2362 1429 2409 Id.
1473 2363 1610 2425 Epist.
1641 2361 1696 2408 ad
1733 2362 1918 2407 Marium
1955 2362 2031 2421 (ad

190 2442 309 2484 Fam.
339 2451 422 2484 VII.
448 2443 491 2485 1.
521 2440 585 2497 4.)
623 2437 754 2497 Quod
770 2440 814 2483 si
839 2446 933 2482 tam
949 2439 1146 2499 facilem
1162 2439 1386 2501 populum
1413 2440 1640 2498 haberem,
1672 2458 1807 2503 quam
1831 2441 2031 2504 Aesopus

192 2515 350 2560 habuit
379 2524 460 2561 cet.
522 2515 666 2560 Schol.
694 2515 797 2562 Bob.
829 2516 885 2562 ad
915 2520 1035 2563 Orat.
1068 2534 1145 2579 pro
1177 2517 1337 2563 Archia
1366 2535 1408 2582 p.
1428 2520 1534 2563 35⁷.
1581 2518 1797 2576 Quintum
1822 2520 2030 2564 Roscium

195 2592 373 2637 Gallum
397 2596 463 2653 (2)
488 2591 600 2639 dicit
625 2593 724 2638 illis
751 2595 1019 2656 temporibus
1044 2595 1271 2640 illustrem
1300 2595 1458 2640 comici
1477 2595 1626 2656 operis
1653 2603 1866 2655 actorem,
1899 2613 2028 2658 quem

179 2671 553 2731 santiliarissime
587 2673 734 2717 Cicero
755 2671 932 2718 dile-vit.
964 2672 1050 2733 [Cf.
1067 2674 1123 2720 ad
1137 2691 1175 2720 a.
1195 2675 1298 2720 678.
1318 2677 1359 2720 1.
1387 2682 1431 2720 et
1459 2677 1563 2719 692.
1594 2678 1690 2735 10.]

964 2893 1265 2919 :m

374 3050 706 3136 'ANNUS
761 3078 1023 3151 VITAE
1077 3040 1532 3141 CICERONIS
1584 3083 1794 3143 xxvn.

183 3258 223 3286 a.
240 3244 290 3287 U.
307 3245 352 3288 C.
617 3245 732 3289 Coss.
768 3248 814 3289 L.
846 3243 1122 3290 CORNELIUS
1157 3250 1318 3292 SULLA
1350 3250 1407 3293 11.
1597 3278 1600 3280 -
1846 3263 1883 3290 a.
1902 3248 1951 3290 A.
1978 3249 2021 3289 C.-

216 3334 330 3381 ³74.
427 3379 431 3382 Α
770 3340 819 3393 Q.
853 3339 1117 3382 ememus
1150 3341 1408 3385 METELLUS
1442 3340 1568 3385 Plus.
1913 3342 1989 3382 80.

262 3482 326 3556 (¹)
367 3481 549 3540 Cicero
598 3483 834 3541 defendit
881 3485 1002 3543 Sex.
1048 3485 1292 3542 Roscium
1344 3486 1686 3552 Amerinum,
1741 3487 2018 3559 parricidii
