2158 4030
392 262 445 318 L.
472 262 535 318 ll.
578 280 622 316 c.
649 261 831 317 XXIV.
876 261 915 334 ᾗ·
940 266 1009 314 67
1051 292 1125 300 ——
1164 278 1209 312 e.
1236 259 1418 316 xxvl.
1463 262 1501 334 S
1529 267 1612 316 71.
1846 266 1916 315 825

87 413 217 470 baec
257 430 448 469 caussa
498 410 862 468 confirmanda
914 419 1081 472 esset:
1133 419 1248 466 erat
1289 419 1479 466 auctor
1528 413 1613 465 vir
1652 411 1910 467 bellorum

0 567 1 573 ,
85 515 326 568 omnium
371 514 835 584 maximarumque
874 528 1055 565 rerum
1098 513 1487 583 peritissimus,
1531 513 1585 566 Ρ.
1623 511 1913 574 Servilius,

0 666 3 696 s
86 615 244 669 euius
271 620 452 668 tantae
479 631 564 668 res
591 619 770 685 gestae
797 618 941 666 terra
966 612 1211 683 marique
1244 613 1599 675 exstiterunt,
1629 619 1688 665 ut
1705 654 1717 675 ‚
1745 629 1912 683 quum

83 713 150 769 de
181 713 316 768 bello
347 714 701 779 deliberetur,
741 720 928 769 auctor
959 713 1174 784 gravior
1205 729 1321 767 csse
1356 730 1511 767 nemo
1543 712 1760 773 debeat3
1799 720 1916 767 erat

85 814 140 869 C.
183 814 372 879 Curio,
437 817 665 870 summis
716 813 894 888 populi
948 812 1173 868 Romani
1232 811 1506 866 beneficiis
1558 814 1915 885 maximisque

82 894 248 970 ¹rebus
285 915 480 987 gestis,
521 932 732 970 summo
773 914 986 986 ingenio
1031 920 1084 968 et
1124 911 1409 985 prudentia
1451 912 1763 984 praeditus:
1801 920 1917 967 erat

89 1013 181 1070 Cn.
222 1014 512 1080 LentuluS‚
564 1016 619 1070 in
660 1033 765 1088 quo
810 1031 1024 1079 omneS,
1076 1031 1172 1086 pro
1210 1014 1558 1086 amplissimis
1599 1013 1778 1085 populi
1819 1013 1918 1067 Ro-

91 1115 237 1171 mani
271 1115 591 1180 honoribuS,
631 1132 906 1170 summum
939 1114 1258 1179 consilium,
1294 1131 1563 1169 summam
1596 1115 1917 1186 gravitatem

89 1232 210 1272 esse
253 1215 672 1288 cognoscebant:
731 1222 847 1270 erat
892 1215 946 1269 C,
995 1215 1240 1279 CassiuS,
1293 1216 1639 1286 integritate,
1690 1216 1922 1279 virtute,

90 1315 394 1371 constantia
433 1315 711 1385 singulari.
793 1315 1032 1381 Quorum
1087 1315 1503 1369 auetoritatibus
1547 1315 1760 1368 illorum
1807 1332 1922 1369 ora·

90 1414 256 1479 tioni‚
295 1413 390 1486 qui
422 1412 844 1478 dissentiebant,
884 1412 1205 1485 respondere
1238 1431 1391 1486 posse
1418 1414 1750 1468 videbamur.
1833 1419 1922 1469 7&

90 1514 229 1572 Sed¹
289 1530 417 1586 ego,
475 1529 644 1586 quum
695 1507 831 1568 mihi
871 1515 1109 1586 praetori
1152 1514 1381 1588 populus
1427 1515 1701 1570 Romanus
1747 1532 1924 1587 perso·

89 1632 218 1679 nam
269 1614 408 1671 hanc
453 1614 831 1687 imposuisset,
885 1620 945 1669 ut
984 1614 1415 1688 quibuscumque
1467 1615 1629 1670 rebus
1680 1632 1888 1688 possem
1911 1658 1926 1679 ‚

94 1716 330 1790 Pompeii
362 1714 600 1771 absentis
624 1714 945 1786 dignitatem
991 1732 1175 1770 secum
1222 1733 1329 1770 una
1370 1723 1578 1778 tuerer;
1620 1714 1751 1779 feei,
1791 1732 1930 1787 quae

94 1818 275 1893 potui,
314 1833 487 1890 neque
519 1815 887 1872 familiaritate
921 1815 1066 1871 illius
1105 1816 1372 1871 adductus
1394 1859 1408 1882 ,
1449 1834 1547 1872 nec
1579 1834 1673 1889 spe
1713 1816 1931 1871 honoris

91 1925 260 1992 atque
288 1917 650 1992 amplissimae
689 1917 1005 1990 dignitatis:
1046 1934 1213 1990 quam
1248 1935 1375 1990 ego,
1415 1919 1517 1973 etsi
1565 1918 1767 1973 libente
1811 1917 1929 1982 illo,

92 2026 278 2076 tamen
316 2018 541 2076 absente
579 2018 699 2083 illo,
752 2035 849 2092 per
892 2018 1150 2091 populum
1183 2025 1507 2073 consecutus
1545 2035 1686 2074 sum.
1766 2017 1930 2086 Quid·

91 2120 268 2195 quid²
319 2122 464 2178 enim
509 2121 566 2176 in
610 2137 698 2175 me
736 2126 854 2175 erat
898 2099 1096 2183 studii,
1149 2119 1390 2183 consilii,
1430 2118 1655 2183 laboris,
1697 2119 1929 2190 ingenii,

95 2220 359 2294 quidquid
398 2219 498 2275 hoe
536 2219 796 2274 beneficio
827 2218 1008 2291 populi
1048 2219 1282 2273 Romani.
1321 2226 1484 2291 atque
1523 2218 1623 2273 hac
1668 2226 1932 2292 potestate

95 2321 362 2396 praetoria
381 2362 398 2386 ,
436 2320 702 2393 quidquid
745 2320 1098 2383 auctoritate,
1140 2319 1270 2383 fide,
1311 2320 1615 2375 constantia
1659 2326 1931 2392 poteram,

97 2421 152 2477 id
197 2437 354 2477 omne
391 2420 458 2476 ad
505 2419 643 2475 hane
695 2437 809 2475 rem
855 2418 1241 2475 conficiendam
1294 2420 1349 2474 C.
1386 2418 1600 2474 Manilio
1645 2427 1700 2476 et
1738 2420 1929 2493 populo

95 2523 332 2580 Romano
363 2519 650 2595 pollicebar
689 2537 751 2575 ae
791 2518 1112 2575 deserebam.

90 2772 100 2780 ,
169 2724 358 2781 XXVI.
439 2728 526 2780 71.
566 2723 743 2780 Eius³
776 2724 951 2795 igitur
984 2721 1108 2778 belli
1143 2722 1460 2779 conficiendi
1495 2740 1684 2779 curam
1718 2741 1930 2779 summo

93 2824 277 2881 ¹studio
315 2825 543 2898 populus
575 2826 849 2881 Romanus
882 2823 951 2880 ad
990 2825 1087 2879 Cn.
1126 2825 1439 2897 Pompeium
1474 2824 1686 2879 detulit.
1767 2825 1931 2880 Cuius

92 2941 160 2981 ex
186 2925 434 2980 omnihus
467 2926 693 2998 pugniS,
731 2941 870 2997 quae
902 2933 1032 2980 sunt
1059 2925 1502 2989 innumerabiles,
1543 2925 1626 2979 vel
1666 2928 1930 2981 acerrima

22 3089 23 3094 η
90 3025 230 3083 mihi
266 3025 481 3081 videtur
519 3025 639 3091 illa,
690 3043 829 3099 quae
879 3043 1005 3081 eum
1058 3026 1368 3082 Mithridate
1419 3026 1707 3080 commissa
1745 3034 1829 3081 est
1879 3035 1934 3082 et

93 3144 311 3183 summa
354 3128 695 3182 contentione
734 3134 990 3199 pugnata.
1069 3128 1185 3196 Qua
1225 3145 1290 3182 ex
1330 3145 1511 3200 pugna
1545 3145 1713 3199 quum
1754 3145 1811 3182 se
1845 3128 1934 3183 ille

92 3228 410 3300 eripuisset,
468 3234 523 3282 et
566 3228 861 3300 Bosporum
908 3228 1267 3300 confugisset,
1320 3246 1426 3300 quo
1465 3230 1737 3283 exercitus
1785 3229 1935 3284 adire

96 3346 202 3384 non
229 3337 432 3403 posset;
473 3330 635 3385 etiam
671 3331 726 3383 in
754 3337 995 3385 extrema
1026 3330 1240 3386 fortuna
1274 3338 1326 3386 et
1361 3330 1487 3401 suga
1523 3348 1714 3385 nomen
1752 3339 1931 3385 tamen

166 3487 206 3544 ¹)
242 3484 342 3532 del.
361 3485 541 3547 Agraria
561 3489 615 3532 11.
639 3502 676 3532 c.
696 3489 767 3533 18.
797 3489 822 3546 §
841 3488 914 3533 49.
932 3513 989 3522 -
1009 3489 1050 3548 2)
1067 3503 1142 3548 pro
1161 3486 1189 3533 l.
1210 3485 1383 3534 Manilia
1411 3504 1447 3534 c.
1467 3491 1540 3535 24.
1558 3490 1583 3548 §
1602 3492 1676 3536 69.
1711 3517 1767 3527 —
1803 3493 1843 3550 5)
1866 3507 1940 3550 pro

99 3561 275 3606 Murena
297 3575 333 3607 c.
351 3563 423 3606 16.
457 3561 481 3618 §
501 3566 573 3610 34.
