2210 3970
455 236 510 292 L.
535 235 673 292 v111.
715 252 761 291 c.
787 232 997 292 XXVII.
1038 230 1079 306 S
1102 235 1175 288 69
1213 261 1288 272 -
1325 247 1373 287 c.
1397 231 1585 289 XXIX.
1626 231 1667 305 S
1693 235 1779 287 72.
1917 236 2026 289 379

199 399 265 439 ex
309 384 476 442 Attici
515 386 764 445 consilio:
818 402 942 442 nam
983 390 1037 442 et
1075 384 1245 440 oratio
1284 381 1387 438 suit
1431 399 1494 439 ea
1533 389 1750 447 nostra,
1804 388 1864 437 ut
1896 382 2029 438 bene

199 485 378 558 potius
430 484 518 541 ille
562 486 628 541 de
669 485 820 541 nobis
858 486 1220 549 existimaret,
1271 498 1434 556 quam
1473 483 1677 554 gratias
1715 488 1926 554 agerem
1977 490 2031 537 et

198 585 256 641 in
302 601 365 642 eo
419 587 744 652 mansimus,
796 603 862 642 ne
901 586 968 643 ad
1007 585 1219 643 Urbem.
1309 582 1406 640 lua
1445 582 1777 647 fefellerunt,
1818 581 2029 637 facilem

198 685 340 760 quod
387 692 721 760 putaramuS.
820 686 963 744 Nihil
1001 686 1112 741 vidi
1151 685 1350 741 minus.
1440 682 1698 738 Damnari
1754 699 1809 736 se
1857 690 2031 737 nostro

195 784 426 847 iudicio:
480 786 734 841 tardiores
771 790 888 861 sore
923 786 1153 860 reliquos
1171 826 1187 851 ,
1227 785 1274 839 si
1317 802 1420 839 non
1462 783 1755 839 veniremus
1775 824 1791 846 ‚
1830 781 2027 838 dicere.

194 883 338 957 Ego,
377 884 758 941 dissimilem
794 886 1058 942 illorum
1089 903 1224 942 esse
1257 902 1560 941 caussam.
1620 883 1799 953 Quum
1833 882 2028 938 multa:

184 983 330 1040 Veni
358 985 546 1059 iqitur,
580 994 628 1042 et
658 1004 756 1060 aye
786 987 850 1042 de
874 1005 1021 1060 pace.
1100 986 1338 1052 Meone,
1378 987 1629 1059 inquam,
1670 985 2027 1040 arbitratu?

193 1086 275 1145 An
315 1086 440 1153 tibi,
491 1087 696 1160 inquit,
748 1106 841 1161 eqo
870 1089 1278 1161 praescribam?
1357 1088 1488 1153 Sic,
1529 1088 1780 1160 inquam,
1818 1103 2028 1159 aqam,

194 1188 445 1243 senatui
480 1205 597 1243 non
628 1189 889 1261 placere
925 1190 990 1244 in
1028 1188 1381 1262 Hispanias
1418 1188 1531 1253 iri,
1569 1205 1678 1243 nec
1709 1188 2030 1242 exercitus

78 1320 88 1338 .
191 1287 258 1342 in
320 1288 646 1344 Graeciam
703 1290 1166 1361 transportari,-
1224 1289 1582 1360 multaque,
1641 1289 1900 1359 inquam,
1956 1287 2030 1344 dc

195 1385 392 1443 Gnaeo
441 1385 794 1458 deplorabo.
894 1386 1033 1443 Tum
1087 1386 1211 1452 ilie,
1264 1387 1382 1459 Eyo
1432 1403 1553 1441 vero
1597 1387 1699 1440 ista
1742 1387 1849 1442 dici
1890 1387 2028 1444 nolo.

189 1486 293 1547 Ita
322 1487 656 1562 putabam,
695 1488 954 1560 inquamz
992 1487 1101 1544 sed
1138 1505 1248 1561 eqo
1286 1505 1352 1543 co
1389 1487 1534 1542 nolo
1571 1487 1827 1553 adesse,
1866 1489 2030 1561 quod

189 1596 297 1645 aut
353 1587 449 1644 sic
491 1587 653 1645 milii
698 1587 1035 1646 dicendum
1073 1596 1195 1654 est,
1233 1588 1593 1662 multaque,
1645 1606 1804 1661 quae
1846 1588 2028 1643 nullo

189 1688 364 1746 modo
387 1704 640 1761 possem
666 1689 889 1756 silere,
919 1690 975 1745 si
1001 1689 1318 1752 adessem,-
1346 1698 1454 1745 aut
1485 1707 1604 1745 non
1633 1690 2025 1747 veniendum.

182 1788 415 1848 Summa
456 1790 584 1859 fuit,
624 1798 687 1848 ut
728 1791 848 1858 ille,
887 1791 1040 1865 quasi
1078 1792 1287 1849 exitum
1327 1808 1594 1865 quaerens
1613 1833 1629 1857 ,
1678 1800 1735 1846 ut
1772 1791 2025 1847 delibera·

183 1907 318 1949 rem.
374 1892 491 1952 Non
522 1892 987 1967 fuitnegandum.
1045 1893 1128 1950 Ita
1166 1893 1533 1951 discessimus,
1596 1898 1684 1948 71.
1728 1892 2026 1950 Credebam

188 1992 388 2066 igitur,
437 1992 585 2052 hunc
610 2009 718 2050 me
769 2009 876 2049 non
922 2009 1122 2050 amare.
1215 1994 1285 2050 At
1335 2010 1435 2066 ego
1484 2010 1572 2050 me
1618 1994 1830 2059 amavi,
1881 1993 2024 2066 quod

184 2092 322 2151 mihi
371 2095 481 2151 iam
525 2093 735 2171 pridem
775 2111 878 2151 usu
918 2111 1024 2152 non
1062 2101 1300 2151 venerat.
1394 2095 1646 2168 Reliqua,
1697 2112 1729 2150 o
1767 2094 1876 2149 diii
1929 2094 2025 2166 qui

185 2194 502 2254 comitatus!
543 2210 709 2269 quae,
750 2201 812 2251 ut
843 2195 1057 2253 Atticus
1089 2194 1291 2251 solebat
1322 2195 1502 2252 dicere
1522 2237 1537 2261 ,
1577 2195 1786 2252 vexata!
1829 2195 1884 2249 in
1916 2210 2023 2267 qua

183 2302 305 2352 erat
334 2311 461 2354 area
493 2296 784 2353 scelerum!
864 2295 907 2352 Ο
938 2313 1055 2353 rem
1082 2296 1375 2370 perditami
1416 2313 1448 2352 o
1479 2296 1660 2369 copias
1683 2295 1996 2369 desperatas

184 2394 352 2466 Quid,
390 2397 533 2472 quod
565 2396 738 2455 Servii
779 2397 956 2454 iilius?
995 2397 1139 2470 quod
1171 2393 1393 2452 Titinii?
1473 2397 1614 2465 Quot
1644 2398 1700 2452 in
1730 2398 1799 2452 iis
1826 2398 2022 2453 castris

181 2495 405 2556 fuerunt
423 2540 439 2565 ,
477 2498 676 2571 quihus
713 2499 998 2572 Pompeius
1035 2497 1541 2554 circumsideretur!
1621 2498 1725 2555 Sex
1765 2497 2019 2571 legiones

180 2597 411 2656 Multum
462 2598 719 2672 vigilabat
738 2642 753 2667 ,
807 2599 1058 2656 audebat:
1113 2599 1325 2656 nullum
1369 2598 1618 2656 videbam
1659 2599 1817 2657 finem
1867 2599 2015 2655 mali.

182 2698 284 2756 Illa
317 2707 503 2757 tamen·
547 2700 827 2766 κάτακλείς
865 2701 1010 2758 illius
1048 2708 1165 2758 erat
1197 2701 1408 2767 odiosa,
1448 2718 1611 2775 quam
1653 2718 1821 2774 paene
1865 2718 2016 2775 prae-

182 2801 339 2858 terii:
379 2801 438 2856 Si
475 2802 576 2857 sibi
606 2801 838 2857 consiliis
874 2803 1065 2858 uostris
1102 2804 1182 2858 uli
1213 2821 1314 2858 non
1348 2804 1560 2868 liceret,
1598 2821 1853 2868 usurum,
1894 2821 2017 2876 quo·-

183 2918 304 2956 rum
337 2909 538 2974 posset,
585 2903 654 2957 od
692 2903 965 2977 omniaque
1004 2922 1113 2959 esse
1150 2905 1534 2960 descensurum.
1612 2903 1752 2959 Cedo
1790 2903 2014 2977 reliqua.

180 3000 358 3070 Quid?
399 3003 656 3059 continuo
693 3004 807 3077 ipse
845 3005 903 3060 in
941 3005 1246 3071 Pedanum,
1287 3022 1385 3077 ego
1422 3005 1705 3077 Arpinum.

255 3203 444 3262 XXIX.
526 3207 614 3260 72.
657 3204 835 3260 Tum¹
890 3222 988 3277 ego
1043 3224 1162 3264 meo
1212 3208 1483 3272 Ciceroni,
1536 3205 1789 3279 quoniam
1842 3206 2008 3261 Roma

181 3303 522 3369 carebamuS,
577 3304 765 3376 Arpini
812 3306 1150 3378 potissimum
1191 3316 1371 3382 togam
1410 3324 1602 3382 puram
1642 3306 1798 3371 dedi;
1849 3306 2010 3380 idque

242 3534 280 3592 ι)
309 3532 362 3579 ad
392 3536 485 3582 Aa.
519 3537 590 3580 lx.
627 3538 698 3581 19.
733 3538 816 3595 §1-
