<?xml version="1.0" encoding="UTF-8"?>
<!DOCTYPE html PUBLIC "-//W3C//DTD XHTML 1.0 Transitional//EN"
    "http://www.w3.org/TR/xhtml1/DTD/xhtml1-transitional.dtd">
<html xmlns="http://www.w3.org/1999/xhtml" xml:lang="en" lang="en">
 <head>
  <title>
</title>
<meta http-equiv="Content-Type" content="text/html;charset=utf-8" />
  <meta name='ocr-system' content='tesseract 3.04.00' />
  <meta name='ocr-capabilities' content='ocr_page ocr_carea ocr_par ocr_line ocrx_word'/>
</head>
<body>
  <div class='ocr_page' id='page_1' title='image "./mtulliiciceronis00suriuoft/mtulliiciceronis00suriuoft_0078.png"; bbox 0 0 2158 4030; ppageno 0'>
   <div class='ocr_carea' id='block_1_1' title="bbox 248 225 1492 275">
    <p class='ocr_par' dir='ltr' id='par_1_1' title="bbox 248 225 1492 275">
     <span class='ocr_line' id='line_1_1' title="bbox 248 225 1492 275; baseline -0.002 0"><span class='ocrx_word' id='word_1_1' title='bbox 248 225 318 275; x_wconf 81' lang='grc'><strong>60</strong></span> <span class='ocrx_word' id='word_1_2' title='bbox 833 235 1040 273; x_wconf 73' lang='lat' dir='ltr'><strong>menno</strong></span> <span class='ocrx_word' id='word_1_3' title='bbox 1089 236 1158 272; x_wconf 74' lang='lat' dir='ltr'><strong>ni:</strong></span> <span class='ocrx_word' id='word_1_4' title='bbox 1207 235 1343 272; x_wconf 69' lang='lat' dir='ltr'><strong>vlu</strong></span> <span class='ocrx_word' id='word_1_5' title='bbox 1391 236 1492 273; x_wconf 69' lang='lat' dir='ltr'><strong>sm</strong></span> 
     </span>
    </p>
   </div>
   <div class='ocr_carea' id='block_1_2' title="bbox 244 367 2063 443">
    <p class='ocr_par' dir='ltr' id='par_1_2' title="bbox 244 367 2063 443">
     <span class='ocr_line' id='line_1_2' title="bbox 244 367 2063 443; baseline 0 -20"><span class='ocrx_word' id='word_1_6' title='bbox 244 369 456 434; x_wconf 86' lang='lat' dir='ltr'><strong>Cilicia,</strong></span> <span class='ocrx_word' id='word_1_7' title='bbox 503 367 847 443; x_wconf 83' lang='lat' dir='ltr'><strong>Pamphylia,</strong></span> <span class='ocrx_word' id='word_1_8' title='bbox 901 370 1098 424; x_wconf 87' lang='lat' dir='ltr'><strong>Romae</strong></span> <span class='ocrx_word' id='word_1_9' title='bbox 1143 369 1372 442; x_wconf 86' lang='lat' dir='ltr'><strong>denique</strong></span> <span class='ocrx_word' id='word_1_10' title='bbox 1418 376 1540 424; x_wconf 86' lang='lat' dir='ltr'><strong>ante</strong></span> <span class='ocrx_word' id='word_1_11' title='bbox 1600 368 1778 423; x_wconf 90' lang='lat' dir='ltr'><strong>oculos</strong></span> <span class='ocrx_word' id='word_1_12' title='bbox 1824 369 2063 423; x_wconf 88' lang='lat' dir='ltr'><strong>omnium</strong></span> 
     </span>
    </p>
   </div>
   <div class='ocr_carea' id='block_1_3' title="bbox 246 469 2149 542">
    <p class='ocr_par' dir='ltr' id='par_1_3' title="bbox 246 469 2149 542">
     <span class='ocr_line' id='line_1_3' title="bbox 246 469 2149 542; baseline 0 -19"><span class='ocrx_word' id='word_1_13' title='bbox 246 471 479 524; x_wconf 87' lang='lat' dir='ltr'><strong>maxima</strong></span> <span class='ocrx_word' id='word_1_14' title='bbox 520 471 939 542; x_wconf 79' lang='lat' dir='ltr'><strong>turpissimaque</strong></span> <span class='ocrx_word' id='word_1_15' title='bbox 991 487 1302 534; x_wconf 76' lang='lat' dir='ltr'>nossemus,</span> <span class='ocrx_word' id='word_1_16' title='bbox 1351 487 1437 524; x_wconf 90' lang='lat' dir='ltr'><strong>me</strong></span> <span class='ocrx_word' id='word_1_17' title='bbox 1477 475 1668 539; x_wconf 80' lang='lat' dir='ltr'><strong>agente</strong></span> <span class='ocrx_word' id='word_1_18' title='bbox 1708 470 1763 522; x_wconf 93' lang='lat' dir='ltr'><strong>in</strong></span> <span class='ocrx_word' id='word_1_19' title='bbox 1805 469 2064 523; x_wconf 89' lang='lat' dir='ltr'><strong>iudicium</strong></span> <span class='ocrx_word' id='word_1_20' title='bbox 2141 470 2149 534; x_wconf 60' lang='grc' dir='ltr'><strong>ζ</strong></span> 
     </span>
    </p>
   </div>
   <div class='ocr_carea' id='block_1_4' title="bbox 244 568 2143 743">
    <p class='ocr_par' dir='ltr' id='par_1_4' title="bbox 244 568 2143 743">
     <span class='ocr_line' id='line_1_4' title="bbox 244 568 2143 642; baseline -0.001 -19"><span class='ocrx_word' id='word_1_21' title='bbox 244 577 553 626; x_wconf 87' lang='lat' dir='ltr'><strong>vocaretur:</strong></span> <span class='ocrx_word' id='word_1_22' title='bbox 596 572 716 642; x_wconf 92' lang='lat' dir='ltr'><strong>quis</strong></span> <span class='ocrx_word' id='word_1_23' title='bbox 756 579 937 626; x_wconf 92' lang='lat' dir='ltr'><strong>tamen</strong></span> <span class='ocrx_word' id='word_1_24' title='bbox 976 578 1144 635; x_wconf 90' lang='lat' dir='ltr'><strong>esset,</strong></span> <span class='ocrx_word' id='word_1_25' title='bbox 1185 572 1276 642; x_wconf 89' lang='lat' dir='ltr'><strong>qui</strong></span> <span class='ocrx_word' id='word_1_26' title='bbox 1317 586 1497 623; x_wconf 90' lang='lat' dir='ltr'><strong>meum</strong></span> <span class='ocrx_word' id='word_1_27' title='bbox 1538 569 1820 624; x_wconf 91' lang='lat' dir='ltr'><strong>consilium</strong></span> <span class='ocrx_word' id='word_1_28' title='bbox 1860 576 1954 624; x_wconf 90' lang='lat' dir='ltr'><strong>aut</strong></span> <span class='ocrx_word' id='word_1_29' title='bbox 1992 568 2065 623; x_wconf 87' lang='lat' dir='ltr'><strong>sa·</strong></span> <span class='ocrx_word' id='word_1_30' title='bbox 2138 569 2143 571; x_wconf 65' lang='grc'><strong><em>’</em></strong></span> 
     </span>
     <span class='ocr_line' id='line_1_5' title="bbox 245 670 2066 743; baseline -0.001 -19"><span class='ocrx_word' id='word_1_31' title='bbox 245 678 395 725; x_wconf 87' lang='lat' dir='ltr'><strong>ctum</strong></span> <span class='ocrx_word' id='word_1_32' title='bbox 428 678 606 743; x_wconf 89' lang='lat' dir='ltr'><strong>posset</strong></span> <span class='ocrx_word' id='word_1_33' title='bbox 640 672 1062 743; x_wconf 81' lang='lat' dir='ltr'><strong>reprehendere?</strong></span> <span class='ocrx_word' id='word_1_34' title='bbox 1144 671 1281 738; x_wconf 85' lang='lat' dir='ltr'>Quid</span> <span class='ocrx_word' id='word_1_35' title='bbox 1315 671 1459 724; x_wconf 91' lang='lat' dir='ltr'><strong>enim</strong></span> <span class='ocrx_word' id='word_1_36' title='bbox 1499 677 1609 735; x_wconf 86' lang='lat' dir='ltr'><strong>est,</strong></span> <span class='ocrx_word' id='word_1_37' title='bbox 1649 687 1745 742; x_wconf 92' lang='lat' dir='ltr'><strong>pro</strong></span> <span class='ocrx_word' id='word_1_38' title='bbox 1779 670 1937 724; x_wconf 87' lang='lat' dir='ltr'><strong>deum</strong></span> <span class='ocrx_word' id='word_1_39' title='bbox 1978 670 2066 723; x_wconf 77' lang='lat' dir='ltr'><strong>lio-</strong></span> 
     </span>
    </p>
   </div>
   <div class='ocr_carea' id='block_1_5' title="bbox 248 769 2158 841">
    <p class='ocr_par' dir='ltr' id='par_1_5' title="bbox 248 769 2158 841">
     <span class='ocr_line' id='line_1_6' title="bbox 248 769 2158 841; baseline -0.001 -16"><span class='ocrx_word' id='word_1_40' title='bbox 248 772 563 841; x_wconf 91' lang='lat' dir='ltr'><strong>minumque</strong></span> <span class='ocrx_word' id='word_1_41' title='bbox 603 769 792 833; x_wconf 87' lang='lat' dir='ltr'><strong>fidem,</strong></span> <span class='ocrx_word' id='word_1_42' title='bbox 841 771 896 824; x_wconf 93' lang='lat' dir='ltr'><strong>in</strong></span> <span class='ocrx_word' id='word_1_43' title='bbox 931 788 1034 841; x_wconf 89' lang='lat' dir='ltr'><strong>quo</strong></span> <span class='ocrx_word' id='word_1_44' title='bbox 1068 787 1165 840; x_wconf 88' lang='lat' dir='ltr'><strong>ego</strong></span> <span class='ocrx_word' id='word_1_45' title='bbox 1210 769 1534 841; x_wconf 86' lang='lat' dir='ltr'><strong>reipublicae</strong></span> <span class='ocrx_word' id='word_1_46' title='bbox 1573 770 1692 841; x_wconf 91' lang='lat' dir='ltr'><strong>plus</strong></span> <span class='ocrx_word' id='word_1_47' title='bbox 1725 787 1786 824; x_wconf 90' lang='lat' dir='ltr'><strong>eo</strong></span> <span class='ocrx_word' id='word_1_48' title='bbox 1832 776 2070 841; x_wconf 87' lang='lat' dir='ltr'><strong>tempore</strong></span> <span class='ocrx_word' id='word_1_49' title='bbox 2156 835 2158 837; x_wconf 16' lang='lat'><strong><em>¹</em></strong></span> 
     </span>
    </p>
   </div>
   <div class='ocr_carea' id='block_1_6' title="bbox 246 859 2158 3252">
    <p class='ocr_par' dir='ltr' id='par_1_6' title="bbox 246 859 2158 3252">
     <span class='ocr_line' id='line_1_7' title="bbox 247 859 2071 943; baseline -0.001 -18"><span class='ocrx_word' id='word_1_50' title='bbox 247 871 496 943; x_wconf 85' lang='lat' dir='ltr'><strong>prodesse</strong></span> <span class='ocrx_word' id='word_1_51' title='bbox 529 871 858 942; x_wconf 82' lang='lat' dir='ltr'><strong>potuissem?</strong></span> <span class='ocrx_word' id='word_1_52' title='bbox 940 870 1078 936; x_wconf 85' lang='lat' dir='ltr'>Quid</span> <span class='ocrx_word' id='word_1_53' title='bbox 1120 876 1230 934; x_wconf 89' lang='lat' dir='ltr'><strong>est,</strong></span> <span class='ocrx_word' id='word_1_54' title='bbox 1279 869 1419 941; x_wconf 92' lang='lat' dir='ltr'><strong>quod</strong></span> <span class='ocrx_word' id='word_1_55' title='bbox 1462 877 1556 924; x_wconf 86' lang='lat' dir='ltr'><strong>aut</strong></span> <span class='ocrx_word' id='word_1_56' title='bbox 1603 871 1794 943; x_wconf 90' lang='lat' dir='ltr'><strong>populo</strong></span> <span class='ocrx_word' id='word_1_57' title='bbox 1834 859 2071 926; x_wconf 77' lang='lat' dir='ltr'><strong>Romano</strong></span> 
     </span>
     <span class='ocr_line' id='line_1_8' title="bbox 248 969 2073 1042; baseline -0.001 -18"><span class='ocrx_word' id='word_1_58' title='bbox 248 972 455 1042; x_wconf 83' lang='lat' dir='ltr'><strong>gratius</strong></span> <span class='ocrx_word' id='word_1_59' title='bbox 476 987 590 1024; x_wconf 88' lang='lat' dir='ltr'><strong>esse</strong></span> <span class='ocrx_word' id='word_1_60' title='bbox 612 969 856 1032; x_wconf 89' lang='lat' dir='ltr'><strong>deberet,</strong></span> <span class='ocrx_word' id='word_1_61' title='bbox 884 975 978 1022; x_wconf 89' lang='lat' dir='ltr'><strong>aut</strong></span> <span class='ocrx_word' id='word_1_62' title='bbox 999 969 1158 1022; x_wconf 89' lang='lat' dir='ltr'><strong>sociis</strong></span> <span class='ocrx_word' id='word_1_63' title='bbox 1179 970 1483 1041; x_wconf 88' lang='lat' dir='ltr'><strong>exterisque</strong></span> <span class='ocrx_word' id='word_1_64' title='bbox 1505 971 1811 1027; x_wconf 90' lang='lat' dir='ltr'><strong>nationibus</strong></span> <span class='ocrx_word' id='word_1_65' title='bbox 1837 971 2073 1042; x_wconf 86' lang='lat' dir='ltr'><strong>optatius</strong></span> 
     </span>
     <span class='ocr_line' id='line_1_9' title="bbox 248 1067 2071 1141; baseline 0 -17"><span class='ocrx_word' id='word_1_66' title='bbox 248 1088 363 1124; x_wconf 88' lang='lat' dir='ltr'><strong>esse</strong></span> <span class='ocrx_word' id='word_1_67' title='bbox 407 1076 618 1141; x_wconf 88' lang='lat' dir='ltr'><strong>posset,</strong></span> <span class='ocrx_word' id='word_1_68' title='bbox 672 1075 766 1122; x_wconf 88' lang='lat' dir='ltr'><strong>aut</strong></span> <span class='ocrx_word' id='word_1_69' title='bbox 805 1068 965 1122; x_wconf 90' lang='lat' dir='ltr'><strong>saluti</strong></span> <span class='ocrx_word' id='word_1_70' title='bbox 999 1067 1336 1140; x_wconf 86' lang='lat' dir='ltr'><strong>fortunisque</strong></span> <span class='ocrx_word' id='word_1_71' title='bbox 1375 1070 1616 1124; x_wconf 89' lang='lat' dir='ltr'><strong>omnium</strong></span> <span class='ocrx_word' id='word_1_72' title='bbox 1649 1071 1823 1141; x_wconf 86' lang='lat' dir='ltr'><strong>magis</strong></span> <span class='ocrx_word' id='word_1_73' title='bbox 1867 1086 2071 1124; x_wconf 84' lang='lat' dir='ltr'><strong>accom-</strong></span> 
     </span>
     <span class='ocr_line' id='line_1_10' title="bbox 249 1149 2158 1240; baseline 0.001 -17"><span class='ocrx_word' id='word_1_74' title='bbox 249 1169 525 1224; x_wconf 89' lang='lat' dir='ltr'><strong>modatum</strong></span> <span class='ocrx_word' id='word_1_75' title='bbox 570 1169 746 1223; x_wconf 81' lang='lat' dir='ltr'><strong>esset?</strong></span> <span class='ocrx_word' id='word_1_76' title='bbox 831 1173 916 1223; x_wconf 84' lang='lat'><strong>15.</strong></span> <span class='ocrx_word' id='word_1_77' title='bbox 959 1168 1247 1240; x_wconf 88' lang='lat' dir='ltr'><strong>Populatae</strong></span> <span class='ocrx_word' id='word_1_78' title='bbox 1293 1175 1476 1235; x_wconf 86' lang='lat' dir='ltr'><strong>erant,</strong></span> <span class='ocrx_word' id='word_1_79' title='bbox 1528 1177 1777 1236; x_wconf 85' lang='lat' dir='ltr'><strong>vexatae,</strong></span> <span class='ocrx_word' id='word_1_80' title='bbox 1831 1170 2075 1225; x_wconf 89' lang='lat' dir='ltr'><strong>funditus</strong></span> <span class='ocrx_word' id='word_1_81' title='bbox 2156 1149 2158 1154; x_wconf 70' lang='lat'><strong>,</strong></span> 
     </span>
     <span class='ocr_line' id='line_1_11' title="bbox 248 1269 2074 1343; baseline 0 -19"><span class='ocrx_word' id='word_1_82' title='bbox 248 1286 462 1324; x_wconf 89' lang='lat' dir='ltr'><strong>eversae</strong></span> <span class='ocrx_word' id='word_1_83' title='bbox 513 1269 845 1340; x_wconf 87' lang='lat' dir='ltr'><strong>provinciae:</strong></span> <span class='ocrx_word' id='word_1_84' title='bbox 915 1269 1046 1322; x_wconf 92' lang='lat' dir='ltr'><strong>socii</strong></span> <span class='ocrx_word' id='word_1_85' title='bbox 1119 1269 1563 1342; x_wconf 87' lang='lat' dir='ltr'><strong>stipendiariique</strong></span> <span class='ocrx_word' id='word_1_86' title='bbox 1613 1271 1795 1343; x_wconf 91' lang='lat' dir='ltr'><strong>populi</strong></span> <span class='ocrx_word' id='word_1_87' title='bbox 1849 1271 2074 1326; x_wconf 90' lang='lat' dir='ltr'><strong>Romani</strong></span> 
     </span>
     <span class='ocr_line' id='line_1_12' title="bbox 249 1369 2074 1443; baseline 0.001 -19"><span class='ocrx_word' id='word_1_88' title='bbox 249 1370 461 1435; x_wconf 84' lang='lat' dir='ltr'><strong>afflicti,</strong></span> <span class='ocrx_word' id='word_1_89' title='bbox 483 1370 668 1424; x_wconf 90' lang='lat' dir='ltr'><strong>miseri</strong></span> <span class='ocrx_word' id='word_1_90' title='bbox 695 1370 804 1423; x_wconf 90' lang='lat' dir='ltr'><strong>iam</strong></span> <span class='ocrx_word' id='word_1_91' title='bbox 826 1386 929 1423; x_wconf 89' lang='lat' dir='ltr'><strong>non</strong></span> <span class='ocrx_word' id='word_1_92' title='bbox 952 1369 1142 1424; x_wconf 88' lang='lat' dir='ltr'><strong>salutis</strong></span> <span class='ocrx_word' id='word_1_93' title='bbox 1157 1387 1305 1442; x_wconf 90' lang='lat' dir='ltr'><strong>spem</strong></span> <span class='ocrx_word' id='word_1_94' title='bbox 1320 1413 1335 1436; x_wconf 93' lang='lat'><strong>,</strong></span> <span class='ocrx_word' id='word_1_95' title='bbox 1362 1371 1457 1426; x_wconf 90' lang='lat' dir='ltr'><strong>sed</strong></span> <span class='ocrx_word' id='word_1_96' title='bbox 1476 1372 1628 1426; x_wconf 86' lang='lat' dir='ltr'><strong>exitii</strong></span> <span class='ocrx_word' id='word_1_97' title='bbox 1648 1372 1900 1426; x_wconf 90' lang='lat' dir='ltr'><strong>solatium</strong></span> <span class='ocrx_word' id='word_1_98' title='bbox 1915 1389 2074 1443; x_wconf 87' lang='lat' dir='ltr'><strong>quae·</strong></span> 
     </span>
     <span class='ocr_line' id='line_1_13' title="bbox 246 1470 2076 1542; baseline 0.001 -16"><span class='ocrx_word' id='word_1_99' title='bbox 246 1471 455 1527; x_wconf 86' lang='lat' dir='ltr'><strong>rebant.</strong></span> <span class='ocrx_word' id='word_1_100' title='bbox 535 1472 638 1538; x_wconf 83' lang='lat' dir='ltr'><strong>Qui</strong></span> <span class='ocrx_word' id='word_1_101' title='bbox 673 1470 874 1524; x_wconf 92' lang='lat' dir='ltr'><strong>iudicia</strong></span> <span class='ocrx_word' id='word_1_102' title='bbox 911 1487 1130 1525; x_wconf 89' lang='lat' dir='ltr'><strong>manere</strong></span> <span class='ocrx_word' id='word_1_103' title='bbox 1168 1470 1311 1542; x_wconf 90' lang='lat' dir='ltr'><strong>apud</strong></span> <span class='ocrx_word' id='word_1_104' title='bbox 1343 1472 1587 1526; x_wconf 88' lang='lat' dir='ltr'><strong>ordinem</strong></span> <span class='ocrx_word' id='word_1_105' title='bbox 1626 1473 1957 1527; x_wconf 87' lang='lat' dir='ltr'><strong>senatorium</strong></span> <span class='ocrx_word' id='word_1_106' title='bbox 1989 1489 2076 1527; x_wconf 81' lang='lat' dir='ltr'><strong>vo·</strong></span> 
     </span>
     <span class='ocr_line' id='line_1_14' title="bbox 248 1571 2076 1643; baseline 0.002 -18"><span class='ocrx_word' id='word_1_107' title='bbox 248 1572 455 1637; x_wconf 88' lang='lat' dir='ltr'><strong>lebant,</strong></span> <span class='ocrx_word' id='word_1_108' title='bbox 484 1571 848 1643; x_wconf 85' lang='lat' dir='ltr'><strong>querebantur</strong></span> <span class='ocrx_word' id='word_1_109' title='bbox 877 1577 1219 1626; x_wconf 80' lang='lat' dir='ltr'><strong>accusatores</strong></span> <span class='ocrx_word' id='word_1_110' title='bbox 1246 1589 1304 1627; x_wconf 89' lang='lat' dir='ltr'><strong>se</strong></span> <span class='ocrx_word' id='word_1_111' title='bbox 1330 1572 1547 1627; x_wconf 88' lang='lat' dir='ltr'><strong>idoneos</strong></span> <span class='ocrx_word' id='word_1_112' title='bbox 1574 1589 1680 1626; x_wconf 91' lang='lat' dir='ltr'><strong>non</strong></span> <span class='ocrx_word' id='word_1_113' title='bbox 1707 1572 1919 1628; x_wconf 90' lang='lat' dir='ltr'><strong>habere.</strong></span> <span class='ocrx_word' id='word_1_114' title='bbox 1974 1574 2076 1641; x_wconf 85' lang='lat' dir='ltr'><strong>Qui</strong></span> 
     </span>
     <span class='ocr_line' id='line_1_15' title="bbox 250 1670 2076 1743; baseline 0.001 -16"><span class='ocrx_word' id='word_1_115' title='bbox 250 1689 505 1727; x_wconf 85' lang='lat' dir='ltr'><strong>accusare</strong></span> <span class='ocrx_word' id='word_1_116' title='bbox 554 1676 838 1743; x_wconf 84' lang='lat' dir='ltr'><strong>poterant,</strong></span> <span class='ocrx_word' id='word_1_117' title='bbox 898 1670 1225 1726; x_wconf 89' lang='lat' dir='ltr'><strong>iudiciorum</strong></span> <span class='ocrx_word' id='word_1_118' title='bbox 1283 1673 1626 1727; x_wconf 88' lang='lat' dir='ltr'><strong>severitatem</strong></span> <span class='ocrx_word' id='word_1_119' title='bbox 1684 1671 2076 1728; x_wconf 87' lang='lat' dir='ltr'><strong>desiderabant.</strong></span> 
     </span>
     <span class='ocr_line' id='line_1_16' title="bbox 249 1752 2079 1844; baseline 0.001 -17"><span class='ocrx_word' id='word_1_120' title='bbox 249 1771 483 1844; x_wconf 90' lang='lat' dir='ltr'><strong>Populus</strong></span> <span class='ocrx_word' id='word_1_121' title='bbox 515 1771 788 1825; x_wconf 87' lang='lat' dir='ltr'><strong>Romanus</strong></span> <span class='ocrx_word' id='word_1_122' title='bbox 822 1771 1056 1835; x_wconf 87' lang='lat' dir='ltr'><strong>interea,</strong></span> <span class='ocrx_word' id='word_1_123' title='bbox 1096 1772 1314 1826; x_wconf 90' lang='lat' dir='ltr'><strong>tametsi</strong></span> <span class='ocrx_word' id='word_1_124' title='bbox 1340 1772 1526 1827; x_wconf 88' lang='lat' dir='ltr'><strong>multis</strong></span> <span class='ocrx_word' id='word_1_125' title='bbox 1559 1752 1912 1827; x_wconf 81' lang='lat' dir='ltr'><strong>incommodis</strong></span> <span class='ocrx_word' id='word_1_126' title='bbox 1944 1773 2079 1828; x_wconf 87' lang='lat' dir='ltr'><strong>diffi-</strong></span> 
     </span>
     <span class='ocr_line' id='line_1_17' title="bbox 249 1871 2078 1947; baseline 0.001 -19"><span class='ocrx_word' id='word_1_127' title='bbox 249 1872 648 1944; x_wconf 86' lang='lat' dir='ltr'><strong>cultatibusque</strong></span> <span class='ocrx_word' id='word_1_128' title='bbox 683 1871 907 1926; x_wconf 85' lang='lat' dir='ltr'><strong>affectus</strong></span> <span class='ocrx_word' id='word_1_129' title='bbox 939 1878 1056 1926; x_wconf 90' lang='lat' dir='ltr'><strong>erat</strong></span> <span class='ocrx_word' id='word_1_130' title='bbox 1076 1913 1092 1936; x_wconf 94' lang='lat'><strong>,</strong></span> <span class='ocrx_word' id='word_1_131' title='bbox 1131 1879 1313 1928; x_wconf 89' lang='lat' dir='ltr'><strong>tamen</strong></span> <span class='ocrx_word' id='word_1_132' title='bbox 1347 1873 1483 1928; x_wconf 92' lang='lat' dir='ltr'><strong>nihil</strong></span> <span class='ocrx_word' id='word_1_133' title='bbox 1515 1890 1681 1946; x_wconf 87' lang='lat' dir='ltr'><strong>aeque</strong></span> <span class='ocrx_word' id='word_1_134' title='bbox 1713 1875 1769 1929; x_wconf 91' lang='lat' dir='ltr'><strong>in</strong></span> <span class='ocrx_word' id='word_1_135' title='bbox 1807 1873 2078 1947; x_wconf 80' lang='lat' dir='ltr'><strong>republica</strong></span> 
     </span>
     <span class='ocr_line' id='line_1_18' title="bbox 250 1973 2080 2048; baseline 0.002 -20"><span class='ocrx_word' id='word_1_136' title='bbox 250 1980 412 2045; x_wconf 86' lang='lat' dir='ltr'><strong>atque</strong></span> <span class='ocrx_word' id='word_1_137' title='bbox 442 1973 591 2028; x_wconf 87' lang='lat' dir='ltr'><strong>illam</strong></span> <span class='ocrx_word' id='word_1_138' title='bbox 623 1979 859 2027; x_wconf 87' lang='lat' dir='ltr'><strong>veterem</strong></span> <span class='ocrx_word' id='word_1_139' title='bbox 893 1973 1219 2027; x_wconf 89' lang='lat' dir='ltr'><strong>iudiciorum</strong></span> <span class='ocrx_word' id='word_1_140' title='bbox 1245 1975 1356 2028; x_wconf 88' lang='lat' dir='ltr'><strong>vim</strong></span> <span class='ocrx_word' id='word_1_141' title='bbox 1383 1977 1810 2048; x_wconf 85' lang='lat' dir='ltr'><strong>gravitatemque</strong></span> <span class='ocrx_word' id='word_1_142' title='bbox 1843 1977 2080 2048; x_wconf 90' lang='lat' dir='ltr'><strong>require-</strong></span> 
     </span>
     <span class='ocr_line' id='line_1_19' title="bbox 249 2073 2081 2147; baseline 0.002 -20"><span class='ocrx_word' id='word_1_143' title='bbox 249 2074 358 2128; x_wconf 87' lang='lat' dir='ltr'><strong>bat.</strong></span> <span class='ocrx_word' id='word_1_144' title='bbox 395 2073 726 2128; x_wconf 90' lang='lat' dir='ltr'><strong>Iudiciorum</strong></span> <span class='ocrx_word' id='word_1_145' title='bbox 755 2073 1020 2128; x_wconf 88' lang='lat' dir='ltr'><strong>desiderio</strong></span> <span class='ocrx_word' id='word_1_146' title='bbox 1047 2073 1341 2128; x_wconf 88' lang='lat' dir='ltr'><strong>tribunicia</strong></span> <span class='ocrx_word' id='word_1_147' title='bbox 1365 2081 1600 2145; x_wconf 90' lang='lat' dir='ltr'><strong>potestas</strong></span> <span class='ocrx_word' id='word_1_148' title='bbox 1630 2075 1918 2147; x_wconf 84' lang='lat' dir='ltr'><strong>efflagitata</strong></span> <span class='ocrx_word' id='word_1_149' title='bbox 1938 2083 2081 2132; x_wconf 88' lang='lat' dir='ltr'><strong>erat:</strong></span> 
     </span>
     <span class='ocr_line' id='line_1_20' title="bbox 252 2172 2083 2244; baseline 0.002 -16"><span class='ocrx_word' id='word_1_150' title='bbox 252 2174 576 2228; x_wconf 90' lang='lat' dir='ltr'><strong>iudiciorum</strong></span> <span class='ocrx_word' id='word_1_151' title='bbox 627 2173 846 2228; x_wconf 85' lang='lat' dir='ltr'><strong>levitate</strong></span> <span class='ocrx_word' id='word_1_152' title='bbox 906 2172 1034 2227; x_wconf 93' lang='lat' dir='ltr'><strong>ordo</strong></span> <span class='ocrx_word' id='word_1_153' title='bbox 1087 2190 1299 2244; x_wconf 91' lang='lat' dir='ltr'><strong>quoque</strong></span> <span class='ocrx_word' id='word_1_154' title='bbox 1346 2173 1483 2228; x_wconf 90' lang='lat' dir='ltr'><strong>alius</strong></span> <span class='ocrx_word' id='word_1_155' title='bbox 1529 2174 1594 2228; x_wconf 90' lang='lat' dir='ltr'><strong>ad</strong></span> <span class='ocrx_word' id='word_1_156' title='bbox 1641 2192 1728 2229; x_wconf 89' lang='lat' dir='ltr'><strong>res</strong></span> <span class='ocrx_word' id='word_1_157' title='bbox 1767 2175 2083 2232; x_wconf 88' lang='lat' dir='ltr'><strong>iudicandas</strong></span> 
     </span>
     <span class='ocr_line' id='line_1_21' title="bbox 251 2274 2082 2348; baseline 0.002 -19"><span class='ocrx_word' id='word_1_158' title='bbox 251 2275 652 2348; x_wconf 86' lang='lat' dir='ltr'><strong>postulabatur:</strong></span> <span class='ocrx_word' id='word_1_159' title='bbox 706 2274 948 2329; x_wconf 91' lang='lat' dir='ltr'><strong>iudicum</strong></span> <span class='ocrx_word' id='word_1_160' title='bbox 1000 2274 1158 2346; x_wconf 87' lang='lat' dir='ltr'><strong>culpa</strong></span> <span class='ocrx_word' id='word_1_161' title='bbox 1195 2280 1356 2346; x_wconf 85' lang='lat' dir='ltr'><strong>atque</strong></span> <span class='ocrx_word' id='word_1_162' title='bbox 1395 2274 1652 2331; x_wconf 88' lang='lat' dir='ltr'><strong>dedecore</strong></span> <span class='ocrx_word' id='word_1_163' title='bbox 1697 2278 1860 2332; x_wconf 89' lang='lat' dir='ltr'><strong>etiam</strong></span> <span class='ocrx_word' id='word_1_164' title='bbox 1901 2295 2082 2332; x_wconf 91' lang='lat' dir='ltr'><strong>censo-</strong></span> 
     </span>
     <span class='ocr_line' id='line_1_22' title="bbox 250 2374 2083 2447; baseline 0.002 -17"><span class='ocrx_word' id='word_1_165' title='bbox 250 2377 398 2430; x_wconf 88' lang='lat' dir='ltr'><strong>rium</strong></span> <span class='ocrx_word' id='word_1_166' title='bbox 443 2392 637 2429; x_wconf 87' lang='lat' dir='ltr'><strong>nomen</strong></span> <span class='ocrx_word' id='word_1_167' title='bbox 658 2418 675 2440; x_wconf 95' lang='lat'><strong>,</strong></span> <span class='ocrx_word' id='word_1_168' title='bbox 726 2374 868 2447; x_wconf 88' lang='lat' dir='ltr'><strong>quod</strong></span> <span class='ocrx_word' id='word_1_169' title='bbox 908 2375 1151 2446; x_wconf 88' lang='lat' dir='ltr'><strong>asperius</strong></span> <span class='ocrx_word' id='word_1_170' title='bbox 1190 2380 1348 2428; x_wconf 86' lang='lat' dir='ltr'><strong>antea</strong></span> <span class='ocrx_word' id='word_1_171' title='bbox 1392 2375 1586 2447; x_wconf 88' lang='lat' dir='ltr'><strong>populo</strong></span> <span class='ocrx_word' id='word_1_172' title='bbox 1636 2376 1808 2432; x_wconf 86' lang='lat' dir='ltr'><strong>videri</strong></span> <span class='ocrx_word' id='word_1_173' title='bbox 1854 2377 2083 2443; x_wconf 91' lang='lat' dir='ltr'><strong>solebat,</strong></span> 
     </span>
     <span class='ocr_line' id='line_1_23' title="bbox 252 2474 2082 2548; baseline 0.002 -17"><span class='ocrx_word' id='word_1_174' title='bbox 252 2477 309 2531; x_wconf 91' lang='lat' dir='ltr'><strong>id</strong></span> <span class='ocrx_word' id='word_1_175' title='bbox 341 2478 449 2531; x_wconf 88' lang='lat' dir='ltr'><strong>iam</strong></span> <span class='ocrx_word' id='word_1_176' title='bbox 481 2475 828 2548; x_wconf 87' lang='lat' dir='ltr'><strong>poscebatur,</strong></span> <span class='ocrx_word' id='word_1_177' title='bbox 868 2475 925 2529; x_wconf 90' lang='lat' dir='ltr'><strong>id</strong></span> <span class='ocrx_word' id='word_1_178' title='bbox 957 2476 1066 2530; x_wconf 90' lang='lat' dir='ltr'><strong>iam</strong></span> <span class='ocrx_word' id='word_1_179' title='bbox 1091 2474 1346 2547; x_wconf 87' lang='lat' dir='ltr'><strong>populare</strong></span> <span class='ocrx_word' id='word_1_180' title='bbox 1379 2482 1540 2548; x_wconf 84' lang='lat' dir='ltr'><strong>atque</strong></span> <span class='ocrx_word' id='word_1_181' title='bbox 1566 2476 1847 2548; x_wconf 87' lang='lat' dir='ltr'><strong>plausibile</strong></span> <span class='ocrx_word' id='word_1_182' title='bbox 1879 2478 2082 2534; x_wconf 85' lang='lat' dir='ltr'><strong>factum</strong></span> 
     </span>
     <span class='ocr_line' id='line_1_24' title="bbox 253 2573 2082 2644; baseline 0.001 -12"><span class='ocrx_word' id='word_1_183' title='bbox 253 2582 386 2633; x_wconf 87' lang='lat' dir='ltr'><strong>erat.</strong></span> <span class='ocrx_word' id='word_1_184' title='bbox 470 2580 556 2632; x_wconf 85' lang='lat'><strong>14.</strong></span> <span class='ocrx_word' id='word_1_185' title='bbox 598 2577 660 2631; x_wconf 92' lang='lat' dir='ltr'><strong>In</strong></span> <span class='ocrx_word' id='word_1_186' title='bbox 705 2575 806 2630; x_wconf 92' lang='lat' dir='ltr'><strong>hac</strong></span> <span class='ocrx_word' id='word_1_187' title='bbox 851 2573 1073 2630; x_wconf 89' lang='lat' dir='ltr'><strong>libidine</strong></span> <span class='ocrx_word' id='word_1_188' title='bbox 1124 2574 1405 2631; x_wconf 89' lang='lat' dir='ltr'><strong>hominum</strong></span> <span class='ocrx_word' id='word_1_189' title='bbox 1452 2578 1986 2644; x_wconf 89' lang='lat' dir='ltr'><strong>nocentissimorum,</strong></span> <span class='ocrx_word' id='word_1_190' title='bbox 2026 2581 2082 2634; x_wconf 91' lang='lat' dir='ltr'><strong>in</strong></span> 
     </span>
     <span class='ocr_line' id='line_1_25' title="bbox 255 2676 2081 2751; baseline 0.001 -18"><span class='ocrx_word' id='word_1_191' title='bbox 255 2677 435 2751; x_wconf 87' lang='lat' dir='ltr'><strong>populi</strong></span> <span class='ocrx_word' id='word_1_192' title='bbox 470 2678 695 2732; x_wconf 87' lang='lat' dir='ltr'><strong>Romani</strong></span> <span class='ocrx_word' id='word_1_193' title='bbox 731 2676 1042 2749; x_wconf 84' lang='lat' dir='ltr'><strong>quotidiana</strong></span> <span class='ocrx_word' id='word_1_194' title='bbox 1075 2677 1438 2749; x_wconf 89' lang='lat' dir='ltr'><strong>querimonia,</strong></span> <span class='ocrx_word' id='word_1_195' title='bbox 1479 2676 1805 2734; x_wconf 90' lang='lat' dir='ltr'><strong>iudiciorum</strong></span> <span class='ocrx_word' id='word_1_196' title='bbox 1832 2679 2081 2746; x_wconf 88' lang='lat' dir='ltr'><strong>infamia,</strong></span> 
     </span>
     <span class='ocr_line' id='line_1_26' title="bbox 256 2776 2083 2850; baseline 0.001 -16"><span class='ocrx_word' id='word_1_197' title='bbox 256 2780 424 2834; x_wconf 91' lang='lat' dir='ltr'><strong>totius</strong></span> <span class='ocrx_word' id='word_1_198' title='bbox 467 2778 673 2834; x_wconf 91' lang='lat' dir='ltr'><strong>ordinis</strong></span> <span class='ocrx_word' id='word_1_199' title='bbox 719 2776 1037 2842; x_wconf 84' lang='lat' dir='ltr'><strong>offensione,</strong></span> <span class='ocrx_word' id='word_1_200' title='bbox 1077 2795 1245 2850; x_wconf 92' lang='lat' dir='ltr'><strong>quum</strong></span> <span class='ocrx_word' id='word_1_201' title='bbox 1292 2777 1391 2833; x_wconf 92' lang='lat' dir='ltr'><strong>hoc</strong></span> <span class='ocrx_word' id='word_1_202' title='bbox 1431 2795 1601 2834; x_wconf 91' lang='lat' dir='ltr'><strong>unum</strong></span> <span class='ocrx_word' id='word_1_203' title='bbox 1648 2779 1732 2834; x_wconf 89' lang='lat' dir='ltr'><strong>his</strong></span> <span class='ocrx_word' id='word_1_204' title='bbox 1771 2787 1851 2835; x_wconf 90' lang='lat' dir='ltr'><strong>tot</strong></span> <span class='ocrx_word' id='word_1_205' title='bbox 1884 2783 2083 2836; x_wconf 87' lang='lat' dir='ltr'><strong>incom-</strong></span> 
     </span>
     <span class='ocr_line' id='line_1_27' title="bbox 254 2877 2085 2954; baseline 0.002 -20"><span class='ocrx_word' id='word_1_206' title='bbox 254 2879 430 2934; x_wconf 88' lang='lat' dir='ltr'><strong>-modis</strong></span> <span class='ocrx_word' id='word_1_207' title='bbox 474 2878 775 2934; x_wconf 88' lang='lat' dir='ltr'><strong>remedium</strong></span> <span class='ocrx_word' id='word_1_208' title='bbox 815 2895 930 2932; x_wconf 89' lang='lat' dir='ltr'><strong>esse</strong></span> <span class='ocrx_word' id='word_1_209' title='bbox 971 2877 1294 2943; x_wconf 88' lang='lat' dir='ltr'><strong>arbitrarer,</strong></span> <span class='ocrx_word' id='word_1_210' title='bbox 1343 2885 1405 2933; x_wconf 86' lang='lat' dir='ltr'><strong>ut</strong></span> <span class='ocrx_word' id='word_1_211' title='bbox 1437 2878 1680 2934; x_wconf 91' lang='lat' dir='ltr'><strong>homines</strong></span> <span class='ocrx_word' id='word_1_212' title='bbox 1714 2880 1889 2935; x_wconf 90' lang='lat' dir='ltr'><strong>idonei</strong></span> <span class='ocrx_word' id='word_1_213' title='bbox 1924 2889 2085 2954; x_wconf 88' lang='lat' dir='ltr'><strong>atque</strong></span> 
     </span>
     <span class='ocr_line' id='line_1_28' title="bbox 257 2979 2085 3052; baseline 0.002 -18"><span class='ocrx_word' id='word_1_214' title='bbox 257 2981 456 3051; x_wconf 86' lang='lat' dir='ltr'><strong>integri</strong></span> <span class='ocrx_word' id='word_1_215' title='bbox 509 2996 758 3034; x_wconf 89' lang='lat' dir='ltr'><strong>caussam</strong></span> <span class='ocrx_word' id='word_1_216' title='bbox 803 2979 1129 3051; x_wconf 89' lang='lat' dir='ltr'><strong>reipublicae</strong></span> <span class='ocrx_word' id='word_1_217' title='bbox 1174 2979 1462 3051; x_wconf 81' lang='lat' dir='ltr'><strong>legumque</strong></span> <span class='ocrx_word' id='word_1_218' title='bbox 1501 2981 1863 3052; x_wconf 86' lang='lat' dir='ltr'><strong>susciperent;</strong></span> <span class='ocrx_word' id='word_1_219' title='bbox 1916 2981 2085 3037; x_wconf 84' lang='lat' dir='ltr'><strong>fateor</strong></span> 
     </span>
     <span class='ocr_line' id='line_1_29' title="bbox 257 3079 2083 3153; baseline 0.001 -18"><span class='ocrx_word' id='word_1_220' title='bbox 257 3098 344 3135; x_wconf 90' lang='lat' dir='ltr'><strong>me</strong></span> <span class='ocrx_word' id='word_1_221' title='bbox 389 3080 579 3134; x_wconf 85' lang='lat' dir='ltr'><strong>salutis</strong></span> <span class='ocrx_word' id='word_1_222' title='bbox 625 3080 867 3134; x_wconf 92' lang='lat' dir='ltr'><strong>omnium</strong></span> <span class='ocrx_word' id='word_1_223' title='bbox 900 3096 1092 3134; x_wconf 89' lang='lat' dir='ltr'><strong>caussa</strong></span> <span class='ocrx_word' id='word_1_224' title='bbox 1135 3079 1203 3134; x_wconf 89' lang='lat' dir='ltr'><strong>ad</strong></span> <span class='ocrx_word' id='word_1_225' title='bbox 1243 3097 1362 3135; x_wconf 88' lang='lat' dir='ltr'><strong>eam</strong></span> <span class='ocrx_word' id='word_1_226' title='bbox 1401 3088 1609 3153; x_wconf 87' lang='lat' dir='ltr'><strong>partem</strong></span> <span class='ocrx_word' id='word_1_227' title='bbox 1649 3083 1937 3136; x_wconf 86' lang='lat' dir='ltr'><strong>accessisse</strong></span> <span class='ocrx_word' id='word_1_228' title='bbox 1983 3084 2083 3136; x_wconf 88' lang='lat' dir='ltr'><strong>rei-</strong></span> 
     </span>
     <span class='ocr_line' id='line_1_30' title="bbox 259 3180 2084 3252; baseline 0.002 -18"><span class='ocrx_word' id='word_1_229' title='bbox 259 3180 503 3252; x_wconf 90' lang='lat' dir='ltr'><strong>publicae</strong></span> <span class='ocrx_word' id='word_1_230' title='bbox 549 3180 933 3246; x_wconf 87' lang='lat' dir='ltr'><strong>sublevandae,</strong></span> <span class='ocrx_word' id='word_1_231' title='bbox 986 3198 1122 3252; x_wconf 84' lang='lat' dir='ltr'><strong>quae</strong></span> <span class='ocrx_word' id='word_1_232' title='bbox 1172 3183 1407 3236; x_wconf 81' lang='lat' dir='ltr'><strong>maxime</strong></span> <span class='ocrx_word' id='word_1_233' title='bbox 1457 3182 1739 3236; x_wconf 86' lang='lat' dir='ltr'><strong>laboraret.</strong></span> <span class='ocrx_word' id='word_1_234' title='bbox 1820 3183 2084 3238; x_wconf 89' lang='lat' dir='ltr'><strong>Invetera-</strong></span> 
     </span>
    </p>
   </div>
   <div class='ocr_carea' id='block_1_7' title="bbox 260 3283 2084 3356">
    <p class='ocr_par' dir='ltr' id='par_1_7' title="bbox 260 3283 2084 3356">
     <span class='ocr_line' id='line_1_31' title="bbox 260 3283 2084 3356; baseline 0.003 -21"><span class='ocrx_word' id='word_1_235' title='bbox 260 3288 447 3336; x_wconf 81' lang='lat' dir='ltr'><strong>verat1</strong></span> <span class='ocrx_word' id='word_1_236' title='bbox 504 3284 646 3337; x_wconf 92' lang='lat' dir='ltr'><strong>enim</strong></span> <span class='ocrx_word' id='word_1_237' title='bbox 701 3284 807 3337; x_wconf 84' lang='lat' dir='ltr'><strong>iam</strong></span> <span class='ocrx_word' id='word_1_238' title='bbox 861 3283 1037 3355; x_wconf 91' lang='lat' dir='ltr'><strong>opinio</strong></span> <span class='ocrx_word' id='word_1_239' title='bbox 1095 3284 1392 3356; x_wconf 87' lang='lat' dir='ltr'><strong>perniciosa</strong></span> <span class='ocrx_word' id='word_1_240' title='bbox 1451 3283 1775 3355; x_wconf 89' lang='lat' dir='ltr'><strong>reipublicae</strong></span> <span class='ocrx_word' id='word_1_241' title='bbox 1828 3285 2084 3356; x_wconf 89' lang='lat' dir='ltr'><strong>nobisque</strong></span> 
     </span>
    </p>
   </div>
   <div class='ocr_carea' id='block_1_8' title="bbox 262 3429 474 3447">
    <p class='ocr_par' dir='ltr' id='par_1_8' title="bbox 262 3429 474 3447">
     <span class='ocr_line' id='line_1_32' title="bbox 262 3429 474 3447; baseline -0.005 -4"><span class='ocrx_word' id='word_1_242' title='bbox 262 3429 474 3447; x_wconf 74' lang='lat'>—</span> 
     </span>
    </p>
   </div>
   <div class='ocr_carea' id='block_1_9' title="bbox 325 3513 1070 3574">
    <p class='ocr_par' dir='ltr' id='par_1_9' title="bbox 325 3513 1070 3574">
     <span class='ocr_line' id='line_1_33' title="bbox 325 3513 1070 3574; baseline 0.007 -18"><span class='ocrx_word' id='word_1_243' title='bbox 325 3516 362 3571; x_wconf 83' lang='lat'><strong>¹)</strong></span> <span class='ocrx_word' id='word_1_244' title='bbox 396 3513 440 3558; x_wconf 86' lang='lat' dir='ltr'><strong>in</strong></span> <span class='ocrx_word' id='word_1_245' title='bbox 470 3515 642 3559; x_wconf 84' lang='lat' dir='ltr'><strong>Verrem</strong></span> <span class='ocrx_word' id='word_1_246' title='bbox 682 3514 776 3560; x_wconf 80' lang='lat' dir='ltr'><strong>Act.</strong></span> <span class='ocrx_word' id='word_1_247' title='bbox 798 3519 829 3560; x_wconf 88' lang='lat'><strong>1.</strong></span> <span class='ocrx_word' id='word_1_248' title='bbox 864 3519 952 3562; x_wconf 89' lang='lat' dir='ltr'><strong>c.1.</strong></span> <span class='ocrx_word' id='word_1_249' title='bbox 987 3518 1070 3574; x_wconf 64' lang='lat' dir='ltr'><strong>§L</strong></span> 
     </span>
    </p>
   </div>
  </div>
 </body>
</html>
