2210 3970
244 241 351 292 520
756 254 1047 293 Anninus
1086 255 1536 295 monacnum.

228 385 365 444 pueri
392 384 660 446 legebamus,
693 362 807 444 qaas
831 386 922 428 iam
949 386 1140 446 reperire
1167 387 1244 430 via·
1269 401 1523 447 possumus,
1588 384 1648 431 Cf.
1675 384 1780 430 ibid.
1809 401 1844 431 c.
1873 389 1942 432 66.
1962 391 2065 434 233.

235 463 290 507 de
321 465 439 509 Orat.
470 476 520 508 11.
553 478 587 507 c.
608 465 679 508 22.
698 464 770 507 91.
804 462 856 506 de
873 462 956 507 off.
984 476 1054 509 111.
1088 467 1208 508 c.19.
1233 467 1306 509 77.

989 665 1309 691 :.-——===

571 835 827 889 ANNUS
879 835 1121 888 VITAE
1171 835 1588 890 CICERONIS
1634 833 1721 890 IV.

231 1014 267 1042 a.
287 1000 333 1040 U.
354 999 395 1039 C.
785 1000 898 1039 Coss.
934 1000 975 1038 C.
1013 999 1203 1039 MARIUS
1236 1000 1312 1041 111.
1895 1018 1930 1044 a.
1951 1005 1998 1045 A.
2018 1007 2061 1046 C.

267 1090 374 1137 651.
940 1092 984 1131 L.
1020 1091 1272 1132 AURELIUS
1305 1092 1534 1136 ORESTES.
1924 1095 2030 1136 103.

306 1219 369 1294 (¹)
410 1220 467 1275 L.
495 1218 703 1274 Tullius
742 1219 954 1284 Cicer0,
994 1226 1221 1292 patruus
1255 1220 1321 1275 M.
1353 1220 1670 1287 CiceroniS,'
1694 1239 1818 1277 cum
1853 1223 1920 1278 M.
1953 1224 2064 1279 An·

229 1322 374 1376 tonio
413 1327 624 1377 oratore
668 1322 724 1376 in
768 1320 1008 1376 Ciliciam
1041 1318 1432 1394 proficiscitur,
1475 1337 1637 1395 quam
1671 1323 1761 1379 hic
1801 1341 1866 1380 ex
1907 1341 2062 1398 prae-

227 1430 351 1478 tura
381 1429 532 1494 gesta
557 1423 888 1496 provinciam
921 1421 1109 1477 habuit
1145 1421 1263 1479 iure
1292 1423 1676 1496 proconsulari.
1714 1443 1747 1480 ι.
1784 1441 1828 1480 c.
1857 1431 1943 1482 15.
1969 1430 2058 1482 52.

229 1542 275 1579 c.
302 1529 389 1580 16.
423 1529 512 1581 47.

289 1625 437 1671 Livius
460 1625 576 1686 Epit.
602 1627 675 1670 68.
707 1628 767 1670 M.
788 1626 1008 1670 Antonius
1025 1635 1209 1687 praetor
1236 1627 1288 1671 in
1319 1627 1524 1672 Ciliciam
1549 1627 1799 1672 maritimos
1817 1627 2066 1689 praedones

225 1711 488 1749 consecutus
509 1710 590 1748 est.
638 1702 725 1748 cic.
749 1703 804 1748 de
829 1706 950 1750 Orat.
980 1717 1010 1748 1.
1041 1720 1077 1749 c.
1095 1707 1170 1749 18.
1196 1706 1270 1750 82.
1302 1704 1540 1764 (Antonius
1558 1704 1781 1768 loquitur)
1810 1706 1956 1764 Quum
1975 1723 2064 1767 pro

226 1782 405 1828 consule
434 1783 485 1828 in
518 1782 721 1827 Ciliciam
746 1782 1045 1843 proficiscens
1075 1781 1273 1827 Athenas
1308 1782 1526 1827 venissem
1543 1815 1557 1839 ‚
1589 1783 1838 1844 complures
1869 1791 1966 1828 tam
1996 1784 2064 1829 ibi

227 1862 323 1907 dies
352 1877 452 1906 sum
470 1867 656 1922 propter
683 1859 928 1921 navigandi
957 1859 1275 1922 difficultatem
1306 1864 1636 1904 commoratus?
1659 1860 1761 1918 sed,
1793 1877 1932 1921 quum
1957 1877 2064 1922 qao-

226 1939 338 1984 tidie
363 1955 532 1984 mecam
563 1938 764 1982 haberem
796 1937 994 1982 homines
1019 1937 1301 1982 doctissimos
1326 1965 1388 1973 —
1408 1953 1632 1999 quumque
1666 1937 1745 1982 hoc
1776 1939 1924 1983 nescio
1955 1955 2063 1998 quo-

224 2017 350 2062 modo
382 2016 507 2079 apud
529 2031 603 2061 eos
627 2015 968 2071 increbruit-set,
1000 2031 1069 2059 me
1092 2015 1142 2059 in
1165 2016 1343 2061 caussis
1363 2016 1684 2060 maioribus—
1701 2015 1842 2065 solere
1867 2017 2062 2072 versari,

215 2112 303 2157 pro
329 2111 377 2140 se
406 2095 596 2157 quisque
627 2102 681 2139 ut
706 2102 887 2156 poterat
919 2093 974 2138 de
1004 2094 1155 2156 officio
1185 2101 1230 2139 et
1260 2094 1434 2140 ratione
1457 2095 1653 2139 oratoris
1685 2093 1960 2155 disputabat.

302 2199 363 2274 (2)
406 2198 463 2254 L.
497 2197 738 2253 Licinius
768 2197 991 2253 Crassus
1017 2202 1069 2252 et
1101 2197 1160 2265 Q.
1190 2197 1402 2252 Mucius
1432 2197 1683 2253 Scaevola
1715 2197 2061 2268 magnificen-

223 2302 434 2356 tissima
466 2298 739 2355 aedilitate
777 2298 1098 2370 funguntur.
1131 2317 1186 2354 11.
1220 2301 1309 2353 22.
1349 2316 1398 2353 c.
1422 2303 1512 2354 60.

286 2401 371 2445 Cic.
394 2399 442 2443 in
472 2402 594 2446 Verr.
618 2402 717 2444 Act.
743 2411 795 2443 11.
823 2402 868 2442 L.
889 2412 951 2444 lv.
987 2401 1115 2445 c.59.
1149 2402 1253 2444 133.
1286 2401 1337 2444 L.
1359 2401 1546 2456 Crasse,
1581 2400 1632 2459 Q.
1658 2399 1970 2444 Scaevolae—
1910 2415 2061 2460 —po·

224 2477 492 2523 tentis-simis
515 2476 791 2532 hominibus,
814 2491 1004 2537 qaorum
1019 2476 1278 2523 aedilitates
1295 2478 1612 2522 ornatissimas
1635 2476 1845 2523 vidimus.
1895 2476 2061 2522 Plinius

223 2560 276 2601 ΙΙ.
299 2557 349 2600 N.
383 2566 489 2598 ΠΗ.
514 2568 551 2598 c.
580 2556 654 2598 16.
677 2556 755 2601 20.
787 2555 982 2599 Leonum
1013 2554 1155 2599 simul
1185 2554 1394 2614 plurium
1422 2570 1622 2616 pugnam
1663 2556 1826 2598 Romae
1850 2555 2062 2616 princeps

225 2633 348 2678 dedit
382 2632 433 2690 Q.
458 2630 670 2675 Scaevola
697 2632 749 2676 P.
760 2631 902 2693 filius
926 2632 976 2677 in
1001 2630 1151 2676 curuli
1171 2631 1418 2695 aedilitate.
1484 2632 1606 2678 Idem
1638 2645 1762 2678 xvn.
1792 2647 1830 2677 c.
1850 2637 1891 2678 1.
1923 2633 1986 2698 Ae
2006 2650 2060 2682 ne

225 2701 330 2772 quis
358 2709 491 2754 vilem
515 2707 568 2753 de
599 2715 741 2753 cetero
776 2709 930 2753 Crassi
960 2707 1212 2754 domum—
1237 2709 1425 2766 iudicet,
1458 2711 1551 2755 iam
1582 2711 1811 2756 columnas
1839 2693 2055 2771 quattuor

225 2789 444 2852 Hymettii
482 2787 717 2832 marmoris
734 2818 748 2843 ‚
789 2785 1042 2831 aedilitatis
1069 2788 1224 2848 gratia
1254 2787 1318 2832 ad
1344 2803 1520 2833 scenam
1547 2788 1791 2834 ornandam
1823 2788 2058 2845 advectas,

224 2870 279 2915 in.¹
309 2867 427 2912 atrio
455 2866 554 2911 eius
585 2865 740 2911 domus
771 2873 1025 2924 statuerat,
1068 2883 1205 2927 quum
1237 2867 1283 2911 in
1316 2866 1500 2928 publico
1534 2867 1727 2912 nondum
1759 2874 1906 2912 essent
1937 2866 2060 2912 ullae

224 2962 506 2993 marmoreae·

301 3054 368 3121 (³)
403 3049 467 3105 T.
497 3047 757 3128 Albucius
791 3062 857 3103 ex
891 3046 1139 3103 Sardinia
1173 3047 1377 3110 redux,
1421 3064 1583 3121 quam
1618 3052 1930 3122 propraetor
1965 3046 2052 3102 ob-

220 3152 460 3205 tinuerat
490 3165 537 3204 a.
560 3152 688 3204 649.
721 3146 1142 3221 repetundarum
1174 3147 1480 3221 postulatur
1512 3165 1542 3203 a
1576 3148 1632 3204 C.
1667 3148 1802 3203 Iulio
1834 3149 2056 3204 Caesare

222 3250 506 3315 Strabone,
545 3249 639 3320 qui
670 3248 739 3304 ad
767 3265 1012 3304 caussam
1042 3249 1268 3303 accessit
1300 3265 1332 3303 a
1365 3247 1549 3304 Sardis
1576 3244 1820 3320 rogatu‘s;
1862 3256 2056 3320 negata

221 3351 455 3409 nominis
493 3348 767 3405 deferendi
804 3354 1067 3422 potestate
1103 3348 1194 3403 Cn.
1229 3349 1479 3421 Pompeio
1519 3347 1797 3413 Straboni,
1838 3350 1931 3421 qui
1964 3350 2050 3404 Al·

222 3452 367 3507 bucii
408 3455 658 3522 quaestor
696 3449 887 3505 fuerat.
929 3467 983 3505 11.
1024 3467 1070 3504 c.
1096 3453 1148 3504 9.
1187 3452 1275 3503 25.
1317 3465 1386 3503 v1.
1428 3466 1474 3503 c.
1500 3452 1587 3504 15.
1621 3452 1708 3503 36.

283 3553 366 3599 Cic.
401 3552 448 3597 in
477 3551 614 3598 Pison.
649 3568 688 3596 c·
718 3555 789 3597 38.
820 3554 892 3597 92.
935 3551 1176 3608 Albucius,
1209 3567 1344 3612 quam
1376 3551 1423 3596 in
1458 3548 1670 3595 Sardinia
1700 3551 2050 3612 triumphasset,
