2150 3990
384 200 552 256 L.111.
595 218 639 255 ο.
664 199 872 255 xxvii.
916 198 954 270 g
979 203 1048 252 ss
1089 230 1161 238 -
1200 199 1453 253 cxxix.
1498 201 1537 272 ὅ
1562 203 1647 253 ss.
1829 202 1932 254 159

123 367 225 404 uno
257 365 466 424 quoque
486 350 753 429 loquitur,
792 365 964 420 neque
983 350 1301 421 cuiusquam
1334 356 1646 404 ornamenta
1678 351 1935 406 orationis

120 448 387 506 desiderat
406 490 420 515 ,
472 456 646 523 potest
677 449 961 523 quisquam
1000 449 1178 504 dicere
1216 464 1473 521 umquam
1512 448 1758 504 meliores
1778 490 1792 514 ,
1834 448 1934 504 for-

121 550 283 605 tiores
302 589 318 615 ,
356 550 744 605 constantiores
793 548 1100 604 consulares
1146 548 1310 604 fuisse
1329 591 1345 614 ,
1391 565 1553 621 quam
1587 549 1653 603 iis
1686 552 1933 622 tempori·

117 647 217 705 bus
264 653 321 706 et
358 650 614 722 periculis
633 693 649 716 ,
707 651 902 723 quibus
945 666 1113 722 paene
1162 666 1413 723 oppressa
1459 657 1541 705 est
1596 649 1933 722 respublica?

115 749 246 818 Quis
290 765 397 804 non
436 748 503 804 de
533 752 807 806 communi
845 750 1018 807 salute
1047 751 1415 823 apertissime,
1453 750 1578 823 quis
1615 766 1719 805 non
1759 749 1933 806 sortis·

112 834 276 926 sime,
333 850 455 922 quis
506 867 612 906 non
651 852 1082 909 constantissime
1120 851 1328 908 sensit?
1407 851 1574 920 Quis¹
1629 851 1775 907 dicat
1817 867 1934 906 sen·

111 949 310 1006 tentius
335 950 699 1008 consularium
732 952 899 1008 fuisse
930 952 1186 1036 leniores,
1225 951 1427 1018 Catuli,
1463 951 1705 1018 Servilii,
1744 952 1935 1008 Lucul-

115 1050 327 1116 lorum,
366 1051 648 1119 ourionis,
687 1037 975 1125 Torquati,
1032 1052 1253 1125 Lepidi,
1303 1050 1492 1118 Genii,
1546 1051 1801 1117 volcani,
1847 1052 1934 1109 Fi-

57 1148 75 1170 ⁰
111 1150 260 1222 guli,
295 1150 480 1207 Cottae
500 1193 515 1217 ‚
554 1153 612 1207 L.
635 1152 904 1218 Caesarie,
945 1153 1001 1207 G.
1022 1151 1259 1215 Pisonis,
1299 1152 1461 1206 etiam
1494 1150 1582 1205 Μ’.
1605 1137 1935 1217 Glabrionis,

118 1250 616 1315 Silani‚Murenae,
641 1250 1045 1321 designatorum
1065 1250 1372 1304 consulum!
1450 1255 1541 1304 87.
1581 1251 1798 1323 Neque²
1834 1268 1935 1323 ego

111 1351 396 1425 praecipue
433 1350 502 1407 de
529 1350 903 1406 consularibus
939 1349 1172 1421 disputo.
1249 1349 1383 1405 Nam
1410 1349 1541 1406 baec
1573 1357 1629 1405 et
1654 1350 1932 1408 bominum

107 1451 570 1510 ornatissimorum
586 1493 602 1517 ,
641 1451 734 1528 qui
761 1456 1035 1524 praetores
1068 1448 1317 1516 ruerunt,
1353 1457 1411 1507 et
1442 1452 1682 1507 universi
1713 1459 1934 1508 senatus

11 1613 13 1620 A
109 1553 524 1610 communis-est
562 1551 707 1608 laus:
765 1558 828 1607 ut
865 1557 1075 1607 constet
1093 1593 1108 1617 ‚
1147 1559 1267 1624 post
1305 1550 1584 1608 bominum
1616 1555 1932 1610 memoriam

11 1711 13 1724 ,
107 1663 401 1727 numquam
439 1655 496 1711 in
534 1653 625 1711 illo
649 1652 838 1709 ordine
876 1653 998 1726 plus
1027 1653 1250 1708 virtutis
1269 1695 1284 1719 ,
1323 1652 1445 1726 plus
1477 1655 1677 1710 amoris
1709 1655 1765 1709 in
1792 1671 1931 1711 rem·

11 1760 13 1786 ³
103 1755 421 1829 publicam‚-
455 1755 579 1830 plus
615 1755 900 1828 gravitatis
939 1754 1139 1817 suisse;
1197 1755 1466 1811 neminem
1514 1754 1679 1811 fuisse
1723 1772 1789 1811 ex
1842 1756 1932 1812 illo

105 1856 322 1913 honoris
353 1856 526 1931 gradu
545 1897 561 1923 ,
614 1857 712 1929 qui
751 1872 857 1913 non
903 1856 1051 1911 omni
1091 1855 1298 1921 studio,
1338 1858 1569 1922 virtute,
1609 1858 1930 1914 auctoritate

103 1957 411 2015 incubuerit
430 1957 498 2013 ad
517 1956 906 2030 rempublicam
936 1957 1377 2013 conservandam.
1430 1958 1641 2026 Quare⁸
1663 1957 1798 2012 nibil
1818 1966 1900 2014 est
1914 2001 1930 2023 ,

103 2058 246 2132 quod
282 2074 349 2115 ex
378 2065 531 2115 tanto
564 2058 829 2114 comitatu
866 2058 1107 2114 virorum
1145 2058 1600 2131 amplissimorum
1633 2075 1721 2115 me
1756 2074 1927 2114 unum

105 2158 401 2216 abstrahas·
480 2157 717 2230 Simplex
762 2157 999 2212 officium
1038 2157 1143 2214 suit
1179 2165 1342 2230 atque
1373 2173 1482 2214 una
1519 2158 1779 2214 bonorum
1817 2175 1927 2215 om-

105 2260 257 2315 niu-m
299 2273 507 2315 caussa.
584 2255 741 2312 Nulla
758 2255 887 2325 Juit
934 2257 1082 2313 enim
1134 2258 1190 2313 in
1242 2257 1516 2331 republica
1566 2274 1756 2315 caussa
1806 2276 1925 2316 mea

101 2361 333 2434 propria.
412 2359 648 2431 Tempus
678 2357 870 2429 agendi
905 2357 1010 2413 fuit
1029 2358 1204 2429 magis
1242 2357 1376 2413 mibi
1408 2360 1686 2431 proprium
1706 2402 1722 2426 ‚
1760 2375 1924 2432 quam

100 2459 295 2515 ceteris
311 2477 330 2514 τ
366 2457 563 2514 doloris
594 2473 721 2514 vero
759 2464 814 2513 et
854 2458 1068 2513 timoris
1107 2464 1165 2513 et
1207 2458 1434 2531 periculi
1473 2458 1578 2515 fuit
1610 2460 1702 2516 illa
1734 2477 1925 2516 caussa

97 2560 415 2616 communis,
491 2558 672 2632 Neque
701 2559 846 2615 enim
878 2559 1129 2633 princeps
1160 2566 1292 2615 tunc
1312 2560 1380 2615 ad
1410 2561 1640 2617 salutem
1679 2579 1797 2618 esse
1834 2580 1923 2635 po·

97 2662 322 2717 tuissem
341 2699 358 2727 ,
406 2661 618 2716 siesse
673 2660 766 2716 alii
815 2661 1040 2716 comites
1076 2660 1391 2717 noluissent.
1484 2662 1661 2730 Quare
1705 2680 1923 2720 necesse

54 2744 57 2750 ¹
97 2768 179 2816 est
197 2802 216 2827 ,
263 2758 406 2834 quod
441 2760 578 2816 mihi
612 2761 822 2817 consuli
861 2762 1214 2835 praecipuum
1252 2762 1357 2819 fuit
1393 2770 1609 2835 praeter
1644 2764 1777 2820 alios
1796 2808 1812 2831 ,
1865 2765 1919 2821 id

97 2862 204 2915 iam
250 2861 459 2932 privato
504 2877 635 2926 ‚cum
670 2862 869 2917 ceteris
914 2878 1031 2917 esse
1069 2878 1371 2924 commune.
1449 2864 1631 2936 Neque
1670 2881 1768 2937 ego
1819 2865 1919 2920 boc

98 2960 408 3033 partiendae
426 2961 677 3027 invidiae,
697 2961 792 3018 sed
811 2962 1291 3019 communicandae
1309 2963 1483 3018 laudis
1503 2980 1695 3020 caussa
1714 2964 1918 3038 loquor.

97 3060 285 3126 Oneris
314 3063 422 3119 mei
442 3068 650 3135 partem
684 3064 886 3119 nemini
920 3065 1194 3137 impertio,
1233 3064 1434 3136 gloriae
1465 3064 1619 3119 bonis
1650 3065 1915 3123 omnibus,

171 3238 356 3294 XXIX.
437 3244 525 3294 88.
578 3240 929 3295 Consulatus¹²
987 3241 1189 3311 igitur,
1255 3240 1413 3295 verbo
1471 3258 1657 3307 metm,
1730 3245 1914 3300 Patres

153 3429 191 3484 ¹)
225 3425 277 3470 ad
310 3429 401 3472 Att.
434 3430 528 3474 ΧΠ.
554 3433 629 3475 21.
655 3432 738 3487 §L
771 3456 829 3464 —
863 3435 901 3489 2)
938 3447 1010 3494 pro
1045 3430 1168 3478 Sulla
1201 3447 1237 3476 c.
1262 3434 1335 3475 29.
1367 3434 1483 3489 §82
1517 3459 1573 3468 —
1605 3436 1646 3493 ὅ)
1677 3433 1840 3481 Ibide.
1866 3440 1907 3481 3.

96 3505 180 3561 §a
209 3530 266 3539 -
299 3505 340 3564 4)
371 3503 479 3571 phil.
507 3509 560 3552 11.
595 3524 628 3551 c..
660 3511 699 3552 5.
730 3509 755 3565 ς
784 3510 853 3553 11.
