2210 3970
254 294 361 345 740
718 302 1047 343 ANNALES
1101 303 1613 341 cicssnonmui.

260 437 464 494 ἡσυχίαν
510 436 644 499 ἄγειν
677 432 893 480 ἐκποδὼν
925 431 1222 494 ἀμφοτέροις
1255 434 1506 496 γενόμενον
1527 468 1540 491 ,
1591 434 1850 495 θαυμάσας
1884 435 1911 481 ὁ
1944 433 2091 482 Komi-

258 533 378 577 ρων,
417 517 498 561 ὅτι
531 516 718 576 Καῖσαρ
756 514 908 565 αὐτὸς
944 512 1034 557 οὐκ
1073 510 1298 574 ἔγραψεν,
1337 510 1629 573 ἀπεκρίνατο
1662 514 1779 575 πρὸς
1814 513 1991 576 ὀργήν,
2029 513 2091 565 ὡς

260 592 405 640 οὐδὲν
439 593 638 644 ἀνάξιον
667 594 836 652 πράξει
870 594 965 637 τῶν
990 591 1426 650 πεπολιτευμένων.

337 695 423 770 (¹⁰)
465 697 683 761 Cicem,
725 697 816 767 qui
862 695 1017 749 modo
1052 696 1282 750 Formiis
1323 701 1466 759 erat,
1509 695 1664 750 modo
1705 697 1949 768 Capuae,
1991 713 2096 767 quo

259 798 542 869 aliquoties
574 815 698 852 cum
741 797 1049 852 consulibus
1084 797 1333 850 convenit
1374 803 1433 850 ut
1460 797 1524 851 de
1555 799 1784 851 summis
1818 797 1979 852 rebus
2013 795 2098 850 de-

260 898 547 962 iiberaret,
589 914 634 951 a.
673 898 722 950 d.
756 915 838 951 XV.
876 897 991 949 Kal.
1029 896 1182 950 Mart.
1225 897 1318 968 [z
1356 901 1422 949 15
1459 897 1616 951 Febr.
1652 903 1756 952 705
1798 920 1869 950 z
1905 901 1976 951 26
2007 897 2104 951 De·

265 998 466 1052 cemhr.
512 1002 582 1052 50
622 1014 668 1050 a.
708 996 789 1066 C.]
831 995 1109 1066 epistolam
1154 996 1351 1066 accipit
1389 1012 1419 1050 a
1455 997 1742 1068 Pompeio,
1783 1014 1889 1068 qua
1927 998 2103 1068 ipsum

265 1098 460 1151 invitat
518 1103 575 1150 ut
619 1096 685 1150 ad
726 1113 780 1149 se
821 1096 1101 1149 Luceriam
1150 1096 1358 1157 veniat3
1415 1113 1519 1166 quo
1569 1113 1734 1167 quum
1776 1097 1878 1150 iter
1933 1095 2109 1151 facere

266 1198 470 1269 coepit,
513 1197 719 1251 audivit
759 1198 861 1250 iter
896 1197 996 1249 sibi
1037 1213 1151 1250 esse
1187 1195 1564 1252 interclusum.
1607 1214 1715 1250 vm.
1755 1215 1800 1250 c.
1838 1201 1902 1251 15
1937 1202 1988 1250 et
2024 1200 2110 1250 14.

346 1298 433 1372 (¹¹)
476 1298 531 1351 L.
560 1298 855 1361 Domitius,
913 1297 1005 1367 qui
1045 1296 1262 1350 Corfinii
1311 1302 1426 1350 erat
1466 1313 1589 1350 cum
1640 1296 1949 1350 cohortibus
1999 1313 2107 1350 am-

263 1399 407 1473 plius
460 1417 565 1453 xxx
606 1415 905 1469 magnoque
950 1414 1177 1452 numero
1231 1403 1574 1462 senatorum,
1623 1414 1667 1451 a.
1706 1398 1956 1468 Pompeio
2005 1414 2111 1450 non

268 1506 637 1563 sustentatUS,
699 1515 821 1551 cum
865 1498 978 1567 ipso
1019 1497 1209 1568 oppido
1249 1503 1302 1550 et
1343 1498 1591 1551 omnibus
1635 1498 1802 1570 copiis
1842 1513 2111 1568 expugna-

267 1608 377 1655 tur.
459 1600 526 1652 At
560 1599 752 1652 Caesar
785 1597 1113 1660 Domitium,
1156 1597 1446 1651 Lentulum
1485 1597 1723 1668 aliosque
1753 1604 2024 1651 senatores
2058 1603 2111 1651 et

269 1702 478 1772 equites
517 1699 583 1753 ad
625 1715 681 1752 se
723 1697 944 1770 produci
988 1697 1166 1761 iubet,
1226 1703 1279 1751 et
1319 1715 1491 1769 pauca
1531 1698 1672 1771 apud
1718 1715 1806 1752 eos
1856 1697 2106 1760 locutuS,

269 1802 497 1856 dimittit
532 1816 716 1853 omnes
750 1799 1061 1852 incolumes,
1118 1816 1226 1852 v111.
1270 1816 1315 1853 c.
1343 1802 1431 1855 1⁶2..
1480 1803 1567 1854 27.
1611 1804 1774 1855 c.15.
1821 1802 1907 1852 37.
1947 1816 1994 1853 c.
2021 1804 2108 1852 17.

272 1906 362 1957 44.
404 1921 452 1958 c.
481 1906 567 1955 21.
613 1904 702 1954 53.

336 2006 485 2047 Cacsar
511 2006 556 2046 B.
578 2005 618 2045 C.
651 2013 679 2043 1.
707 2015 745 2043 c.
777 2003 847 2043 15.
887 2001 1046 2043 Caesar
1074 2015 1240 2043 omnem
1269 2016 1427 2060 agrum
1455 2000 1667 2043 Picenum
1689 1999 1927 2060 percurrit.
1998 2001 2110 2044 Cun-

273 2090 370 2126 ctae
404 2098 555 2125 earum
589 2080 815 2139 regionum
844 2077 1164 2137 praefecturae
1198 2075 1508 2120 libentissimis
1540 2077 1703 2120 animis
1746 2093 1843 2120 eum
1875 2076 2112 2136 recipiunt.

271 2176 306 2204 c.
327 2162 402 2203 16.
433 2160 620 2217 Recepto
643 2156 805 2201 Asculo
834 2155 1106 2216 expulsoque
1132 2155 1341 2203 Lentulo.
1384 2155 1544 2197 Caesar
1570 2180 1628 2187 -
1667 2153 1912 2214 Corfinium
1939 2161 2111 2198 conteu-

274 2236 357 2281 dit.
420 2252 457 2279 c.
492 2239 562 2278 17.
597 2237 659 2278 Re
692 2235 899 2295 cognita,
949 2234 1176 2277 Domitius
1221 2232 1281 2275 ad
1310 2232 1570 2293 Pompeium
1602 2232 1651 2275 in
1689 2230 1900 2292 Apuliam
1937 2225 2113 2292 peritos

270 2314 500 2375 regionum
534 2339 591 2346 —-
625 2313 800 2368 mittit,
851 2311 931 2372 qui
964 2318 1128 2372 petant
1166 2319 1301 2372 atque
1338 2317 1493 2365 orent,
1535 2317 1589 2354 ut
1620 2309 1709 2352 sibi
1747 2308 2009 2352 subveniat:
2052 2334 2112 2342 -—

274 2390 394 2452 quod
423 2390 516 2433 nisi
549 2389 748 2447 fecerit,
793 2405 839 2432 se
873 2391 1156 2450 cohortesque
1193 2388 1390 2450 amplius
1422 2401 1515 2433 xxx
1547 2403 1841 2449 magnumque
1882 2403 2111 2431 numerum

274 2475 528 2512 senatorum
563 2474 697 2526 atque
740 2467 939 2528 equitum
972 2469 1265 2511 Romanorum
1297 2466 1344 2510 in
1369 2466 1622 2527 periculum
1650 2482 1744 2510 esse
1775 2472 2019 2509 venturum.
2053 2490 2114 2499 -

273 2562 311 2591 e.
331 2549 403 2589 23.
437 2546 586 2587 Erant
619 2545 835 2587 senatorii
867 2544 1037 2589 ordinis
1070 2549 1118 2591 L.
1152 2546 1405 2602 Domitius,
1450 2547 1503 2589 P.
1536 2544 1755 2588 Lentulus
1789 2543 2026 2603 Spinther,
2061 2545 2112 2586 L.

281 2622 505 2667 Vibullius
534 2622 718 2680 Rufus,
763 2623 865 2665 Sex.
905 2623 1157 2679 Quintilius
1195 2626 1336 2667 Varus
1368 2630 1600 2683 quaestor,
1650 2624 1700 2666 L.
1729 2621 1957 2664 Rubrius:
1986 2637 2115 2681 prae·

277 2709 397 2745 terea
423 2699 562 2760 filius
591 2700 783 2742 Domitii
807 2699 977 2760 aliique
1010 2702 1258 2763 complures
1291 2699 1588 2744 adolescentes
1621 2706 1663 2743 et
1690 2713 1877 2758 magnus
1909 2714 2118 2742 numerus

275 2779 476 2839 equitum
503 2778 798 2821 Romanorum
833 2785 876 2821 et
899 2777 1182 2824 decurionum
1216 2806 1298 2823 -.
1363 2781 1455 2821 Hos
1482 2793 1629 2821 omnes
1646 2775 1890 2838 productos
1915 2793 1942 2819 a
1964 2784 2115 2820 contu·

275 2856 425 2900 meliis
448 2854 647 2898 militum
674 2855 971 2917 conviciisque
990 2856 1224 2918 prohibet:
1248 2872 1401 2917 pauca
1427 2855 1551 2918 apud
1576 2871 1647 2899 eos
1674 2855 1874 2915 loquitur
1905 2882 1989 2899 —.
2033 2855 2116 2899 Di·
2194 2858 2205 2903 f

277 2934 424 2978 mittit
450 2948 596 2976 omnes
627 2933 882 2977 incolumes.
947 2935 1130 2996 Appian.
1164 2939 1209 2978 Β.
1230 2937 1270 2978 C.
1302 2948 1352 2978 Π.
1381 2949 1415 2978 c.
1437 2936 1507 2977 38.
1543 2931 1590 2978 Ὁ
1608 2931 1660 2979 δὲ
1687 2939 1880 2995 Καῖσαρ
1911 2932 1963 2978 ἐν
1994 2938 2115 2995 Κορ-

234 3039 238 3043 ·
279 3015 429 3070 φινίῳ
471 3013 683 3056 Λεύκιον
731 3015 996 3071 Δομίτιον,
1050 3012 1133 3058 τὸν
1179 3010 1555 3072 ἐπιπεμφθέντα
1589 3015 1636 3058 οἱ
1683 3017 1763 3071 τῆς
1805 3015 1954 3077 ἀρχῆς
1985 3010 2114 3061 εἶναι
2180 3056 2183 3058 ,

277 3092 513 3148 διάδοχον
534 3125 546 3146 .,
583 3089 895 3150 καταλαβὼν,
939 3093 996 3138 οὐ
1028 3087 1210 3144 πάντας
1242 3092 1359 3152 ἄμφ’
1400 3092 1553 3138 αὐτὸν
1584 3093 1759 3150 ἔχοντα
1793 3096 1910 3146 τούς
1944 3112 2113 3154 τετρα-

279 3173 585 3229 κισχιλίους,
635 3171 943 3233 ἐπολιόρκει·
989 3176 1069 3217 καὶ
1107 3174 1154 3218 οἱ
1190 3173 1244 3219 τὸ
1280 3177 1554 3234 Κορφίνιον
1589 3177 1838 3226 οἰκοῦντες
1872 3177 2114 3237 φεύγοντα

276 3255 363 3299 τὸν
407 3255 650 3311 Δομίτιον
691 3252 815 3311 ἀμφὶ
869 3252 952 3303 τοὶς
994 3253 1147 3304 πύλας
1195 3253 1545 3313 καταλαβόντες
1587 3255 1649 3317 τῷ
1680 3258 1897 3316 Καίσαρι
1939 3253 2115 3316 προσή-
2175 3262 2186 3313 'J

279 3348 436 3396 γαγον.
504 3332 550 3376 Ὁ
581 3329 634 3376 δὲ
665 3331 748 3389 τήν
781 3329 869 3390 μὲν
902 3333 1137 3392 στρατιάν
1171 3333 1359 3389 αὐτοῦ,
1393 3333 1782 3395 προστιθεμένην
1813 3335 1884 3390 οἱ,
1923 3334 2112 3394 προθύ-

278 3428 375 3472 μως
413 3410 632 3466 ἐδέχετο,
689 3410 736 3462 ἐς
772 3409 1014 3472 ἐρέθισμα
1049 3413 1143 3456 τῶν
1184 3411 1362 3458 ἄλλων·
1404 3417 1647 3474 Δομίτιον
1681 3413 1724 3458 δ’
1757 3412 1906 3459 αὐτὸν
1938 3411 2108 3470 ἀπαθῆ

280 3492 396 3555 μετὰ
428 3491 522 3535 τῶν
551 3490 727 3536 ἑαυτοῦ
758 3491 1012 3551 χρημάτων
1043 3494 1258 3550 μεθῆκεν
1293 3494 1408 3538 ὅποι
1441 3493 1676 3553 βούλοιτο
1710 3493 1937 3539 ἀπιέναι·
1975 3491 2107 3538 ἑλπί-

282 3589 368 3625 σας
396 3569 508 3630 μὲν,
549 3572 663 3622 ἴσως
696 3571 778 3616 διά
804 3571 882 3627 τήν
906 3570 1137 3617 εὐποιίαν
1163 3575 1473 3634 παραμένεῖν,
1515 3574 1571 3621 οὗ
1594 3577 1806 3626 κωλίσας
1832 3575 1875 3620 δ’
1896 3574 1946 3627 ἐς
1979 3578 2105 3634 Πομ.
