2210 3970
200 246 317 298 564
671 255 1000 295 ANNALES
1056 255 1565 296 cmnnorzmm.

267 387 412 432 Livius
440 386 552 446 Epit.
593 387 664 431 89.
710 386 844 430 Sulla
885 385 1077 431 dictator
1104 385 1269 446 faetus
1299 411 1360 419 —-·
1393 386 1565 448 legibus
1601 386 1727 431 novis
1762 385 2032 446 reipublicae

213 474 384 512 statum
409 465 722 526 confirmavit,
764 464 1042 509 tribunorum
1069 464 1219 526 plebis
1241 471 1512 524 potestatem
1545 465 1711 509 minuit
1740 473 1785 510 et
1810 481 1933 509 omne
1968 466 2043 508 ius

209 545 355 606 legum
371 542 666 602 ferendarum
692 541 883 597 ademit,
906 541 1179 602 pontificum
1200 557 1506 602 augurumque
1525 541 1759 603 collegium
1779 542 2040 602 ampliavit,

207 628 262 665 ut
292 627 439 664 essent
469 618 718 680 quindecim
729 641 747 674 ,-
788 628 992 665 senatum
1024 638 1080 665 ex
1111 620 1307 681 equestri
1338 618 1489 663 ordine
1520 619 1746 681 supplevit
1761 641 1779 674 ,-
1812 620 2040 681 proscrip-

210 705 358 742 torum
390 696 543 741 liberis
574 697 648 741 ius
671 696 965 757 petendorum
997 697 1209 742 honorum
1239 698 1407 757 eripuit
1437 704 1482 741 et
1513 697 1625 742 bona
1655 713 1806 742 eorum
1829 695 2043 741 vendidit.

131 766 134 769 .
209 776 432 837 Appianus
458 778 503 819 B.
522 777 566 820 C.
599 788 631 820 1.
658 777 815 820 c.100.
847 774 1049 835 Νόμους
1082 791 1133 820 τε
1160 772 1321 824 ἐξέλυε
1358 774 1411 831 (ὁ
1439 777 1696 834 Σύλλας),
1732 778 1814 822 καὶ
1847 773 2044 836 ἑτέρους

208 853 443 902 ἐτίθετο·
489 857 571 899 καὶ
613 861 897 916 στρατηγεῖν
941 853 1116 898 ἀπεῖπε
1153 855 1268 914 πρὶν
1313 857 1607 913 ταμιεῦσαι,
1656 858 1738 901 καὶ
1780 853 2044 900 ὑπατεύειν

209 935 325 993 πρὶν
351 933 678 994 στρατηγῆσαι
694 948 705 959 ·
739 935 822 977 καὶ
854 931 938 990 τήν
966 931 1116 994 ἀρχήν
1142 930 1228 988 τήν
1253 929 1405 989 αὐτήν
1429 926 1583 984 αὖθις
1613 931 1782 994 ἄρχειν
1807 931 2041 987 ἐκώλυσε,

211 1014 326 1072 πρὶν
364 1008 447 1070 ἔτη
478 1009 597 1055 δέκα
627 1009 961 1073 διαγενέσθαι.
1026 1009 1121 1068 Τήν
1155 1007 1210 1056 δὲ
1240 1010 1334 1055 τῶν
1369 1009 1629 1073 δημάρχων
1661 1011 1812 1074 ἀρχήν
1846 1011 1934 1058 ἶσα
1962 1012 2044 1056 καὶ

210 1087 434 1148 ἀνεῖλεν,
479 1088 841 1150 ἀσθενεστάτην
889 1088 1162 1148 ἀποφήνας·
1211 1091 1294 1134 καὶ
1337 1093 1469 1152 νόμῳ
1513 1091 1758 1148 κωλύσας,
1809 1090 2048 1151 μηδεμίαν

210 1166 361 1226 ἄλλην
407 1168 493 1214 τόν
520 1167 768 1232 δήμαρχον
810 1169 962 1232 ἀρχήν
1000 1169 1075 1215 ἔτι
1117 1167 1304 1231 ἄρχειν.
1367 1168 1564 1215 Velleius
1599 1168 1631 1213 l.
1663 1185 1701 1214 c.
1732 1193 1794 1202 —
1825 1171 1887 1212 De
1923 1165 2051 1212 Sulla

209 1246 355 1309 plures
387 1247 678 1307 scripserunt,
722 1263 746 1292 e
784 1248 945 1310 quibus
977 1249 1221 1295 nominasse
1251 1246 1467 1293 sufficiat:
1498 1250 1604 1292 Dav.
1639 1250 1766 1297 Henr.
1801 1252 1847 1290 et
1879 1245 2050 1290 Godoir.

207 1326 338 1375 fleur.
377 1324 602 1382 Kleeditz‚
644 1324 697 1369 de
735 1328 785 1370 L.
818 1320 1010 1371 Cornelii
1042 1327 1199 1372 Sullae
1230 1325 1507 1371 monarchia-o
1544 1326 1755 1391 imperio.
1808 1322 2053 1370 Vitember-

208 1417 312 1462 gae,
346 1404 480 1446 1744.
516 1405 594 1446 40..
637 1406 688 1449 Η.
734 1408 786 1450 Μ.
829 1405 1138 1462 Vockestaert‚
1181 1405 1287 1450 niss.
1332 1404 1490 1449 Hister.
1527 1407 1619 1449 Iur.
1661 1401 1714 1447 de
1761 1403 1811 1447 L.
1849 1400 2048 1445 Cornelio

207 1478 342 1523 Sulla
383 1478 672 1540 Legislatore.
722 1482 858 1544 Lugd.
899 1487 992 1529 Bat.
1041 1487 1175 1529 1816.
1225 1487 1288 1530 80.
1355 1485 1399 1528 C.
1442 1479 1790 1537 S..Zachariae‚
1845 1478 1923 1524 der
1969 1478 2052 1522 Di-

205 1565 352 1602 ctator
387 1559 437 1602 L.
468 1558 698 1603 Cornelius
731 1560 877 1605 Sulla.
921 1560 1115 1606 Heidelb.
1154 1564 1289 1607 1834.
1337 1563 1367 1605 2
1395 1559 1496 1621 γοΙΙ.
1531 1562 1590 1605 8⁰.
1631 1557 1750 1604 Alex.
1782 1556 1971 1602 Wittich
2006 1563 2053 1601 et

208 1638 252 1679 C.
281 1634 521 1679 Ramshorn
538 1668 552 1692 ‚
586 1635 639 1680 de
659 1637 930 1698 reipublicae
955 1640 1176 1683 Romanae
1190 1638 1352 1698 somna
1367 1671 1382 1696 ‚
1414 1655 1504 1700 qua
1530 1640 1581 1684 L.
1603 1639 1725 1682 Corn.
1751 1635 1884 1680 Sulla
1905 1634 2046 1679 diota-

208 1719 280 1756 tor
311 1719 453 1756 totam
484 1729 575 1757 rem
605 1715 848 1758 Romanam
879 1714 1108 1760 ordinibus
1126 1749 1140 1772 ‚
1171 1716 1542 1777 maqistratibus‚
1585 1716 1780 1761 comitiis
1811 1721 2050 1759 commuta-

209 1790 286 1834 vit.
350 1790 545 1852 Lipsiae,
573 1794 692 1836 1834
720 1800 765 1837 et
798 1796 933 1838 1835.
968 1796 1027 1838 8⁰.
1073 1792 1133 1839 Cf.
1169 1797 1314 1855 Progr.
1349 1792 1556 1840 Scholast.
1590 1792 1644 1838 de
1676 1793 1882 1838 Romanis
1913 1796 2050 1838 Auto-

210 1867 458 1930 biographis
484 1886 526 1930 p.
549 1873 605 1913 13
632 1885 724 1932 sqq.
751 1913 760 1916 -

286 1988 348 2063 (2)
391 1988 530 2059 Lege
563 1988 805 2043 Cornelia
838 1988 1038 2044 iudicia
1077 1991 1487 2045 constituuntur
1525 1997 1580 2046 et
1614 1991 1681 2046 ad
1717 1992 2047 2046 senatorium

211 2088 454 2151 ordinem
483 2073 905 2145 transferuntur.
949 2109 984 2146 1.
1017 2109 1063 2146 c.
1087 2095 1176 2147 54.
1216 2096 1342 2148 108.
1382 2109 1438 2148 11.
1474 2108 1521 2146 c.
1550 2096 1638 2147 14.
1682 2096 1771 2147 58.

274 2190 610 2236 Pseudo-Ascon.
638 2190 686 2235 in
720 2191 906 2237 Divinat.
941 2209 983 2253 p.
1012 2195 1117 2238 103.
1154 2194 1198 2238 G.
1230 2192 1455 2238 Gracchus
1484 2192 1622 2255 legem
1654 2192 1825 2238 tulerat
1857 2194 1919 2252 [a.
1946 2194 1996 2238 U.
2013 2195 2060 2239 C.

217 2273 345 2331 631.]
372 2279 427 2321 ut
458 2273 629 2333 equites
661 2271 849 2314 Romam·
879 2270 1143 2316 iudicarent.
1207 2270 1525 2316 Iudicauerunt
1542 2287 1630 2332 per
1659 2286 1799 2315 armos
1825 2283 1880 2315 xl.
1914 2269 1992 2328 [ab
2019 2286 2057 2315 a.

217 2351 503 2408 631—673.]
536 2350 632 2394 siue
663 2348 872 2408 infamia.
937 2350 1050 2393 Post
1074 2350 1216 2397 victor
1248 2347 1382 2393 Sulla
1410 2348 1548 2409 legem
1574 2347 1775 2406 tulerat,
1807 2356 1860 2393 ut
1886 2356 2059 2392 senato·

218 2427 316 2471 rius
343 2426 448 2470 ordo
478 2426 702 2471 iudicaret
716 2447 735 2481 ,-
776 2434 821 2471 et
851 2426 1070 2471 iudicavit
1088 2444 1174 2488 per
1205 2440 1236 2472 x
1261 2442 1402 2473 annos
1429 2425 1508 2486 [ab
1541 2443 1580 2471 a.
1599 2429 1882 2486 673—683.]
1915 2427 2062 2487 turpi-

221 2511 301 2553 ter.
377 2502 460 2548 Csr.
504 2520 544 2563 p.
579 2505 654 2547 99.
683 2506 788 2548 145.
818 2507 921 2549 149.
964 2505 1202 2550 Scholiasta
1244 2504 1540 2555 Gronovianus
1575 2503 1625 2548 in
1662 2505 1852 2551 Divinat.
1886 2523 1926 2567 p.
1955 2509 2059 2566 384.

226 2582 376 2631 Victor
403 2581 535 2625 Sulla
566 2581 712 2640 multa
737 2581 961 2625 commoda
992 2599 1021 2624 a
1043 2581 1215 2642 populo
1246 2580 1310 2625 ad
1336 2582 1610 2646 senatorium
1639 2581 1836 2627 ordinem
1862 2591 2061 2628 transtu-

219 2659 340 2726 „lerat
350 2681 368 2714 ;
399 2661 448 2704 iu
475 2659 546 2704 his
578 2660 715 2704 etiam
738 2657 971 2712 iudicandi
983 2665 1268 2719 potestatem.
1331 2660 1427 2710 Non
1449 2659 1565 2703 enim
1591 2661 1790 2720 equites,
1821 2663 1940 2708 sicut
1961 2678 2060 2707 con-

223 2738 412 2789 suetudo
439 2746 561 2795 erat,
586 2730 670 2788 'sed
692 2725 917 2789 seuatores
938 2735 1140 2790 iudicare
1148 2738 1392 2799 praecepit.
1433 2737 1495 2784 Cf.
1513 2739 1690 2784 Tacitus
1706 2743 1820 2784 Ann.
1839 2752 1904 2786 xl.
1931 2756 1967 2790 c.
1987 2742 2059 2784 22.

224 2815 416 2868 Velleius
444 2828 495 2860 11.
528 2830 563 2859 c.
582 2817 655 2860 32.
683 2818 725 2859 3.
759 2816 822 2872 [v.
840 2813 893 2859 ad
911 2829 947 2867 a.
967 2816 1070 2859 648.
1102 2817 1143 2859 ’1.
1175 2823 1220 2860 et
1243 2818 1348 2862 684.
1377 2817 1443 2874 1.]

303 2926 366 3002 (3)
405 2926 591 2982 Cicero
640 2926 878 3002 primum
932 2925 999 2980 ad
1048 2943 1266 2982 caussas
1317 2932 1372 2982 et
1422 2928 1660 2999 privatas
1713 2934 1766 2983 et
1822 2927 2064 3012 publicas

227 3027 376 3083 adire
415 3027 604 3100 coepit.
645 3045 681 3082 1.
719 3044 765 3082 c.
797 3031 886 3082 55.
933 3031 1056 3082 109.
1136 3028 1207 3082 Et
1246 3045 1450 3083 annum
1489 3029 1681 3084 aetatis
1721 3045 1885 3101 agens
1920 3046 2059 3084 xxw.

226 3129 459 3207 primam
513 3145 761 3192 caussam
812 3128 1078 3200 privatam
1135 3128 1268 3184 dicit
1314 3146 1411 3202 pro
1467 3128 1532 3184 P.
1580 3129 1785 3193 Quintio
1824 3130 1965 3202 apud
2005 3130 2060 3184 C.

228 3229 506 3300 Aquilium
541 3229 751 3284 Gallum
782 3229 1042 3295 iudicem,
1099 3236 1287 3285 contra
1321 3230 1380 3299 Q.
1415 3231 1797 3296 Hortensium,
1837 3231 1929 3302 qui
1963 3230 2063 3286 hoc

232 3326 431 3383 iudicio
459 3335 639 3401 partes
670 3330 999 3385 accusatoris
1033 3330 1322 3386 obtinebat.

291 3429 375 3474 cio.
402 3446 478 3491 pro
504 3430 659 3490 Quint.
686 3446 722 3475 c.
749 3434 790 3476 6.
816 3434 889 3477 24.
922 3433 1060 3476 Roma
1086 3431 1312 3492 egreditur
1331 3439 1436 3477 aute
1462 3431 1578 3477 diem
1595 3445 1658 3478 lv.
1685 3432 1783 3476 Kal.
1813 3433 1937 3477 Febr.
1967 3433 2062 3476 Sci·

218 3508 353 3578 piane
385 3514 428 3552 et
460 3509 661 3556 Norbano
691 3526 800 3556 coss.
834 3513 896 3569 [a.
925 3512 973 3556 U.
1001 3513 1044 3555 C.
1074 3512 1203 3569 671.]
1245 3526 1283 3558 c.
1310 3514 1351 3558 7.
1380 3513 1454 3557 29.
1493 3510 1570 3555 Ita
1601 3517 1747 3556 tamen
1788 3509 2058 3566 disceditur,
