2150 3990
542 202 592 256 L.
619 203 702 257 lv.
745 219 789 255 c.
816 202 878 257 11.
923 201 961 274 S
988 208 1018 256 5
1060 232 1134 241 -—
1175 219 1220 254 c.
1245 202 1333 256 111.
1379 201 1417 275 S
1443 208 1491 256 8.
1823 212 1921 261 157

113 354 336 414 nuntius
367 352 433 408 ad
472 369 594 419 me,
641 352 850 409 nullum
891 352 1181 415 indicium,
1221 351 1396 407 nullae
1434 350 1645 408 litterae
1677 368 1924 425 pervene-

115 458 273 518 runt,
314 451 457 508 nulla
497 454 744 525 suspicio.
823 451 1027 518 Huius¹
1079 452 1246 522 igitur
1281 467 1531 506 caussam
1575 455 1816 525 suscepi,
1873 464 1927 510 et

115 552 216 608 feci
266 552 522 618 libenter,
582 561 643 609 ut
688 571 804 619 me,
852 567 1013 626 quem
1054 552 1177 608 boni
1210 558 1545 608 constantem
1577 569 1817 626 semper,
1867 562 1929 610 ut

112 670 294 725 spero,
332 653 764 719 existimassent,
804 654 1048 716 eumdem
1097 670 1162 708 ne
1209 653 1435 725 improbi
1481 654 1698 725 quidem
1742 656 1930 710 crude-

114 753 218 812 lem
259 753 517 812 dicerent.

187 954 282 1012 111.
362 961 411 1012 7.
456 957 595 1014 Sed²
633 958 762 1030 quid
795 975 893 1031 ego
925 964 1048 1014 utor
1080 958 1179 1013 hac
1200 974 1327 1014 voce
1346 958 1414 1013 ad
1441 974 1527 1013 me
1554 956 1931 1030 purgandum?

115 1056 328 1113 Etenim
347 1061 389 1122 ³,
435 1058 485 1113 si
537 1059 631 1131 qui
666 1059 808 1132 ipsas
846 1075 1064 1116 caussas
1093 1058 1415 1116 contendere
1452 1058 1654 1125 velint,
1705 1058 1936 1113 mirari⁴

114 1156 393 1223 desinent,
432 1174 547 1223 me,
587 1159 680 1230 qui
719 1160 979 1214 Autronio
1025 1159 1322 1225 abfuerim,
1374 1159 1577 1215 Sullam
1618 1158 1933 1214 defendisse.

116 1257 680 1324 QuaeenimuAutronii
701 1256 805 1311 fuit
825 1257 1045 1314 caussa?
1059 1274 1197 1328 quae
1218 1258 1396 1312 Sullae
1415 1258 1567 1312 erat?
1585 1258 1684 1314 Ille
1703 1258 1938 1318 ambitus

114 1354 603 1414 iudiciumtollere,
629 1371 692 1410 ac
724 1354 1029 1410 disturbare
1067 1356 1306 1427 primum
1344 1355 1575 1411 conflato
1620 1356 1790 1412 voluit
1827 1357 1935 1428 gla-

113 1456 389 1519 diatorum
414 1470 492 1516 acss
511 1454 861 1528 fugitivorum
883 1456 1152 1522 tumultu,
1190 1456 1413 1522 deinde,
1453 1457 1507 1512 id
1533 1457 1676 1531 quod
1700 1458 1937 1513 vidimus

50 1616 56 1629 „
111 1572 295 1615 omnes
314 1586 345 1623 ,a
381 1555 704 1631 lapidatione
753 1563 915 1630 atque
964 1574 1250 1614 concursu.
1329 1558 1506 1624 Sulla,
1557 1560 1603 1614 si
1650 1559 1754 1615 sibi
1802 1574 1939 1614 suus

112 1657 285 1732 pudor
314 1674 378 1716 ac
398 1657 640 1730 dignitas
670 1673 778 1713 non
811 1657 1120 1731 prodesset,
1160 1658 1369 1715 nullum
1407 1658 1672 1715 auxilium
1712 1660 1936 1732 requisi·

113 1760 241 1817 vitu
284 1759 702 1818 llledamnatus
735 1759 812 1816 ita
854 1776 912 1815 se
943 1759 1198 1831 gerebat,
1250 1777 1361 1819 non,
1392 1761 1567 1817 solum
1611 1760 1853 1817 consiliis
1884 1767 1938 1816 et

113 1858 484 1926 sermonibus,
522 1858 711 1916 verum
742 1861 909 1916 etiam
939 1867 1164 1934 aspectu
1184 1867 1345 1933 atque
1377 1860 1562 1927 vultu,
1603 1869 1664 1917 ut
1686 1861 1942 1916 inimicus

113 1947 607 2034 esaesamplissimis
637 1960 953 2026 ordinibus,
992 1960 1221 2018 infestus
1259 1961 1414 2017 bonis
1449 1962 1729 2027 omnibus,
1769 1961 1939 2018 bostis

114 2060 317 2133 patriae
354 2059 644 2118 videretur.
723 2061 823 2117 Hic
850 2078 907 2116 se
934 2062 1010 2115 ita
1043 2060 1275 2116 fractum
1303 2061 1395 2116 illa
1434 2062 1739 2117 calamitate
1776 2068 1938 2133 atque

113 2161 371 2219 afflictum
414 2161 625 2233 putavit
645 2202 659 2226 ,
692 2166 762 2216 -ut
801 2160 936 2215 nibil
969 2160 1072 2215 sibi
1102 2177 1168 2216 ex
1202 2161 1432 2233 pristina
1470 2161 1733 2232 dignitate
1754 2178 1939 2233 super·

114 2277 230 2316 esse
278 2260 660 2326 arbitraretur,
699 2261 804 2316 nisi
844 2259 985 2332 quod
1019 2260 1279 2315 modestia
1324 2262 1653 2325 retinuisset.
1733 2265 1784 2315 8.
1830 2261 1937 2317 Hac

114 2379 240 2417 vero
268 2363 329 2419 in
347 2363 723 2419 coniuratione
761 2361 891 2433 quid
931 2367 1043 2416 tam
1076 2362 1457 2426 coniunctum,
1496 2379 1661 2433 quam
1694 2362 1781 2421 ille
1812 2379 1938 2419 cum

115 2461 503 2529 Catilina,·cum
517 2460 775 2519 Lentulo?
797 2477 934 2533 quae
954 2466 1104 2516 tanta
1124 2461 1351 2516 societas
1371 2460 1496 2515 ullis
1517 2462 1659 2516 inter
1677 2478 1735 2516 se
1754 2478 1937 2518 rerum

114 2662 255 2735 quod
288 2662 555 2733 flagitium
586 2661 846 2718 Lentulus
880 2679 982 2716 non
1011 2678 1138 2716 cum
1177 2662 1438 2716 Autronio
1469 2663 1755 2735 concepit?
1798 2664 1937 2735 quod

27 2803 31 2812 .
114 2764 230 2819 sine
273 2762 462 2821 eodem
521 2762 610 2820 illo
659 2762 888 2819 Catilina
939 2762 1148 2818 facinus
1192 2762 1450 2818 admisit?
1505 2781 1673 2834 quum
1721 2766 1936 2821 interim

118 2863 268 2924 Sulla>
288 2880 415 2920 cum
440 2863 641 2920 eisdem
660 2864 777 2919 *illis
797 2882 903 2919 non
930 2864 1086 2920 modo
1107 2871 1318 2919 noctem
1349 2864 1801 2937 solitudinemque
1834 2884 1939 2920 non

27 2993 29 2999 =
116 2971 398 3038 quaereret
416 3007 433 3031 ,
483 2964 578 3021 sed
610 2981 678 3019 ne
713 2965 972 3021 mediocri
1005 2965 1223 3038 quidem
1268 2983 1512 3020 sermone
1556 2972 1611 3020 et
1648 2983 1941 3037 congressu

116 3067 550 3139 coniungeretur.
627 3065 785 3122 Illum
829 3066 1137 3139 Allobroges
1151 3110 1166 3133 ‚
1225 3069 1586 3122 maximarum
1631 3083 1815 3122 rerum
1853 3086 1939 3125 ve·

116 3168 317 3223 rissimi
350 3166 584 3231 indiceS,
625 3165 778 3220 illum
806 3166 1100 3222 multorum
1134 3167 1344 3222 litterae
1374 3184 1434 3222 ac
1476 3168 1655 3222 nuntii
1687 3185 1937 3240 coargue-

116 3275 277 3324 runt:
321 3267 524 3324 Sulla-m
569 3269 773 3322 interea
812 3285 967 3323 nemo
1007 3270 1368 3334 insimulavit,
1422 3287 1577 3324 nemo
1622 3272 1933 3326 nominavit.

117 3431 155 3490 Ι)
187 3429 295 3477 lbid.
326 3448 365 3478 c.
400 3435 442 3478 6.
476 3433 591 3490 §20.
625 3457 682 3464 —
718 3433 754 3490 ²)
786 3447 861 3492 pro
890 3431 1014 3477 Sulla
1048 3449 1083 3479 c.
1120 3437 1165 3483 5.
1188 3437 1211 3491 ᾧ
1232 3437 1303 3479 14.
1338 3460 1397 3469 —
1429 3437 1467 3494 5)
1501 3435 1546 3479 in
1566 3434 1690 3481 Catil.
1711 3439 1763 3480 lt.
1794 3452 1830 3483 c.
1862 3441 1933 3481 11.

109 3509 224 3564 §252
261 3534 319 3544 —
350 3511 395 3569 4)
427 3527 502 3571 pro
533 3508 658 3554 Sulla
688 3524 723 3554 c.
757 3513 796 3554 5.
821 3512 845 3566 ᾗ
868 3513 935 3554 14.
