2150 3990
223 251 326 302 239.
792 264 1003 301 alcano
1052 263 1119 299 ΒΕ
1169 263 1305 299 viu
1354 260 1457 299 suit

212 397 521 452 dissentiret
566 396 768 462 hostiS,
821 397 978 469 idque
1031 399 1206 468 ipsum
1244 395 1441 450 tabulis
1487 392 1714 466 publicis
1752 392 2026 452 mandare-

212 504 331 562 tur,
361 497 427 552 ad
447 498 762 553 memoriam
783 499 981 570 posteri
1001 498 1257 568 temporis
1278 497 1684 568 sempiternam:
1721 499 1809 549 85.
1851 495 2026 550 vel——

209 597 351 669 quod
377 604 460 653 est
496 598 751 670 postridie
787 598 1063 652 decretum
1094 599 1148 650 in
1179 597 1353 660 curia,
1393 595 1575 667 populi
1603 595 1772 666 ipsius
1799 594 2025 649 Romani

209 704 264 752 et
320 714 542 762 eorum,
613 698 705 768 qui
775 713 840 751 ex
897 696 1209 767 municipiis
1268 702 1660 760 convenerant,
1720 694 2026 758 admonitu,

210 813 286 852 ne
328 797 473 868 quis
517 795 590 850 de
635 795 811 849 caelo
857 801 1175 849 servaret:
1230 811 1304 848 ne
1349 795 1494 865 quis
1544 809 1783 848 moram
1830 792 2025 848 ullam

213 895 507 952 afferret:
550 897 603 949 si
643 896 787 966 quis
820 894 1016 949 aliter
1047 893 1345 957 fecisset,
1385 909 1521 948 eum
1563 894 1748 965 plane
1787 909 2028 948 everso-

210 1013 341 1050 rem
392 994 805 1066 reipuhlicae
852 990 1012 1058 fore,
1065 993 1260 1064 idque
1299 999 1592 1047 senatum
1635 993 2030 1063 *gravissime

208 1095 518 1149 laturum:
572 1099 634 1148 et
684 1100 755 1148 ut
806 1094 1031 1148 statim
1082 1091 1155 1146 de
1209 1093 1349 1146 eius
1400 1090 1573 1146 facto
1624 1090 2027 1146 referretur?

209 1194 326 1262 Qua
376 1195 640 1266 gravitate
693 1210 791 1248 sua
842 1196 1011 1265 quum
1070 1191 1323 1263 frequens
1379 1196 1600 1246 senatus
1651 1190 2028 1245 nonnullorum

207 1295 384 1350 scelus
417 1295 803 1366 audaciamque
834 1294 1129 1357 tardasset,
1169 1299 1351 1347 tamen
1390 1290 1523 1345 illud
1548 1290 1781 1356 addidit,
1821 1292 1875 1346 si
1908 1290 2029 1346 die-

208 1396 329 1451 bus
362 1397 670 1468 quinque,
702 1393 937 1467 quibus
970 1394 1074 1464 agi
1106 1392 1180 1447 de
1208 1409 1303 1447 me
1334 1393 1681 1464 potuisset,
1709 1408 1831 1446 non
1858 1397 2029 1447 esset

207 1502 456 1561 actum,
503 1494 782 1550 redirem
822 1495 886 1548 in
925 1493 1233 1564 patriam,
1286 1491 1611 1561 dignitate
1649 1492 1818 1546 omni
1856 1507 2029 1545 recu-

203 1603 443 1668 perata.

282 1794 517 1852 XXXIV.
597 1800 686 1851 86.
727 1797 974 1852 Decrevit
996 1801 1013 1833 ¹
1050 1794 1235 1850 eodem
1267 1797 1782 1867 tempore'senatuS,
1822 1800 1892 1849 ut
1925 1795 2031 1859 iis,

206 1896 315 1969 qui
347 1913 421 1952 ex
453 1903 591 1951 tota
623 1896 818 1951 Italia
849 1895 1088 1950 salutis
1113 1910 1288 1949 meae
1313 1909 1545 1949 caussa
1570 1901 2030 1959 convenerant,

206 1998 872 2068 agerentur'gratiae,
913 2002 1106 2067 atque
1145 2002 1215 2050 ut
1254 1994 1472 2060 iidem,
1513 1993 1589 2048 ad
1626 2011 1729 2048 res
1766 1994 2029 2050 redeun-

203 2103 301 2151 tes
339 2103 409 2151 ut
446 2096 774 2160 venirent,
814 2101 1223 2166 rogarentur.
1302 2095 1445 2148 Haec
1484 2100 1600 2149 erat
1639 2094 1941 2150 studiorum
1975 2095 2031 2148 in

204 2213 326 2252 mea
357 2195 531 2251 salute
552 2195 872 2250 contentio:
914 2199 977 2250 ut
1016 2194 1085 2259 ii,
1123 2193 1218 2266 qui
1257 2208 1289 2247 a
1327 2198 1519 2248 senatu
1557 2192 1623 2247 de
1654 2209 1742 2248 me
1773 2193 2028 2264 rogaban-

207 2305 327 2363 tur,
379 2297 541 2352 iidem
573 2297 786 2352 senatui
817 2312 914 2368 pro
952 2311 1040 2350 me
1079 2293 1458 2367 supplicarent.
1539 2295 1714 2366 Atque
1746 2296 1822 2348 ita
1854 2295 1911 2348 in
1949 2293 2033 2348 his

207 2398 369 2454 rebus
395 2406 561 2451 'unus
601 2402 684 2450 est
721 2395 866 2450 solus
912 2396 1192 2460 inventuS,
1251 2396 1346 2466 qui
1383 2394 1468 2449 ah‘
1488 2394 1589 2450 hac
1626 2401 1740 2450 tam
1793 2396 2034 2466 impensa

206 2497 480 2552 voluntate
512 2495 773 2550 honorum
811 2494 985 2565 palam
1026 2493 1310 2549 dissideret
1329 2537 1344 2558 ‚
1397 2501 1459 2549 ut
1483 2495 1660 2549 <etiam
1694 2493 1754 2562 Q.
1791 2493 2033 2549 Metellus

208 2596 422 2662 consul,
462 2596 556 2668 qui
584 2593 719 2649 mihi
746 2593 829 2647 vel
861 2594 1094 2648 maxime
1126 2610 1192 2647 ex
1224 2595 1436 2664 magnis
1468 2594 1899 2648 contentionibus
1932 2596 2031 2649 rei-

209 2698 453 2772 publicae
504 2695 695 2750 fuisset
741 2694 1023 2759 inimicuS,
1076 2693 1142 2749 de
1192 2710 1313 2749 mea
1351 2693 1524 2749 salute
1573 2693 1836 2748 retulerit.
1929 2694 2032 2762 Qui

208 2799 476 2855 excitatus
502 2811 714 2850 summa
745 2811 913 2866 quum
941 2793 1262 2849 auctoritate
1287 2794 1344 2849 P.
1373 2793 1610 2858 Servilii,
1649 2799 1769 2848 tum
1801 2791 2031 2865 quadam

211 2900 475 2972 gravitate
524 2895 765 2960 dicendi,
817 2912 985 2968 quum
1025 2895 1115 2950 ille
1151 2911 1335 2950 omnes
1373 2908 1547 2967 prope·
1575 2894 1641 2949 ab
1679 2893 1867 2950 inferis
1917 2900 2032 2951 evo-

210 3007 385 3056 casset
435 2997 693 3063 Metellos,
751 3003 805 3052 et
850 2995 917 3051 ad
962 2995 1106 3050 illius
1158 2997 1398 3068 generiS‚
1451 2995 1592 3068 quod
1644 2995 1745 3050 sihi
1796 3012 1938 3052 cum·
1973 3013 2033 3051 eo

213 3116 498 3156 commune
536 3103 706 3162 esset,
746 3097 1090 3168 dignitatem,
1130 3097 1416 3169 propinqui
1457 3097 1541 3151 sui
1581 3102 1815 3151 mentem
1855 3112 1886 3150 a
1924 3096 2033 3151 Clo-

215 3201 387 3256 dianis
437 3197 738 3253 latrociniis
777 3196 1107 3258 reflexisset;
1161 3213 1434 3268 quumque
1474 3211 1598 3250 eum
1638 3193 1705 3250 ad
1758 3194 2035 3250 domestici

217 3299 442 3371 exempli
493 3299 805 3355 memoriam
861 3303 913 3351 et
966 3296 1030 3351 ad
1070 3296 1340 3352 Numidici
1394 3295 1539 3351 illius
1571 3295 1764 3351 Metelli
1807 3313 2032 3360 casum,

277 3538 313 3596 ³)
349 3534 443 3580 Ibid
490 3552 523 3580 c.
544 3539 613 3582 62.
649 3538 793 3595 §129.
