2210 3970
274 247 379 298 864
836 251 1544 304 VATINIUs——znnm

337 399 384 439 P.
418 398 693 449 Vatinius,
735 397 834 438 trib.
870 397 930 452 pl.
964 391 1216 456 legemfert
1254 400 1304 436 ut
1347 397 1480 443 Gallia
1503 409 1612 439 ,cum
1645 397 1813 451 Illyrico
1857 400 2111 448 decernatur

271 464 432 504 Caesari
467 477 508 517 p.
531 463 638 504 660.
673 465 795 503 testis
830 464 875 503 in
909 470 1066 503 caussa
1085 462 1275 502 Sextiana
1294 491 1306 514 ,
1342 466 1545 516 perpetua
1578 463 1913 517 Interrogatione
1941 482 1965 508 a
1985 471 2107 513 ,Cice-

269 543 373 570 rone
407 520 689 584 reprehensus
722 529 830 570 696.
863 542 889 571 a
917 531 960 570 C.
991 529 1149 569 Licinio
1183 529 1316 569 Macro
1345 528 1468 569 Calv‘o
1502 534 1724 571 accusatus
1757 531 1866 575 696.
1901 534 2103 577 defensus

263 609 288 636 a
315 596 521 637 ‘Cicerone
554 595 662 638 708.

334 663 572 703 Velleius
608 663 852 702 Paterculus
887 675 973 715 quo
1005 664 1193 716 tempore
1228 661 1359 701 libros
1391 675 1491 702 suos
1526 663 1743 716 scripserit
1781 662 1889 708 617.
1924 666 2034 710 817.

311 729 599 769 'Veneficii
632 733 855 769 accusatur
886 728 935 768 A.
965 728 1184 768 Cluentius
1213 727 1360 768 Avitus
1394 727 1501 771 597.

201 844 204 848 ¹
331 797 375 835 C.
411 796 627 846 Verres,
671 799 871 848 quaestor
914 792 1068 848 Papirii
1101 794 1299 834 Carbonis
1332 795 1378 833 in
1413 795 1545 834 Gallia
1577 796 1686 836 559.
1731 794 1896 848 legatus
1930 803 1974 839 et
2006 813 2102 853 pro·

261 866 462 914 quaestor
493 862 729 901 Dolabellae
766 862 812 900 in
845 861 944 901 Asia
981 860 1090 903 567.
1135 865 1303 913 praetor
1336 859 1524 899 urbanus
1563 861 1671 901 580.
1722 861 1901 902 Siciliam
1933 867 2102 918 provin-

263 928 369 968 ciam
409 941 485 981 per
518 928 749 967 triennium
784 931 1053 980 propraetore
1093 926 1259 966 obtinet
1290 925 1398 966 581.
1443 939 1468 966 a
1504 926 1655 965 Siculis
1695 929 1937 981 postulatur
1981 943 2099 985 repe-

262 994 490 1035 tundarum
537 994 645 1034 585.
694 993 935 1033 defenditur
978 993 1030 1032 ab
1064 992 1287 1032 Hortensio
1306 1021 1318 1043 ,
1354 996 1501 1032 contra
1534 991 1704 1033 dicente
1750 993 1949 1036 Cicerone
1987 996 2096 1039 587.

261 1065 359 1115 post
392 1061 567 1115 primam
599 1060 820 1100 Actionem
848 1059 936 1100 abit
967 1059 1013 1098 in
1042 1059 1234 1098 exsilium
1273 1059 1381 1099 588.

327 1127 536 1167 Vestem
569 1131 706 1167 mutat
737 1126 905 1174 Cicero,
941 1138 1039 1165 reus
1073 1126 1167 1178 lege
1200 1125 1341 1165 Clodia
1372 1123 1480 1167 667.
1515 1125 1626 1166 idem
1654 1125 1848 1180 faciunt,
1883 1131 2096 1182 tamquam

259 1193 304 1233 in
338 1193 460 1234 luctu
492 1193 664 1247 publico
683 1222 695 1244 ,
730 1193 895 1245 equites
930 1195 975 1232 et
1002 1196 1218 1232 senatores
1251 1191 1359 1232 668.

324 1261 370 1301 L.
406 1260 620 1300 Vettius
653 1259 778 1299 index
809 1259 917 1299 645.

325 1327 378 1367 de
411 1327 470 1367 Vi
504 1330 727 1366 accusatur
760 1327 804 1366 P.
833 1325 994 1366 Sextius
1032 1325 1141 1365 695.
1174 1324 1340 1365 Annius
1373 1323 1471 1364 Milo
1506 1323 1616 1368 717.
1651 1325 1699 1378 Q.
1728 1325 1916 1379 Ligarius
1949 1326 2058 1370 766.

324 1393 539 1445 Vibius,
571 1393 696 1432 homo
730 1392 896 1432 Siculus
915 1421 927 1444 ,
962 1393 1204 1432 Ciceronem
1237 1391 1391 1445 excipit
1428 1391 1474 1431 in
1515 1391 1662 1431 exsilio
1699 1390 1790 1434 675
1829 1405 1895 1447 sq.

322 1459 368 1501 C.
403 1460 589 1500 Vibius
635 1460 769 1499 Pansa
801 1459 992 1499 Ciceroni
1025 1472 1048 1498 a
1082 1458 1253 1498 Caesare
1299 1458 1499 1498 nuntium
1530 1458 1691 1512 perfert
1727 1456 1837 1502 753.
1886 1461 1999 1515 apud
2032 1462 2096 1502 Ci-

256 1538 453 1566 ceronem
486 1526 665 1566 dicendo
709 1529 927 1566 exercetur
963 1524 1054 1567 763
1092 1537 1155 1577 sq.
1202 1525 1470 1564 consulatum
1503 1512 1557 1580 (a.
1589 1514 1702 1578 711)
1737 1525 1847 1577 gerit
1877 1524 1986 1568 799.
2031 1541 2096 1568 re-

254 1593 338 1633 fert
366 1593 418 1633 de
445 1592 678 1632 honoribus
706 1592 816 1632 bene
850 1592 903 1631 de
937 1604 1026 1645 rep.
1059 1591 1304 1631 meritorum
1336 1589 1445 1633 799.
1480 1590 1667 1630 consulit
1698 1595 1893 1632 senatum
1926 1593 1978 1633 de
2011 1593 2097 1648 Ap-

254 1659 324 1713 pia
351 1661 418 1700 via
455 1663 499 1699 et
537 1660 588 1699 de
622 1659 787 1698 Moneta
819 1659 927 1699 802.
970 1658 1100 1698 refert
1143 1657 1196 1697 de
1229 1657 1390 1697 honore
1430 1657 1517 1698 Ser.
1554 1657 1759 1710 Sulpicii,
1804 1658 1851 1697 in
1879 1659 2090 1711 legatione

252 1727 410 1766 mortui
441 1726 550 1766 804.
595 1725 790 1766 laudibus
824 1729 947 1765 ornat
979 1725 1043 1786 M..
1060 1725 1236 1764 Brutum
1273 1724 1382 1765 805.
1429 1724 1617 1764 consulit
1649 1728 1843 1764 senatum
1875 1725 1928 1765 de
1963 1727 2092 1781 impe—

253 1797 391 1833 ratore
435 1792 642 1833 mittendo
682 1792 735 1832 ad
780 1791 1121 1845 persequendum
1155 1790 1411 1830 Dolabellam
1448 1788 1558 1832 807.
1604 1790 1734 1830 refert
1767 1790 1820 1830 de
1853 1790 2003 1843 legatis
2036 1793 2090 1832 ad

251 1858 484 1899 Antonium
517 1858 735 1898 mittendis
767 1858 876 1898 809.
913 1857 1196 1911 proficiscitur
1228 1857 1282 1896 ad
1313 1856 1474 1895 bellum
1507 1855 1603 1896 c'um
1636 1854 1821 1895 Antonio
1856 1858 2090 1908 gerendum

255 1925 365 1966 810.
399 1926 444 1965 in
479 1925 636 1979 praelio
669 1925 722 1965 ad
760 1925 911 1964 Forum
950 1924 1164 1964 Gallorum
1197 1923 1444 1962 vulneratus
1465 1951 1476 1973 ,
1522 1922 1732 1962 Bononiae
1766 1922 1945 1961 moritur
1977 1923 2086 1962 811.

251 1992 343 2033 eius
373 1993 544 2032 nomine
579 1989 1265 2045 supplicationemdecernendam
1294 1992 1443 2028 censet
1476 1988 1619 2028 Cicero
1657 1987 1766 2028 813.

316 2059 502 2099 Vibius
536 2059 671 2098 Rufus
706 2057 942 2097 Terentiam
961 2086 972 2108 ,
1007 2056 1043 2097 a'
1065 2056 1264 2096 Cicerone
1298 2055 1510 2095 dimissam
1529 2083 1542 2103 ,
1577 2066 1748 2094 uxorem
1781 2054 1899 2095 ducit
1930 2053 2039 2098 767.

316 2126 376 2166 Vi
386 2126 413 2165 b
424 2139 448 2165 ο
455 2155 471 2177 ,
505 2125 713 2165 Lucaniae
747 2123 948 2177 oppidum
985 2123 1011 2162 6
1019 2121 1042 2165 7
1053 2123 1094 2162 5.

311 2192 376 2232 Vi
386 2192 473 2245 gin
484 2192 524 2231 ti
534 2193 582 2231 vi
593 2206 612 2231 r
621 2205 644 2230 a
654 2195 672 2231 t
680 2204 709 2231 u
718 2204 738 2231 s
771 2190 976 2230 honorem
1009 2203 1033 2230 a
1066 2190 1239 2229 Caesare
1272 2188 1461 2229 oblatum
1504 2191 1756 2242 aspernatur
1789 2187 1934 2228 Cicero
1972 2187 1997 2229 6
2006 2187 2031 2229 6
2040 2188 2062 2228 1
2071 2216 2082 2228 .

313 2259 486 2299 Villae
520 2258 733 2299 Ciceronis
763 2255 871 2299 672.
906 2256 1014 2297 693.
1051 2254 1161 2298 745.
1199 2253 1308 2298 773.
1342 2253 1451 2297 783.

357 2326 408 2364 in
475 2325 488 2364 i
593 2325 613 2364 1
656 2355 667 2365 .

311 2325 356 2432 ἕ.
391 2325 678 2444 ναῖἸτέΠὸἰιιῗ,
710 2390 857 2431 aedilis
891 2403 989 2430 cum
1022 2390 1069 2443 Q.
1096 2388 1297 2430 Cicerone
1330 2388 1439 2428 599.
1474 2387 1664 2428 eiusdem
1691 2387 1852 2439 collega
1885 2387 1930 2426 in
1967 2400 2085 2441 prae-

244 2463 339 2499 tura
376 2457 467 2500 647
474 2467 500 2499 .·
530 2458 710 2498 Siciliam
742 2460 990 2511 propraetor
1027 2455 1227 2496 obtinens
1259 2455 1311 2495 M.
1341 2454 1585 2495 Ciceronem
1613 2454 1798 2494 exsulem
1812 2483 1823 2504 ,
1858 2455 1909 2494 eo
1949 2457 2084 2495 trans-

244 2537 489 2578 gressurum
507 2553 520 2575 ,
553 2524 750 2578 prohibet
781 2521 838 2564 67
848 2523 891 2565 6.

310 2591 369 2632 Vi
382 2605 402 2630 r
411 2604 437 2642 g
447 2590 460 2629 i
470 2604 499 2628 n
509 2602 532 2628 e
542 2602 562 2629 s
598 2588 790 2629 Vestales
819 2588 1012 2627 incestus
1051 2587 1227 2626 crimine
1261 2590 1482 2626 accusatae
1509 2585 1789 2625 absolvuntur
1828 2587 1935 2626 582.

270 2675 273 2678 ⁴
308 2657 354 2697 P.
389 2655 680 2696 Umbrenus
714 2655 759 2693 in
789 2652 1122 2693 coniurationem
1155 2651 1318 2705 pellicit
1344 2651 1618 2703 Allobrogum
1652 2651 1813 2702 legatos
1846 2651 1955 2692 629.

308 2725 356 2776 Q.
391 2722 657 2762 Voconius
692 2720 819 2770 Naso,
853 2722 1021 2773 praetor
1053 2716 1160 2760 597.

307 2791 352 2829 L.
388 2787 664 2829 Volcatius
699 2786 877 2834 Tullus,
913 2798 999 2826 cos.
1034 2773 1089 2839 (a.
1124 2773 1236 2840 688)
1275 2776 1384 2824 594.

308 2857 382 2896 cn.
432 2844 529 2911 (Q.)
575 2853 828 2894 volusius
880 2865 977 2892 cum
1017 2851 1218 2891 Cicerone
1263 2850 1307 2889 in
1354 2849 1496 2890 Cilicia
1534 2844 1642 2892 724.
1693 2850 1878 2891 mittitur
1922 2850 1966 2889 in
2009 2850 2084 2902 ey..

460 2923 503 2961 Ο.

214 2921 488 3029 «Ρωῐᾷῐωῐίἶίο
522 2990 700 3027 mortem
733 2985 813 3026 sibi
845 2984 1073 3024 consciscit
1103 2984 1154 3024 Μ.
1184 2983 1357 3023 Porcius
1396 2983 1496 3022 Cato
1528 2980 1638 3024 761.

287 3056 350 3110 VT.
388 3054 706 3094 Vulturcius
745 3051 1032 3092 Crotoniensis
1047 3080 1058 3102 ,
1102 3063 1241 3089 comes
1284 3050 1406 3088 datus
1449 3049 1615 3090 itineris
1654 3035 1927 3102 Allobrogum
1970 3049 2081 3102 lega—

240 3122 294 3162 tis
318 3122 371 3162 ad
399 3121 618 3161 Catilinam
644 3119 752 3159 630.
789 3118 1120 3170 comprehensus
1153 3117 1198 3155 in
1234 3120 1363 3170 ponte
1390 3115 1544 3155 Mulvio
1568 3114 1676 3156 631.
1712 3115 1795 3155 fide
1825 3116 1992 3169 publica
2020 3115 2082 3155 di-

241 3186 336 3228 cere
362 3189 531 3239 iussus,
566 3186 704 3226 omnia
730 3185 867 3238 aperit
887 3184 996 3224 632.
1030 3197 1115 3236 qua
1141 3183 1194 3223 de
1224 3196 1268 3222 re
1294 3182 1376 3236 ipsi
1405 3182 1588 3235 praemia
1616 3182 1938 3223 constituuntur
1969 3182 2078 3223 636.

307 3320 342 3359 X
352 3332 374 3360 e
383 3333 413 3380 ⁴11
423 3333 447 3359 ο
458 3320 530 3359 cli
563 3319 844 3371 Adramyteno
879 3317 1022 3356 Cicero
1056 3328 1224 3370 operam
1258 3315 1330 3354 dat
1367 3315 1390 3355 5
1400 3312 1424 3356 7
1432 3316 1475 3355 3.

305 3387 341 3427 X
350 3399 373 3426 e
383 3399 412 3425 n
422 3399 446 3426 o
457 3400 484 3439 p
494 3386 523 3425 h
533 3399 557 3426 o
568 3385 677 3426 ntis
713 3384 1015 3425 Oeconomicus
1044 3396 1068 3422 a
1101 3383 1302 3422 Cicerone
1336 3381 1482 3421 Latine
1522 3379 1712 3437 redditus
1752 3380 1775 3420 5
1785 3381 1808 3420 5
1817 3378 1860 3422 7.

305 3520 469 3569 Zeno,
521 3518 781 3571 coryphaeus
833 3517 1134 3571 Epicureorum
1151 3544 1165 3565 ‚
1212 3513 1390 3557 Athenis
1424 3513 1549 3555 docet
1585 3512 1832 3555 Ciceronem
1877 3515 1922 3554 et
1971 3512 2078 3554 Atti-

232 3599 327 3628 cum
362 3584 469 3628 570.
