2210 3970
430 274 431 278 ,
480 222 533 280 L.
560 226 620 281 X.
665 226 894 281 c.XV11.
939 225 1070 298 §44
1111 255 1182 262 —
1226 242 1269 275 c.
1297 223 1462 279 xvn.
1509 222 1545 295 ἕ
1573 226 1659 275 47.
1887 228 1991 277 477

169 378 235 432 de
295 379 489 432 natura
539 378 797 442 deorum,
857 376 1239 431 divinationem
1284 372 1678 445 probaverunt;
1730 373 1821 427 sed
1889 391 1993 428 non

172 495 277 533 uno
317 477 487 535 modo,
567 478 700 534 Nam
741 494 908 550 quum
942 477 1186 533 Socrates
1219 491 1509 547 omnesque
1535 476 1795 530 Socratici
1829 474 1997 529 Zeno-

169 596 274 652 que
313 586 365 635 et
404 580 495 644 hi,
544 581 637 651 qui
686 580 752 634 ab
791 596 852 634 eo
892 585 1070 634 essent
1115 576 1378 650 profecti,
1431 582 1713 631 manerent
1753 577 1807 631 in
1861 577 1999 630 anti·

169 696 399 752 quorum
448 679 883 752 philosophorum
923 678 1189 734 sententia
1210 719 1225 743 ‚
1263 683 1443 733 vetere
1490 675 1779 732 Academia
1818 682 1872 731 ct
1906 677 1998 731 Pe·

167 780 468 853 ripateticis
498 780 988 842 consentientibus;
1026 795 1302 852 quumque
1342 777 1468 834 huic
1507 779 1587 833 rci
1619 794 1872 848 magnam
1906 793 1998 832 au·

169 881 474 936 ctoritatem
514 880 846 955 Pythagoras
884 882 991 936 iam
1025 886 1150 935 ante
1181 878 1496 943 tribuisset,
1547 878 1641 949 qui
1681 878 1846 933 etiam
1886 879 2000 950 ipse

168 997 345 1053 augur
370 981 529 1037 vellet
559 999 706 1047 esse,
746 982 1103 1054 plurimisque
1141 980 1273 1035 locis
1305 980 1486 1051 gravis
1511 985 1702 1034 auctor
1727 980 1999 1035 Democri·

167 1089 257 1137 tus
298 1083 729 1154 praesensionem
772 1098 956 1137 rerum
997 1081 1307 1136 suturarum
1355 1079 1757 1153 comprobarem
1816 1080 1997 1135 Dicae·

168 1181 365 1237 archus
421 1182 811 1254 Peripateticus
862 1188 1041 1236 cetera
1098 1181 1445 1236 divinationis
1501 1197 1700 1252 genera
1741 1180 2002 1250 sustulit,

168 1264 500 1339 somniorum
533 1289 587 1338 et
620 1282 818 1337 suroris
864 1281 1117 1353 reliquit:
1158 1280 1554 1354 Cratippusque
1595 1281 1876 1337 familiaris
1910 1298 1999 1335 no-

165 1390 304 1450 ster,
343 1398 504 1456 quem
545 1399 642 1454 ego
675 1398 860 1455 parem
889 1382 1120 1436 summis
1156 1382 1531 1453 Peripateticis
1564 1381 1768 1445 iudico,
1808 1380 1998 1436 iisdem

166 1484 326 1540 rebus
379 1482 537 1539 fldem
596 1482 818 1547 tribuit,
884 1481 1093 1554 reliqua
1143 1481 1491 1537 divinationis
1542 1498 1740 1554 genera
1791 1482 2000 1537 reiecit.

166 1588 256 1641 46.
297 1583 403 1641 Sed
435 1600 604 1657 quum
639 1583 804 1640 Stoici
844 1585 1026 1639 omnia
1068 1582 1178 1639 fere
1217 1583 1307 1639 illa
1342 1582 1719 1651 defenderent,
1758 1582 1901 1656 quod
1946 1592 2002 1639 et

167 1684 308 1740 Zeno
342 1684 399 1740 in
437 1684 552 1740 suis
589 1685 996 1741 commentariis
1034 1685 1188 1757 quasi
1229 1685 1437 1740 semina
1470 1684 1732 1756 quaedam
1771 1686 1999 1757 sparsis·

164 1791 281 1851 set,
339 1791 394 1840 et
451 1801 513 1842 ea
572 1784 859 1841 Cleanthes
918 1785 1106 1858 paullo*
1153 1784 1403 1841 uberiora
1462 1784 1711 1846 fecisset:
1769 1788 1999 1842 accessit

163 1888 426 1944 acerrimo
464 1888 550 1943 vir
591 1888 807 1960 ingenio
838 1885 1205 1962 ChrysippuS,
1245 1889 1339 1959 qui
1373 1894 1542 1943 totam
1577 1886 1642 1942 de
1670 1886 1999 1943 divinatione

164 1988 371 2044 duobus
402 1988 554 2044 libris
590 1988 878 2062 explicavit
917 1989 1273 2054 sententiam,
1325 2006 1434 2044 uno
1463 1996 1739 2062 praeterea
1777 1989 1843 2045 de
1882 2006 2020 2045 ora·-

163 2089 325 2157 culiS,
366 2082 473 2148 uno
510 2090 576 2146 de
614 2091 860 2146 somniis:
895 2084 1062 2162 xquem
1083 2089 1442 2162 subsequens,
1477 2107 1647 2145 unum
1669 2089 1867 2146 librum
1902 2091 1997 2146 Ba·

164 2188 412 2266 bylonius
469 2191 731 2263 Diogenes
787 2190 985 2256 edidit,
1043 2192 1161 2246 eius
1214 2190 1463 2252 auditor;
1520 2190 1628 2245 duo
1681 2192 1997 2263 Antipater:

163 2293 402 2365 quinque
459 2299 640 2348 noster
685 2292 1018 2349 Posidonius
1116 2291 1221 2347 Sed
1272 2308 1303 2346 a
1354 2291 1552 2346 Stoicis
1604 2290 1688 2346 vel
1746 2293 1999 2365 princeps

163 2396 280 2474 eius
330 2393 675 2467 disciplinae,
749 2393 1021 2448 Posidonii
1061 2392 1283 2458 doctor,
1342 2392 1642 2464 discipulus
1687 2393 1996 2464 Antipatri,

164 2495 508 2567 degeneravit
545 2494 860 2549 Panaetius:
920 2509 1019 2547 nec
1061 2498 1240 2547 tamen
1277 2507 1444 2546 ausus
1481 2498 1564 2546 est
1607 2508 1827 2563 negare,
1886 2494 1995 2549 vim

162 2611 279 2652 esse
311 2594 616 2660 divinandi,
656 2593 749 2650 sed
782 2593 1030 2649 dubitare
1061 2610 1119 2649 se
1157 2592 1312 2648 dixit.
1393 2592 1544 2661 Quod
1582 2592 1659 2648 illi
1709 2594 1763 2648 in
1816 2593 1997 2667 aliqua

161 2713 253 2763 re,
294 2696 636 2751 invitissimis
671 2695 901 2760 StoiciS,
942 2695 1122 2750 Stoico
1155 2694 1332 2750 facere
1371 2694 1563 2759 licuit,
1605 2694 1659 2749 id
1701 2712 1796 2750 nos
1838 2702 1899 2750 ut
1938 2698 1994 2751 in

160 2797 384 2869 reliquis
415 2796 575 2852 rebus
607 2795 867 2851 faciamus
889 2838 903 2860 ,
962 2813 993 2850 a
1030 2795 1226 2851 Stoicis
1271 2812 1378 2850 non
1417 2795 1785 2851 concedetur?
1837 2814 1996 2868 prae-

161 2899 349 2953 sertim
385 2914 553 2969 quum
581 2896 635 2951 id
656 2939 671 2962 ,
711 2897 776 2952 de
808 2913 914 2968 quo
943 2897 1195 2952 Panaetio
1226 2913 1330 2951 non
1364 2896 1563 2967 liquet,
1602 2896 1827 2968 reliquis
1853 2899 1994 2952 eius·

161 2999 282 3055 dem
322 2998 636 3071 disciplinae
680 2998 806 3054 solis
844 2998 964 3054 luce
1003 2998 1252 3054 videatur
1290 2997 1508 3052 clariuS.
1590 3002 1679 3052 47.
1723 2997 1827 3052 Sed
1860 2998 1993 3055 haec

159 3101 376 3174 quidem
411 3100 529 3155 laus
557 3099 874 3154 Academiae
900 3099 1350 3171 praestantissimi
1379 3097 1679 3169 philosophi
1713 3098 1912 3153 iudicio
1938 3107 1993 3155 et

160 3202 466 3257 testimonio
487 3200 827 3272 comprobata
868 3206 965 3255 est.
1045 3201 1261 3255 Etenim
1297 3199 1693 3270 nobismetipsis
1727 3217 1987 3271 quaeren-

159 3303 340 3368 tibus,
379 3301 510 3374 quid
550 3307 689 3356 esset
729 3301 793 3355 de
834 3300 1160 3355 divinatione
1200 3298 1587 3364 iudicandum,
1626 3300 1767 3371 quod
1806 3318 1838 3355 a
1866 3301 1990 3356 Car-

159 3402 326 3458 neade
372 3402 543 3459 multa
585 3409 740 3458 acute
780 3409 832 3458 et
871 3403 1080 3475 copiose
1113 3409 1300 3456 contra
1342 3400 1546 3455 Stoicos
1587 3400 1860 3474 disputata
1913 3422 1989 3459 es-

161 3511 314 3569 sent,
354 3505 803 3576 verentibusque,
845 3521 909 3560 ne
952 3512 1152 3560 temere
1193 3502 1275 3559 vel
1309 3502 1472 3560 falsae
1511 3504 1589 3560 rei
1637 3504 1716 3561 vel
1758 3522 1859 3560 non
1909 3523 1987 3564 sa-
