2150 3990
251 218 350 269 156
843 232 1048 270 31311110
1096 232 1165 269 DE
1214 230 1349 269 v1'rA
1401 234 1502 270 suA

239 366 362 418 nius
382 363 567 419 multis
587 365 997 430 cumlacrimiS,
1039 367 1291 438 supplex,
1332 374 1392 421 ut
1425 383 1480 420 se
1501 363 1870 426 defenderem;
1909 372 1962 419 et
1995 384 2049 421 se

237 481 417 520 meum
450 466 874 538 condiscipulum
909 468 964 520 in
1002 468 1234 538 pueritia
1255 510 1268 531 ‚
1309 466 1627 527 familiarem
1660 467 1716 520 in
1749 465 2046 522 adolescen-

237 565 346 630 tia,
405 565 659 637 collegam
711 567 765 620 in
812 573 1098 637 quaestura
1150 564 1598 620 commemorabat
1635 564 1821 619 fuisse:
1853 565 2050 619 ‘multa

237 680 354 719 mea
400 666 456 719 in
497 682 587 730 se,
616 704 619 706 »
646 664 900 719 nonnulla
926 667 1101 719 etiam
1148 681 1245 719 sua
1284 666 1339 718 in
1391 681 1479 718 me
1522 662 1823 736 proferebat
1861 663 2048 719 officia.

239 748 444 831 Quib'us
482 781 578 835 ego
610 765 770 819 rebus
809 765 884 818 ita
930 763 1181 819 flectebar
1213 764 1392 818 animo
1424 770 1584 835 atque
1629 762 1939 834 frangebar,
1992 771 2052 818 ut

238 866 401 920 etiam
441 883 504 920 ex
544 865 835 928 memoria,
888 881 1021 936 quas
1060 865 1196 918 mihi
1229 865 1332 936 ipsi
1371 863 1570 919 fecerat
1608 863 1859 927 insidiaS‚
1900 862 2056 935 depo-

239 981 445 1019 nerem:
497 972 558 1018 ut
592 966 710 1018 iam
758 965 1061 1019 immissum
1101 982 1215 1019 esse
1261 964 1327 1018 ab
1372 981 1434 1019 eo
1470 965 1526 1019 C.
1565 964 1903 1027 Cornelium,
1961 966 2053 1035 qui

238 1081 323 1118 me
362 1064 418 1117 in
458 1063 672 1118 sedibus
709 1065 844 1117 meis
866 1105 879 1128 ,
933 1065 989 1118 in
1028 1070 1318 1137 conspectu
1355 1065 1539 1119 uxoris
1577 1080 1729 1118 meae
1767 1080 1828 1117 33
1867 1063 2059 1118 libero-

235 1179 639 1218 rummeorum
683 1163 1010 1229 trucidaret,
1049 1164 1408 1235 obliviscerer.
1483 1168 1536 1218 5.
1587 1149 1734 1230 Quae
1766 1162 1812 1216 si
1854 1161 1919 1217 de
1951 1179 2062 1217 uno

238 1279 324 1317 me
356 1264 691 1334 cogitasset,⁴
711 1280 817 1335 qua
856 1264 1081 1319 mollitia
1126 1281 1261 1319 sum.
1286 1265 1454 1319 animi
1497 1281 1562 1319 ac
1604 1262 1854 1327 lenitate,
1906 1279 2058 1317 num-

240 1378 401 1435 quam
436 1362 767 1418 .mehercule
825 1363 971 1418 illius
1022 1363 1263 1419 lacrimis
1313 1381 1375 1419 ac
1426 1363 1676 1436 precibus
1721 1362 2056 1417 restitissem.

241 1463 343 1518 Sed
364 1480 533 1535 quum
548 1464 695 1518 mihi
719 1465 955 1536 patriae,
995 1481 1164 1536 quum
1184 1466 1347 1520 unius
1367 1465 1630 1535 cuiusque
1661 1462 2023 1534 periculorum
2045 1505 2060 1526 ,

240 1580 408 1636 quum
449 1563 612 1618 huius
642 1563 823 1629 urbiS,
876 1580 1044 1635 quum
1083 1564 1298 1619 illorum
1337 1563 1703 1633 delubrorum
1729 1566 1890 1633 atque
1918 1568 2058 1617 tem-

239 1665 480 1738 plorum,
519 1679 687 1736 quum
714 1680 1004 1735 puerorum
1037 1663 1369 1730 infantium,
1397 1679 1569 1736 quum
1597 1667 2061 1718 matronarum.ac

240 1766 512 1836 virginum
550 1765 795 1820 veniebat
840 1766 898 1820 in
941 1772 1178 1821 mentem
1198 1807 1214 1831 ,
1252 1772 1307 1820 et
1350 1781 1519 1838 quum
1558 1764 1681 1820 illae
1725 1762 1949 1819 infestae
1999 1777 2063 1819 ac

241 1864 486 1921 funestae
536 1864 678 1920 faces
699 1907 714 1930 ,
778 1866 1198 1937 universumque
1260 1865 1430 1920 totius
1487 1863 1644 1920 Urbis
1709 1862 2017 1919 incendium
2047 1907 2060 1929 ,
2148 1876 2150 1881 ’

242 1982 412 2037 quum
435 1964 571 2030 tela,
610 1982 778 2038 quum
812 1965 1035 2032 caedeS,
1069 1981 1240 2038 quum
1271 1965 1474 2020 civium
1494 1979 1684 2028 cruor,
1723 1980 1892 2036 quum
1925 1964 2065 2018 cinis

240 2044 670 2138 patriaeversari
691 2073 816 2121 ante
836 2065 1016 2121 oculos
1055 2072 1218 2138 atque
1257 2065 1499 2119 animum
1531 2064 1791 2118 memoria
1809 2061 2065 2119 refricare

242 2171 516 2237 coeperat;
555 2172 675 2219 tum
713 2165 943 2237 denique
974 2165 1024 2221 ei
1063 2164 1409 2229 resistebam,
1448 2179 1621 2236 neque
1651 2180 1738 2219 me
1765 2162 2069 2219 arbitrabar

244 2266 359 2320 sine
390 2282 601 2322 summo
621 2265 820 2322 scelere
839 2283 993 2340 posse
1012 2309 1027 2332 ,
1067 2266 1210 2339 quod
1240 2264 1565 2322 maleficium
1585 2265 1642 2319 in
1662 2264 1782 2320 aliis
1802 2264 2070 2320 vindicas-·

244 2381 386 2432 sem,
438 2366 581 2422 idem
627 2368 684 2421 in
730 2367 943 2424 illorum
1001 2369 1144 2423 socio
1164 2409 1179 2432 ,
1249 2383 1419 2440 quum
1463 2367 1658 2422 scirem
1678 2407 1695 2432 ,
1764 2365 2064 2422 defendere.

246 2471 296 2522 6.
338 2467 408 2520 At
453 2466 596 2522 idem
634 2485 731 2538 ego
764 2485 936 2540 neque
975 2469 1033 2523 P.
1075 2468 1281 2524 Sullam
1331 2469 1630 2541 supplicem
1667 2467 1837 2533 ferre,
1894 2485 2066 2540 neque

245 2566 518 2623 Marcellos
538 2610 552 2633 ,
592 2569 918 2641 propinquos
962 2569 1126 2624 huius
1147 2575 1184 2634 ¹,
1219 2575 1452 2641 patrem
1490 2575 1544 2623 et
1583 2569 1782 2633 filium,
1835 2585 2065 2645 quorum

245 2667 379 2722 alter
437 2667 579 2740 apud
610 2685 698 2723 me
720 2669 973 2741 ,parentis
995 2669 1366 2740 gravitatem,
1424 2669 1560 2724 alter
1610 2669 1706 2724 filii
1745 2670 2064 2724 suavitatem

246 2767 547 2833 obtinebat,
587 2785 682 2840 pro
702 2773 724 2806 2
751 2768 913 2823 huius
939 2768 1193 2841 periculis
1213 2769 1557 2824 lacrimantes
1587 2769 1853 2842 aspicere,
1895 2786 2066 2841 neque

248 2867 317 2923 M.
332 2867 632 2933 Messallae,
653 2868 884 2923 hominis
906 2869 1224 2934 necessarii,
1263 2886 1447 2941 preces
1475 2870 1742 2925 sustinere
1762 2869 1928 2941 potui.
1969 2868 2064 2923 Ne-

249 2985 353 3041 que
403 2969 548 3024 enim
592 2976 673 3024 est
725 2985 915 3024 caussa
959 2968 1238 3024 adversata
1277 2975 1500 3024 naturae
1520 3010 1536 3034 ,
1588 2985 1686 3024 nec
1726 2968 1921 3033 homo,
1970 2985 2067 3024 nec

250 3086 337 3124 res
357 3069 756 3130 misericordiae
782 3087 932 3126 meae
951 3071 1287 3142 repugnavit.
1329 3120 1331 3123 .
1365 3069 1579 3126 Etenim
1599 3076 1620 3107 ³
1653 3069 1824 3124 multa
1844 3110 1859 3133 ,
1899 3085 2067 3140 quum

251 3187 421 3226 essem
440 3172 660 3237 consul,
702 3172 766 3227 de
787 3173 1013 3228 summis
1038 3171 1361 3244 reipublicae
1387 3169 1640 3242 periculis
1661 3169 1870 3235 audivi,
1898 3169 2067 3224 multa

252 3272 524 3341 quaesivi,
565 3273 734 3327 multa
774 3274 1020 3343 cognovi:
1077 3272 1254 3326 nullus
1301 3278 1478 3325 tamen
1519 3286 1774 3342 umquam
1817 3270 1881 3324 de
1924 3270 2067 3324 Sulla

320 3508 356 3564 ι)
388 3506 497 3552 ihm.
527 3507 641 3565 =(m).
675 3533 730 3540 ἡ
766 3509 805 3566 2)
837 3506 947 3553 ibid.
983 3508 1096 3566 §zo
1132 3533 1189 3542 -
1219 3509 1258 3565 ⁵)
1290 3506 1401 3553 lbid.
1433 3523 1467 3551 ο.
1501 3508 1541 3550 5.
1576 3506 1687 3564 514.
