2210 3970
1853 153 1874 177 ,ἱ

250 193 355 243 480
697 205 700 209 ’
853 210 1062 250 menno
1110 207 1176 247 DE
1229 207 1364 248 VJTA
1413 209 1516 248 SUA

244 350 378 405 nihil
431 356 510 403 est
550 349 795 402 futurum
819 388 832 410 ,
874 348 1030 400 cuius
1070 361 1174 397 non
1214 361 1433 399 caussas
1473 343 1526 398 id
1567 347 1743 417 ipsum
1783 343 2070 404 efficientes

242 458 436 506 natura
485 448 771 503 contineat.
851 446 930 500 Ex
971 461 1074 516 quo
1116 443 1467 516 intelligitur,
1522 450 1583 498 ut
1628 443 1798 499 fatum
1846 445 1919 498 sit
1962 461 2066 500 non

240 551 324 614 id,
364 549 506 622 quod
539 547 934 619 superstitiose,
968 545 1060 599 sed
1090 545 1171 609 id,
1200 545 1341 616 quod
1371 546 1592 618 physice
1620 545 1850 609 dicitur,
1878 561 2069 599 caussa

240 658 461 706 aeterna
497 665 712 713 rerum,
752 664 851 702 cur
890 654 943 701 et
982 644 1072 711 ea,
1114 663 1251 718 quae
1284 647 1709 719 praeterierunt,
1751 644 1893 700 facta
1930 645 2070 709 sint,

238 759 323 817 et,
349 768 487 825 quae
515 752 749 813 instant,
778 748 937 812 fiant,
960 754 1042 811 et,
1070 763 1208 818 quae
1228 754 1560 819 sequuntur,
1598 748 1783 804 futura
1810 750 1938 803 sint.
1989 747 2071 804 Ita

239 852 326 917 fit,
377 859 439 907 ut
484 859 538 906 et
583 848 952 903 observatione
1005 848 1180 901 notari
1215 848 1423 919 possit,
1474 864 1612 920 quae
1661 865 1755 903 res
1801 865 2077 922 quamque

240 967 487 1006 caussam
516 948 833 1021 plerumque
854 953 1243 1018 consequatur,
1277 947 1440 1002 etiam
1464 949 1639 1003 sinon
1658 966 1887 1022 semper.
1934 950 2070 1006 Nam

237 1051 293 1106 id
327 1049 546 1124 quidem
579 1047 849 1102 affirmare
881 1045 1098 1101 difficile
1137 1053 1235 1102 est.
1314 1047 1651 1120 Easdemque
1683 1064 1902 1104 caussas
1934 1052 2073 1104 veri-

237 1150 414 1207 simile
452 1152 535 1204 est
573 1165 772 1203 rerum·
793 1145 1102 1202 futurarum
1136 1148 1285 1202 cerni
1319 1147 1385 1201 ab
1419 1148 1511 1212 iis,
1550 1149 1644 1220 qui
1677 1154 1772 1204 aut
1799 1144 1896 1221 per
1927 1148 2071 1205 furo·

235 1268 351 1308 rem
390 1268 508 1313 eas,·
545 1256 640 1306 aut
678 1250 734 1303 in
774 1249 955 1321 quiete
987 1247 1220 1302 videant.
1303 1253 1392 1303 51.
1433 1249 1716 1304 Praeterea
1757 1266 1926 1322 quum
1959 1249 2068 1306 fato

233 1353 414 1408 omnia
447 1351 615 1412 fiunt,
658 1348 860 1420 siquis
889 1347 1335 1421 mortalis'possit
1361 1366 1506 1414 esse,
1545 1352 1638 1422 qui
1673 1335 2068 1422 colligationem

232 1469 550 1510 caussarum
595 1451 839 1506 omnium
876 1446 1170 1522 perspiciat
1208 1450 1416 1514 animo,
1469 1450 1605 1506 nihil
1650 1468 1775 1507 eum
1827 1451 2066 1525 profecto

231 1554 400 1609 sallat.
487 1553 591 1620 Qui
630 1553 776 1606 enim
823 1557 1002 1605 teneat
1046 1566 1266 1604 caussas
1308 1566 1494 1605 rerum
1534 1549 1844 1606 suturarum
1866 1594 1881 1617 ,
1920 1551 2061 1610 idem

231 1670 449 1710 necesse
491 1660 576 1708 est
613 1651 795 1707 omnia
834 1657 1042 1714 teneat,
1095 1667 1233 1722 quae
1272 1650 1456 1707 futura
1495 1652 1623 1706 sint.
1703 1652 1854 1720 Quod
1893 1669 2064 1725 quum

233 1771 389 1811 nemo
429 1754 603 1811 facere
624 1796 638 1820 ,
680 1755 785 1808 nisi
825 1752 986 1817 deUS,
1026 1753 1222 1824 possit,
1264 1752 1678 1824 relinquendum
1718 1761 1802 1829 est
1820 1754 2066 1835 homini,

233 1863 294 1910 ut
338 1856 509 1927 signis
552 1853 874 1927 quibusdam
897 1896 911 1918 ‚
963 1854 1344 1925 consequentia
1396 1851 1831 1920 declarantihuS‚
1884 1855 2068 1911 futura

231 1957 575 2029 praesentiat.
667 1956 779 2010 Non
821 1955 964 2010 enim
1007 1954 1128 2018 illa,
1170 1971 1307 2025 quae
1346 1953 1530 2009 futura
1569 1961 1725 2019 sunt,
1766 1955 1944 2011 subito
1982 1974 2071 2012 ex-

232 2058 459 2118 sistunt;
513 2056 604 2111 sed
657 2063 740 2110 est
795 2057 952 2127 quasi
1004 2055 1253 2109 rudentis
1302 2055 1616 2127 explicatio,
1668 2057 1749 2110 sic
1799 2056 2071 2112 traductio

233 2159 490 2230 temporis
532 2157 666 2211 nihil
708 2157 830 2211 novi
860 2155 1143 2212 efficientis
1177 2163 1231 2210 et
1265 2156 1502 2228 primum
1541 2156 1779 2229 quidque
1808 2158 2074 2231 replican-

231 2260 319 2313 tis,
400 2258 551 2327 Quod
582 2265 636 2314 et
667 2259 704 2312 ii
733 2257 948 2323 vident,
988 2256 1186 2329 quibus
1217 2257 1479 2313 naturalis
1513 2257 1773 2314 divinatio
1805 2259 1929 2315 data
1962 2268 2069 2327 est,

234 2366 288 2414 et
328 2361 397 2425 ii,
450 2359 647 2431 quibus
707 2376 902 2414 cursus
942 2374 1127 2414 rerum
1168 2357 1497 2414 observando
1542 2367 1760 2415 notatus
1805 2368 1921 2417 est:
1976 2361 2070 2434 qui

234 2462 335 2514 etsi
375 2477 594 2515 caussas
629 2462 771 2539 ipsas
807 2477 914 2514 non
953 2467 1218 2524 cernunt,
1262 2461 1415 2531 signa
1447 2467 1628 2517 tamen
1669 2479 1987 2518 caussarum
2015 2471 2070 2519 et

233 2568 386 2616 notas
438 2567 697 2623 cernunt;
748 2561 814 2615 ad
852 2577 1021 2632 quaS,
1075 2560 1315 2614 adhibita
1355 2562 1613 2617 memoria
1654 2569 1707 2616 et
1758 2558 2067 2635 diligentia,

233 2679 299 2717 ex
339 2663 704 2717 monumentis
743 2662 1083 2734 superiorum
1120 2659 1355 2716 efficitur
1387 2678 1450 2716 ea
1487 2662 1774 2728 divinatio,
1815 2681 1953 2736 quae
1986 2683 2068 2720 ar·

232 2763 462 2818 tiliciosa
497 2763 724 2827 dicitur,
751 2768 1030 2828 extorum,
1066 2760 1374 2832 fulgurum,
1402 2768 1735 2818 ostentorum
1766 2764 2068 2836 signorum·-

233 2880 337 2936 que
378 2864 708 2919 caelestium.
791 2866 879 2918 52.
922 2863 1035 2917 Non
1070 2869 1152 2917 est
1192 2863 1388 2934 igitur,
1431 2870 1492 2917 ut
1524 2863 1834 2920 mirandum
1869 2867 1967 2932 sit,
2009 2884 2069 2923 ea

231 2965 552 3036 praesentiri
587 2982 618 3018 a
649 2963 1038 3029 divinantibUS,
1079 2980 1215 3035 quae
1251 2978 1518 3036 nusquam
1549 2965 1677 3018 sint.
1759 2965 1898 3021 Sunt
1929 2969 2074 3025 enim

233 3066 450 3131 omnia,
510 3066 602 3120 sed
647 3072 884 3138 tempore
925 3065 1135 3120 absunt.
1231 3066 1405 3137 Atque
1451 3072 1512 3120 ut
1552 3066 1606 3119 in
1648 3068 1942 3123 seminibus
1989 3071 2070 3125 vis

235 3166 374 3219 inest
409 3182 595 3220 earum
630 3182 846 3231 rerum,
886 3182 1023 3238 quae
1054 3183 1117 3219 ex
1153 3166 1220 3219 iis
1253 3166 1676 3237 progignuntur;
1715 3168 1792 3221 sic
1826 3168 1881 3221 in
1914 3177 2068 3224 caus-

234 3268 309 3320 sis-
360 3267 606 3322 conditae
645 3274 774 3322 sunt
811 3284 898 3323 res
938 3266 1181 3330 futurae,
1235 3284 1368 3338 quas
1408 3284 1524 3322 esse
1562 3266 1772 3322 futuras
1813 3275 1907 3323 aut
1942 3287 2065 3325 con-

234 3366 399 3422 citata
438 3384 591 3423 mens
630 3377 724 3424 aut
765 3369 940 3424 soluta
973 3384 1159 3423 somno
1199 3370 1401 3433 cernit,
1442 3375 1536 3423 aut
1575 3369 1713 3423 ratio
1753 3377 1846 3425 aut
1884 3373 2061 3427 conie-

232 3473 387 3524 ctura
422 3472 734 3542 praesentit.
820 3472 998 3544 Atque
1032 3476 1093 3526 ut
1134 3470 1208 3536 ii,
1249 3471 1342 3542 qui
1376 3470 1501 3526 solis
1534 3477 1587 3526 et
1619 3470 1778 3527 lunae
1823 3472 2052 3545 reliquo·
2099 3473 2108 3489 ⁴
