2210 3970
756 207 988 287 Anulis
1038 207 1084 245 u.
1136 210 1181 245 c.
1238 195 1402 248 688.st
1876 198 1984 249 599

231 341 294 416 (⁰)
335 339 545 405 ilicem,
584 340 679 411 qui
720 355 823 394 non
867 338 1149 396 destiterat
1188 339 1242 393 in
1280 343 1399 393 arte
1444 354 1543 393 sua
1576 339 1854 410 ingenium
1893 356 1980 396 ex-

157 440 363 507 colere,
415 440 515 496 hoe
548 444 787 511 tempore
823 437 1031 495 scholas
1062 438 1367 512 frequentat
1405 436 1474 493 Μ.
1503 439 1720 494 Antonii
1754 438 1983 512 Gnipho-

158 540 243 597 nis
275 539 524 600 rhetoriS.
565 558 619 594 11.
656 556 702 595 e.
727 542 816 595 25.
856 542 945 596 61.

219 643 396 706 Sueten.
418 638 474 685 de
503 638 571 685 ill.
594 642 789 688 Gramm.
817 642 908 686 c.'1.
950 641 1010 684 M.
1027 638 1248 685 Antonius
1283 639 1481 701 Gnipho,
1509 640 1729 700 ingenuus
1758 641 1808 684 in
1837 640 1991 687 Gallia

157 725 294 770 natus
324 716 406 763 sed
438 717 673 779 eapositus
690 747 706 773 ‚
747 732 777 761 a
806 717 1030 762 nutritore
1064 731 1146 773 suo
1183 717 1488 762 manumittas
1503 749 1518 775 ‚
1549 742 1611 755 ·--
1632 717 1791 777 fuisse
1821 718 1990 763 dicitas·

157 795 330 858 ingenii
359 795 515 857 mgni
531 825 546 851 ,
587 794 820 839 memoriae
851 793 1102 857 singularis
1115 825 1132 851 ‚
1176 809 1254 839 nec
1285 794 1433 839 minus
1468 795 1632 841 Graece
1661 813 1794 857 quam
1831 799 1992 843 latine

158 872 339 925 doctas:
371 899 431 908 —
465 871 617 924 docuit
642 871 910 918 rhetoricam
940 873 1010 919 ita
1031 879 1084 918 ut
1106 870 1306 935 quotidie
1326 879 1568 935 praecepta
1591 873 1870 936 eloquentiae
1897 883 1990 922 tra-

158 950 303 1010 deret,
335 950 602 1000 declamaret
630 966 731 1017 vero
754 966 842 996 non
876 951 970 997 nisi
994 950 1220 1010 nundinis.
1283 949 1492 1013 &bolam
1514 951 1612 997 eius
1641 952 1789 1000 claros
1817 970 1993 1018 quoque

157 1030 278 1078 siros
305 1027 628 1095 frequentasse
661 1013 816 1075 aiunt.-
863 1028 913 1076 in
945 1029 1018 1074 his
1057 1031 1117 1076 M.
1155 1029 1399 1075 Ciceronem
1439 1023 1575 1076 etiam
1613 1047 1750 1092 quum
1771 1039 1993 1094 praetura

150 1106 437 1170 fungeretur.
500 1106 681 1154 Macrob.
719 1111 1070 1156 Saturn.111.c.
1105 1110 1179 1153 12.
1226 1107 1446 1153 Antonius
1492 1108 1664 1169 Gnipho
1699 1109 1770 1154 vir
1805 1108 1994 1168 doctus,

158 1175 290 1238 cuius
320 1185 517 1266 scltolam
544 1186 691 1231 Cicero
709 1193 819 1248 post
847 1184 1037 1231 laborem
1053 1185 1160 1247 fori
1180 1186 1517 1251 frequentabat.

237 1299 331 1377 (¹⁰)
368 1299 428 1368 Q.
469 1298 794 1363 Cicero‚-M.
832 1296 1036 1363 irater,
1076 1300 1211 1371 petit
1248 1298 1625 1364 Aediiitatem.
1662 1298 1995 1371 designatus·

160 1413 265 1474 que
301 1405 418 1466 est,
458 1402 520 1454 ut
559 1396 808 1462 videtur,
830 1410 973 1452 'cum
1014 1397 1069 1451 C.
1102 1397 1344 1470 Virgilio,
1381 1413 1430 1452 v.
1466 1404 1514 1452 e.
1536 1402 1587 1453 2.
1626 1402 1676 1452 4.

223 1499 307 1547 eie.
336 1498 390 1546 ad
417 1501 512 1544 Att.
547 1510 577 1543 1.
612 1498 653 1542 4.
683 1498 724 1542 1.
771 1497 922 1557 Nuper
946 1495 1147 1557 quidem,
1178 1513 1315 1558 quum
1341 1497 1433 1541 iam
1465 1503 1509 1542 te
1538 1495 1775 1543 adventare
1805 1499 1996 1547 arbitra

161 1594 332 1636 remur,
363 1583 541 1639 repente
570 1574 650 1620 abs
681 1581 725 1619 te
749 1574 798 1619 in
831 1589 1021 1619 mensem
1055 1575 1302 1634 Quintilem
1333 1575 1490 1621 reiecti
1519 1590 1687 1621 sumus.
1750 1579 1874 1622 Nunc
1899 1596 1999 1624 vero

162 1670 340 1713 censeo,
372 1653 495 1717 qaod
514 1650 735 1698 voum-odo
766 1657 844 1697 tuo
875 1651 1035 1712 faeere
1060 1645 1235 1714 poteris
1252 1685 1265 1708 ‚
1296 1652 1450 1697 nenias
1482 1652 1547 1697 ad
1572 1651 1625 1698 id
1651 1662 1851 1718 tempus,
1882 1658 2004 1719 quod

163 1733 337 1786 mritis.
402 1731 579 1782 Ohbmfs
605 1729 764 1790 Quinti
773 1728 950 1789 fratris
973 1731 1167 1777 comitia.
1230 1729 1293 1776 ld.
1312 1730 1375 1777 sd
1406 1733 1459 1790 Q.
1482 1729 1534 1781 tr.
1568 1743 1599 1778 1.
1628 1734 1669 1779 8.
1699 1737 1742 1780 8.
1772 1734 1893 1781 Puto
1916 1751 2004 1797 per

168 1810 463 1881 Pomponium
480 1807 724 1878 fovendum
749 1807 835 1855 tibi
867 1822 962 1856 esse
987 1809 1137 1872 ipsum
1169 1810 1455 1856 Hortensium
1472 1842 1488 1866 ‚
1518 1826 1573 1855 ne
1603 1809 1683 1856 ille
1712 1828 1892 1871 versus,
1923 1814 2006 1874 qui

165 1890 214 1936 in
245 1898 290 1936 te
313 1886 411 1935 erat
441 1885 658 1944 collatus,
701 1903 838 1949 quum
869 1884 1148 1932 aedilitatem
1180 1886 1392 1949 petebas,
1425 1887 1479 1933 de
1512 1888 1605 1950 lege
1636 1889 1846 1948 Aurelia,
1867 1877 2003 1952 salso

166 1969 420 2015 testimonio
450 1965 751 2027 confirmetur.
801 1978 876 2027 pro
899 1963 1039 2010 Plane.
1072 1979 1108 2010 c.
1128 1967 1170 2010 8.
1194 1966 1269 2010 20.
1307 1963 1430 2024 Quid
1459 1981 1537 2028 ego
1569 1965 1622 2012 de
1644 1982 1744 2024 me,
1776 1967 1830 2013 de
1845 1967 2005 2027 fratre

168 2061 263 2094 mea
295 2046 495 2108 loquar?
524 2058 712 2107 quor-um
745 2042 983 2087 honoribus
1007 2043 1111 2104 agri
1125 2074 1139 2100 ‚
1165 2056 1309 2104 prope
1339 2042 1506 2101 dicam,
1534 2043 1631 2105 ipsi
1650 2054 1905 2107 montesque
1920 2047 2004 2107 fan

168 2131 338 2170 serunt.
401 2120 462 2168 cf.
491 2119 929 2182 1.Gnil.'l'ydeman‚
960 2121 1118 2166 Annot.
1151 2120 1201 2165 in
1242 2120 1293 2179 Q.
1323 2120 1463 2166 Tullii
1503 2122 1724 2168 Ciceronis
1756 2122 1919 2170 libram
1950 2125 2004 2171 de

167 2199 392 2247 Petitione
415 2198 690 2246 consulatus.
722 2198 857 2261 Lugd.
874 2200 968 2244 Bat.
985 2201 1121 2244 1888.
1155 2201 1217 2245 8⁰.
1250 2215 1291 2260 p.
1309 2201 1372 2244 17
1386 2214 1446 2261 sq.

246 2313 334 2390 (¹¹)
375 2313 433 2372 1..
454 2312 677 2387 Sergius
699 2311 927 2368 Catilina
952 2310 1053 2367 hoc
1080 2327 1220 2368 anno
1246 2309 1484 2368 Africam
1509 2320 1726 2386 praetor
1753 2314 2005 2375 obtinuit.

171 2433 226 2471 n.
261 2432 308 2471 e.
333 2418 422 2471 50.
462 2417 553 2471 80.
589 2431 636 2470 e.
659 2417 750 2469 52.
788 2415 877 2468 86.

232 2514 440 2561 Aneonius
467 2512 525 2560 ad
551 2516 672 2561 Orat.
703 2512 750 2559 in
783 2520 885 2575 toga
905 2511 1034 2560 caud.
1062 2528 1103 2574 p.
1122 2515 1195 2557 85.
1248 2511 1446 2557 Catilina
1474 2528 1532 2558 ea·
1552 2520 1774 2575 praetura
1802 2515 2006 2576 Africam

163 2584 442 2655 provinciam
477 2592 684 2643 obtinuit.
719 2591 722 2594 ’
752 2592 896 2651 Quam
921 2606 1060 2653 quum
1087 2589 1288 2652 graviter
1311 2597 1541 2649 oea-asset,
1576 2588 1715 2654 legati
1743 2594 1853 2654 Afri
1872 2596 1920 2640 in
1944 2610 2013 2641 se·

173 2678 285 2716 nata
313 2671 412 2717 -iam
443 2670 621 2716 absente
650 2669 734 2716 illo
764 2670 913 2732 questi
943 2678 1075 2727 sunt,
1116 2667 1371 2730 multaeque
1396 2684 1557 2731 graves
1588 2673 1833 2717 sententiae
1862 2674 1911 2718 in
1943 2688 2011 2719 se·

172 2756 285 2794 natu
302 2747 356 2793 cle
372 2763 421 2794 eo
447 2748 592 2794 dictae
612 2757 731 2795 sunt.
759 2775 819 2784 —
846 2765 886 2810 p.
906 2750 979 2794 89.
1011 2744 1178 2792 Paullo
1193 2752 1299 2789 ante
1320 2745 1544 2803 ‹liz-imus,
1581 2749 1846 2808 Catilinam,
1872 2768 2010 2813 quum

179 2825 232 2871 de
254 2827 492 2888 provincia
510 2826 674 2886 Africa
693 2826 916 2872 decederet
935 2827 1170 2887 petiturus
1191 2823 1473 2869 consulatum
1498 2833 1543 2869 et
1566 2825 1707 2888 legati
1730 2828 1840 2887 Afri
1862 2833 2013 2890 questi

180 2903 235 2949 de
260 2919 310 2948 eo
331 2904 381 2949 in
408 2910 568 2949 senatu
596 2904 796 2965 graviter
820 2911 967 2949 essent
982 2937 997 2962 ‚
1029 2905 1212 2948 Romam
1232 2902 1502 2964 pervenisse.

255 3016 342 3092 (¹²)
382 3017 440 3071 P.
471 3014 713 3072 Cornelio
746 3014 892 3072 Sulla
931 3023 984 3071 et
1016 3016 1074 3072 P.
1107 3016 1369 3077 Autronio
1401 3016 1594 3083 Paeto,
1629 3018 1726 3089 qui
1765 3019 2013 3076 consules

178 3123 336 3174 erant
369 3115 671 3187 designati,
707 3114 975 3170 damnatis
1006 3115 1272 3182 ambitus,
1312 3115 1558 3171 eonsules
1595 3117 1652 3171 in
1687 3134 1891 3176 annum
1931 3139 2010 3177 se-

181 3225 436 3291 quentem
475 3222 730 3272 creantur
763 3217 820 3271 L.
844 3217 1096 3273 Aurelius
1124 3218 1277 3273 Cotta
1297 3260 1312 3283 ,
1346 3218 1403 3272 L.
1430 3217 1660 3272 Manlius
1689 3219 2011 3293 Torquatus,

223 3317 423 3365 isnllust.
454 3320 546 3363 Cat.
578 3333 613 3362 c.
633 3320 706 3362 18.
739 3318 789 3363 L.
818 3316 945 3363 Tullo
968 3321 1044 3365 Μ’.
1072 3318 1239 3381 Lepido
1263 3318 1520 3363 consulibus
1543 3320 1597 3364 P.
1622 3320 1870 3367 Autronius
1889 3331 1934 3368 et
1957 3324 2012 3371 P.

183 3396 316 3443 Sulla
325 3430 348 3463 ⁹.
372 3395 596 3458 designati
624 3396 853 3454 consules,
884 3396 1055 3459 legibus
1086 3398 1282 3442 ambitus
1305 3398 1573 3459 interrogati
1595 3414 1763 3459 poenas
1789 3399 2012 3448 dederant.

180 3478 358 3522 sueton.
386 3477 500 3522 Caes,
527 3490 563 3520 c.
581 3477 623 3520 9.
659 3475 709 3520 P.
739 3474 872 3522 Sulla
901 3483 947 3521 et
978 3477 1222 3523 Autronius
1243 3483 1349 3537 post
1378 3474 1726 3538 designationem
1751 3479 2014 3526 consulatus.
