2210 3970
277 247 381 297 786
740 256 1069 293 ANNALES
1128 259 1639 301 mcERoNlAM.

265 388 540 449 explicamus
573 391 1034 448 προσφωνοῦμενᾳαε
1076 387 1283 430 Ciceroni.
1353 387 1451 444 Qua
1482 387 1535 430 de
1568 404 1615 432 re
1648 389 1764 432 enim
1786 392 1944 450 potius
1963 401 2098 452 pater

262 464 372 525 filio
386 464 412 506 Ρ
462 462 631 507 Deinde
669 464 776 508 alia.
831 463 941 508 lhid.
970 476 1066 507 ΧΠ.
1098 467 1166 507 11.
1197 467 1236 506 1.
1292 465 1428 508 Nonis
1473 465 1696 522 [Novemb.
1730 483 1793 510 z
1818 471 1846 511 5
1873 471 2099 529 Now-emb]

271 545 420 604 accepi
447 560 475 586 a
502 551 546 587 te
573 542 686 586 duas
721 541 948 602 epistolas.
983 566 1034 574 —
1078 541 1144 586 Τὰ
1180 544 1288 602 περὶ
1324 543 1650 602 καθήκοντος,
1687 553 1906 605 quatenus
1931 547 2102 592 Panae·
2134 537 2136 540 r

272 623 365 666 tius
385 654 396 676 ,
431 620 601 664 absolvi
625 620 825 664 duobus:
859 621 989 665 illius
1020 627 1108 663 tres
1136 629 1253 664 sunt.
1304 621 1395 665 Sed
1419 639 1553 683 quum
1588 624 1721 666 initio
1749 622 1977 666 divisisset
2003 625 2069 668 ita
2087 658 2101 681 ‚
2149 651 2153 655 ·

275 701 367 748 tria
381 716 543 760 genera
567 697 830 758 exquirendi
847 699 989 759 officii
1005 715 1099 742 esse
1115 718 1129 742 .·
1162 715 1322 754 unum,
1357 717 1492 760 quum
1520 700 1808 744 deliberemus
1825 733 1839 756 ,
1874 700 2102 745 honestum

274 795 332 822 an
350 785 478 838 turpe
495 777 558 820 sit
572 798 589 831 ;
617 776 831 832 alterum,
863 777 976 821 utile
995 794 1051 820 an
1068 777 1229 820 inutile
1243 798 1260 830 ,·
1291 780 1498 834 tertium,
1529 795 1664 838 quum
1683 779 1786 822 haec
1813 779 1930 822 inter
1950 795 1997 822 se
2015 796 2104 839 pu-

273 871 412 916 gnare
443 853 702 909 videantur,
736 853 946 914 quomodo
974 853 1260 898 iudicandum
1288 855 1373 909 sit,
1416 855 1566 915 qualis
1597 872 1758 900 caussa
1789 855 1975 916 Reguli,
2009 855 2105 900 red·

274 933 340 976 ire
370 932 623 987 honestum,
657 947 828 974 incinere
859 930 1001 976 utile:
1048 931 1099 975 de
1127 931 1296 975 duobus
1315 932 1481 992 primis
1521 932 1748 993 praeclare
1781 932 2026 987 disseruit;
2057 932 2124 976 de‘
2187 938 2207 955 ‘

275 1010 408 1053 tertio
435 1009 681 1069 pollicetur
718 1023 763 1050 se
802 1006 1030 1067 deinceps:
1064 1009 1143 1053 sed
1182 1009 1303 1053 nihil
1337 1009 1533 1069 scripsit.
1598 1011 1718 1054 Eum
1753 1010 1896 1054 locum
1926 1010 2115 1054 Posido-

2151 372 2176 382 .’
2167 335 2179 351 .
2146 204 2175 238 -ῑί
2152 128 2178 187 ...ιλ
2145 0 2163 21 *³

2194 909 2202 919 .
2175 814 2181 831 ’
2187 645 2210 786 ’.Δ-,ω
2175 547 2210 687 ²·ff222r2523..
2192 474 2210 535 as.-
2179 383 2210 454 5:²1³<
2182 375 2183 378 ‘
2206 350 2210 357 ,
2171 257 2210 336 gs‘ss'ff
2178 170 2208 239 ³7³⁴
2171 94 2180 125 Μ

275 1089 380 1131 nius
417 1095 692 1146 persecutus.
727 1111 786 1119 —-
824 1085 952 1142 Quod
993 1086 1044 1130 de
1086 1089 1377 1148 inscriptione
1412 1089 1591 1148 quaeris
1610 1110 1628 1143 ,·
1658 1105 1744 1132 non
1785 1088 1970 1145 dubito,
2003 1090 2129 1149 quin*

277 1168 496 1223 καθῆκον
527 1163 800 1222 officium
834 1164 927 1218 sit,
960 1164 1053 1207 nisi
1074 1165 1186 1225 quid
1201 1173 1250 1209 tu
1268 1166 1425 1221 aliud,·
1456 1165 1536 1210 sed
1565 1166 1800 1226 inscriptio
1813 1166 2023 1227 plenior,
2056 1165 2116 1210 de
2177 1175 2201 1188 ²

274 1244 539 1303 Officiis.
572 1242 851 1304 Προσφωνῶ
885 1250 1034 1286 autem
1071 1243 1268 1286 Ciceroni
1287 1243 1411 1303 filio.
1450 1244 1603 1288 Visum
1635 1252 1703 1288 est
1733 1260 1819 1288 non
1852 1244 2118 1290 ἀνοικεῑον.
2176 1255 2187 1269 '³

357 1349 443 1423 (1⁶)
488 1348 594 1402 Hos
648 1347 815 1418 igitur
863 1346 1026 1400 libros
1076 1346 1259 1401 Cicero
1295 1346 1361 1400 ad
1412 1348 1652 1402 Marcum
1702 1347 1872 1403 filium
1926 1350 2073 1403 misit
2097 1391 2117 1423 ,K
2179 1342 2186 1366 ”“

281 1452 373 1523 qui
406 1466 607 1503 annum
642 1449 746 1501 iam
790 1448 1014 1502 Athenis
1058 1447 1126 1522 (v.
1164 1447 1228 1501 ad
1265 1465 1310 1501 a.
1339 1453 1465 1504 709.
1506 1448 1578 1522 7.)
1622 1467 1788 1520 quum
1831 1450 1960 1505 alios
1997 1458 2115 1505 tum
2179 1519 2181 1526 Α

277 1568 402 1606 vero
440 1551 495 1603 in
540 1549 730 1620 primis
774 1549 1084 1619 Cratippum
1128 1547 1395 1602 audiebat.
1436 1567 1489 1603 x.
1525 1567 1569 1603 c.
1603 1553 1690 1604 25.
1725 1554 1812 1604 71.

342 1652 427 1695 Cic.
460 1650 513 1694 de
551 1648 636 1693 Off.
664 1662 693 1692 1.
728 1664 763 1692 c,
795 1653 835 1692 1.
866 1653 907 1693 1.
976 1649 1250 1709 Quamquam
1285 1657 1358 1704 te,
1393 1652 1537 1693 Marce
1566 1649 1680 1710 fili,
1714 1666 1877 1694 annum
1914 1652 2005 1695 iam
2037 1668 2116 1696 au·
2180 1666 2185 1715 ,¹¹

281 1731 470 1775 dientem
507 1729 792 1788 Cratippum,
826 1725 960 1786 idque
996 1727 1212 1782 Athenis,
1246 1726 1471 1771 abundare
1507 1735 1679 1788 oportet
1705 1729 1958 1788 praeceptis
1984 1729 2117 1772 insti·
2181 1731 2202 1801 *A

281 1810 481 1869 tutisque
510 1806 826 1868 philosophiae
851 1812 1037 1864 propter
1075 1821 1291 1848 summam
1323 1813 1367 1849 et
1398 1804 1592 1849 doctoris
1623 1807 1935 1851 auctoritatem
1967 1817 2011 1853 et
2042 1827 2117 1853 ur-

283 1887 381 1942 bis,
417 1901 603 1945 quorum
635 1883 751 1927 alter
779 1889 821 1925 te
855 1883 1043 1924 scientia
1075 1899 1237 1942 augere
1261 1890 1443 1943 potest,
1477 1882 1622 1942 altera
1649 1885 1863 1945 exemplis
1874 1908 1892 1941 ,-
1923 1895 2003 1931 cet.
2038 1886 2114 1932 cfr.

280 1968 314 2008 Ι.
345 1968 387 2008 P.
422 1979 503 2007 von
538 1966 691 2024 hang,
735 1961 787 2005 de
813 1961 1252 2020 Peregrinationibus
1294 1960 1600 2017 Academicis,
1643 1962 1703 2005 ad
1748 1964 1833 2008 Cic.
1876 1964 1965 2025 Off
1999 1967 2037 2010 Ι.
2073 1971 2114 2011 1.
2192 1958 2195 1960 ’

281 2040 557 2101 Argentorati
577 2073 590 2096 ‚
625 2043 758 2084 1691.
794 2043 854 2082 40.
919 2038 1158 2082 Trebonius
1190 2037 1244 2082 ad
1277 2038 1360 2082 Cic.
1394 2038 1471 2096 (ad
1513 2041 1632 2084 Fam.
1656 2053 1740 2086 ΧΠ.
1776 2045 1848 2087 16.
1877 2046 1941 2101 1.)
1983 2044 2116 2088 Athe·
2198 2056 2210 2124 fl

282 2135 365 2163 nas
397 2119 496 2162 veni
522 2135 562 2163 a.
592 2118 632 2163 d.
662 2131 726 2163 XI.
759 2116 863 2160 Kal.
895 2118 993 2161 Iun.
1028 2119 1114 2174 [z
1141 2120 1201 2160 22
1233 2117 1352 2176 Maii]
1385 2125 1519 2178 atque
1546 2117 1611 2161 ibi
1621 2149 1634 2173 ‚
1668 2118 1788 2178 quod
1816 2121 2008 2164 maxime
2041 2137 2117 2182 op·
2199 2115 2210 2138 “⁵

285 2197 433 2241 tabam
450 2228 464 2251 ‚
494 2196 590 2240 vidi
614 2196 774 2257 filium
806 2203 958 2249 tuum,
993 2194 1192 2239 deditum
1208 2196 1390 2256 optimis
1411 2195 1580 2239 studiis
1595 2211 1853 2258 summaque
1878 2198 2119 2243 modestiae
2166 2208 2174 2215 “

276 2275 425 2334 fama.
495 2274 594 2332 Qua
626 2261 682 2318 ea·
723 2289 771 2316 re
808 2281 1022 2333 quantam
1063 2272 1337 2333 voluptatem
1377 2274 1588 2334 ceperim,
1631 2276 1746 2318 scire
1778 2283 1939 2336 potes,
1987 2279 2122 2322 etiam

286 2369 355 2397 me
393 2359 574 2396 tacente.
638 2354 733 2395 Non
765 2352 881 2395 enim
917 2352 1093 2407 nescis,
1126 2352 1287 2412 quanti
1315 2360 1359 2395 te
1399 2350 1570 2406 faciam
1600 2359 1644 2395 et
1686 2369 1819 2413 quam
1841 2371 1930 2415 pro
1970 2363 2122 2400 nostro

287 2431 518 2474 veterrimo
545 2430 862 2490 verissimoque
890 2445 1035 2473 amore
1062 2430 1264 2473 omnibus
1292 2430 1412 2486 tuis,
1445 2430 1578 2473 etiam
1605 2432 1828 2489 minimis,
1861 2434 2120 2488 commodis,

286 2524 372 2552 non
404 2507 529 2550 modo
561 2515 685 2551 tanto
720 2507 857 2561 bono,
887 2506 1120 2567 gaudeam.
1184 2507 1286 2551 Noli
1315 2515 1506 2568 putare,
1539 2510 1604 2552 mi
1634 2510 1809 2565 Cicero,
1842 2526 1910 2555 me
1938 2512 2016 2556 hoc
2043 2530 2122 2557 au·
2191 2527 2196 2546 ·,

289 2586 414 2629 ribus
447 2587 540 2629 tais
573 2585 708 2629 dare:
742 2585 862 2628 nihil
887 2584 1160 2628 adolescente
1193 2593 1300 2639 tuo,
1334 2593 1469 2645 atque
1501 2586 1608 2630 adeo
1633 2595 1808 2643 nostro,
1843 2589 1983 2646 (nihil
2007 2591 2122 2634 enim
2190 2631 2191 2634 ,

288 2664 401 2707 milii
438 2681 466 2707 a
510 2671 554 2707 te
588 2670 741 2723 potest
783 2678 877 2705 esse
909 2662 1206 2720 seiunctum)
1254 2670 1336 2706 aut
1377 2662 1618 2707 amabilius
1665 2665 1867 2708 omnibus
1913 2666 2000 2719 iis,
2044 2668 2125 2728 qui
2183 2716 2192 2726 Ἴ,

289 2743 476 2786 Athenis
523 2749 660 2796 sunt⁷
708 2748 775 2784 est
817 2748 899 2783 aut
945 2739 1195 2783 studiosius
1243 2757 1394 2784 earum
1441 2742 1638 2798 artium,
1682 2758 1795 2803 quas
1839 2750 1889 2787 tu
1930 2746 2124 2789 maxime
2185 2765 2192 2778 =·

291 2837 446 2874 amas,
481 2821 559 2864 hoc
594 2827 662 2863 est
689 2820 969 2880 optimarum.
1034 2819 1194 2878 Itaque
1226 2818 1339 2872 tibi,
1373 2819 1494 2879 quod
1526 2837 1624 2864 vere
1641 2820 1800 2877 facere
1822 2837 2035 2882 possum,
2070 2823 2123 2867 li·
2182 2853 2200 2874 ἡ,

293 2900 442 2944 benter
471 2916 644 2961 quoque
671 2896 908 2959 gratulor,
938 2912 1015 2939 nec
1054 2895 1204 2939 minus
1231 2896 1366 2940 etiam
1397 2897 1555 2953 nobis,
1589 2899 1709 2958 quod
1737 2915 1862 2956 eum,
1899 2917 2026 2960 quem
2051 2918 2124 2945 ne·
2192 2895 2194 2897 ’

292 2994 412 3022 cesse
443 2985 539 3022 erat
581 2977 797 3038 diligere,
841 2974 1162 3035 qualiscunque
1210 2982 1356 3030 esset,
1400 2975 1535 3020 talem
1579 2977 1812 3036 habemus,
1855 2985 1908 3021 ut
1942 2978 2126 3022 libenter
2186 2971 2204 3038 '‘z'‘

242 3043 246 3046 ⁵
292 3072 462 3116 quoque
506 3054 761 3115 diligamuS.
829 3053 919 3110 Qui
966 3068 1102 3112 quum
1144 3051 1257 3095 mihi
1298 3053 1346 3096 in
1384 3069 1578 3104 sermone
1623 3055 1872 3110 iniecisset,
1923 3071 1971 3100 se
2012 3055 2123 3100 velle

293 3136 444 3178 Asiam
477 3134 649 3187 visere,
682 3147 767 3174 non
800 3129 924 3174 modo
961 3131 1211 3185 invitatus,
1244 3130 1325 3173 sed
1347 3133 1481 3175 etiam
1513 3141 1698 3194 rogatus
1725 3141 1792 3177 est
1814 3150 1843 3177 a
1867 3151 1965 3192 me,
1998 3143 2050 3179 ut
2076 3134 2128 3178 id

286 3210 726 3272 potissimumnobis
756 3207 1055 3252 obtinentibus
1080 3207 1355 3267 provinciam
1372 3209 1565 3268 faceret.
1634 3211 1716 3255 Cui
1747 3228 1827 3256 nos
1858 3220 1902 3257 et
1934 3214 2121 3257 caritate

293 3297 337 3333 et
369 3305 513 3333 amore
555 3294 681 3332 tuum
724 3286 923 3347 officium
946 3292 1263 3345 praestaturos
1305 3302 1391 3330 non
1423 3287 1550 3331 debes
1581 3287 1796 3335 dubitare.
1860 3289 1988 3334 Illud
2015 3306 2123 3350 quo·
2182 3275 2209 3342 fs}

291 3383 375 3427 que
408 3368 495 3410 erit
520 3365 646 3410 nobis
673 3380 830 3419 curae,
862 3371 915 3407 ut
951 3363 1190 3423 Cratippus
1217 3380 1307 3407 una
1337 3381 1435 3408 cum
1468 3382 1515 3409 eo
1547 3367 1635 3423 sit,
1667 3384 1719 3411 ne
1737 3375 1905 3428 putes,
1935 3368 1983 3412 in
2010 3369 2118 3411 Asia

281 3445 506 3503 feriatum
539 3443 671 3487 illum
704 3442 759 3485 ab
787 3442 847 3485 iis
878 3440 1070 3497 studiis,
1103 3441 1150 3484 in
1174 3457 1295 3500 -quae
1328 3449 1408 3486 tua
1435 3443 1733 3489 cohortatione
1763 3446 2008 3501 incitatur,
2032 3445 2119 3504 fu·
2165 3433 2199 3474 “s

288 3529 448 3564 turum.
516 3523 624 3563 Nam
668 3519 799 3564 illum
839 3526 1084 3578 paratum,
1131 3525 1184 3562 ut
1225 3519 1376 3578 video,
1428 3529 1471 3566 et
1508 3523 1756 3584 ingressum
1796 3522 1929 3584 pleno
1974 3522 2118 3584 gradu
2158 3525 2160 3532 ‘
