2210 3970
288 301 962 324 mummmwvvmmw
967 279 2027 331 mmtmnmmkwumwt.

844 1275 1042 1330 LIBER
1085 1274 1410 1332 OCTAVUS.

282 1477 322 1530 1.
406 1480 452 1529 1.
497 1475 637 1547 Ergo
659 1482 675 1514 ¹
743 1475 810 1532 ad
864 1476 1058 1533 Urbem
1111 1479 1314 1532 accessi
1372 1477 1550 1549 pridie·
1598 1476 1774 1533 Nonas
1825 1451 2047 1536 Ianuar-¹

206 1576 427 1631 Obviam
461 1577 594 1631 mihi
623 1578 701 1631 sic
734 1583 816 1631 est
854 1576 1158 1649 proditum,
1199 1583 1260 1631 ut
1298 1577 1432 1632 nihil
1460 1578 1697 1649 potuerit
1737 1578 1855 1633 fieri
1887 1597 2038 1636 orna-

203 1678 330 1731 tiuS.
424 1677 527 1731 Sed
567 1677 733 1732 incidi
774 1678 828 1731 in
870 1678 1040 1748 ipsam
1079 1677 1354 1733 flammam
1394 1678 1570 1733 civilis
1607 1679 1907 1736 discordiae
1955 1683 2039 1737 vel

202 1778 380 1850 potius
430 1776 588 1832 belli:
642 1777 731 1832 cui
771 1794 940 1849 quum
987 1795 1240 1850 cuperem
1291 1779 1496 1834 mederi
1534 1786 1617 1845 et,
1670 1786 1732 1836 ut
1770 1780 2040 1847 arbitror,

200 1896 439 1950 possem,
492 1878 816 1950 cupiditates
867 1885 1141 1934 certorum
1169 1879 1467 1935 ,hominum
1509 1881 1658 1956 (nam
1697 1898 1764 1937 ex
1809 1889 2039 1955 utraque

197 1985 351 2051 parte
407 1985 562 2034 erant
581 2021 596 2044 ,
655 1979 749 2051 qui
787 1963 1042 2051 ‘pugnare
1100 1979 1381 2054 cuperent)
1448 1980 1832 2053 impedimento
1900 1982 2036 2038 mihi

198 2079 433 2134 fuerunt.
477 2080 727 2135 Diversae
747 2086 768 2117 ²
808 2079 1111 2135 voluntates
1144 2081 1346 2135 civium
1386 2079 1608 2136 fuerunt
1639 2080 2036 2155 distractaeque

195 2181 510 2236 sententiae.
590 2181 705 2236 Non
737 2181 883 2236 enim
913 2180 1152 2236 consiliis
1180 2181 1354 2237 solum
1382 2188 1438 2238 et
1476 2181 1701 2248 studiiS,
1741 2181 1834 2238 sed
1867 2183 2042 2238 armis

195 2283 359 2337 etiam
424 2290 479 2338 et
536 2283 731 2338 castris
795 2282 1206 2338 dissidebamus,
1302 2283 1436 2345 Erat
1491 2289 1674 2339 autem
1731 2280 2034 2340 obscuritas

193 2382 455 2454 quaedam
473 2425 488 2448 ,
546 2389 663 2438 erat
713 2390 988 2439 certamen
1041 2384 1185 2438 inter
1229 2381 1560 2438 clarissimos
1615 2382 1814 2439 duces:
1874 2383 2033 2440 multi

195 2483 541 2550 dubitabant,
581 2483 712 2556 quid
757 2485 1023 2556 optimum
1057 2491 1225 2546 esset:
1264 2483 1454 2549 multi,
1507 2483 1639 2557 quid
1683 2483 1786 2540 sibi
1819 2484 2035 2558 expedi-

193 2590 303 2647 ret;
360 2582 549 2649 multi,
607 2582 738 2655 quid
790 2582 1031 2644 deceret:
1089 2583 1334 2638 nonnulli
1385 2583 1580 2648 etiam,
1639 2583 1771 2655 quid
1821 2583 2026 2640 liceret.

193 2689 244 2739 2.
286 2683 551 2757 Equidem
570 2689 592 2723 ³
625 2683 740 2738 dies
772 2689 1062 2755 noctesque
1099 2681 1412 2755 torquebar,
1453 2698 1552 2738 nec
1571 2687 1595 2721 ⁴
1631 2682 1764 2755 quid
1803 2690 2028 2739 acturus

189 2802 363 2841 essem
384 2828 399 2851 ,
451 2784 705 2840 sciebam.
784 2785 957 2840 Erat⁵
1009 2783 1292 2857 πρόβλημα
1331 2799 1459 2839 sane
1497 2783 1800 2840 πολιτικόνε
1856 2801 2026 2857 quum

188 2893 330 2942 esset
375 2901 592 2940 necesse
624 2891 720 2939 aut
758 2883 942 2939 haberi
981 2884 1222 2939 Caesaris
1261 2885 1556 2949 rationem,
1595 2883 1687 2938 illo
1725 2885 2028 2942 exercitum

188 2985 270 3041 vel
321 3002 417 3059 per
468 2991 717 3041 senatum
767 2984 852 3039 vel
909 3001 1004 3056 per
1055 2984 1302 3039 tribunos
1347 2984 1517 3058 plebis
1568 2983 1876 3050 obtinente,
1929 2993 2024 3041 aut

186 3086 499 3160 persuaderi
539 3086 780 3150 Caesari,
834 3092 896 3140 ut
948 3085 1184 3140 traderet
1235 3086 1569 3158 provinciam
1606 3092 1768 3158 atque
1818 3088 2023 3141 exerci-

190 3194 337 3252 tuin,
391 3194 445 3244 et
484 3189 561 3242 ita
606 3186 791 3242 consul
833 3185 1015 3248 fieret;
1069 3193 1190 3251 aut,
1244 3187 1289 3241 si
1330 3187 1383 3242 id
1424 3204 1528 3242 non
1569 3186 2020 3259 persuaderetur,

251 3374 288 3430 ¹)
321 3370 454 3432 Epist.
482 3369 537 3415 ad
563 3370 765 3414 Tironem
796 3366 871 3426 (ad
887 3369 1006 3412 Fam.
1023 3369 1136 3413 XVI.
1163 3372 1233 3412 11.
1264 3371 1371 3428 §2.)
1405 3395 1461 3402 —
1498 3371 1534 3425 2)
1568 3382 1642 3428 pro
1658 3367 1856 3412 Marcello
1887 3383 1922 3412 c.
1943 3371 2014 3412 10.

188 3449 305 3505 §aa
339 3474 396 3482 -
429 3449 469 3507 ⁵)
502 3447 552 3493 aa
583 3451 673 3492 Att.
706 3448 797 3491 vu.
834 3448 874 3490 9.
909 3446 993 3503 54.
1029 3472 1086 3481 -
1119 3447 1161 3505 4)
1194 3445 1303 3490 lbid.
1330 3449 1426 3492 vu,
1445 3450 1514 3491 10.
1549 3471 1606 3480 -
1640 3447 1681 3504 ⁵)
1713 3445 1825 3491 lbid.
1844 3448 1940 3491 vn.
1970 3448 2013 3490 9.

190 3527 284 3580 §2-
