2210 3970
255 269 361 319 708
719 270 1047 310 ANNAJES
1102 270 1620 308 (nonnosum.

342 407 405 483 (⁴)
449 392 632 461 Oratio
663 420 763 473 pro
804 401 968 454 Druso
990 442 1003 464 ,
1045 398 1221 471 paullo
1258 404 1378 470 post
1417 400 1747 470 superiorem
1784 400 1982 457 habita.
2024 421 2092 458 vl.

265 528 311 564 o.
337 512 426 562 25.
469 510 557 560 65.
639 511 644 514 ’

329 607 413 654 cic.
436 606 491 651 ad
518 611 612 650 Att.
642 616 707 648 lv.
736 606 807 647 15.
836 604 883 647 9.
916 600 1107 644 Messius
1135 598 1456 658 defendebatur
1481 616 1509 643 a
1534 599 1660 643 nobis
1693 627 1752 635 —
1769 633 1781 646 .
1833 602 2002 647 Deinde
2031 621 2100 648 me

269 683 452 746 expedio
471 681 532 726 ad
558 683 780 736 Drusum,
814 678 916 723 inde
943 677 1005 721 ad
1030 680 1260 722 Scaurum.
1325 675 1438 721 Ibid.
1468 680 1527 721 16
1544 694 1584 721 a.
1620 681 1661 723 5.
1697 680 1875 723 Drusus
1906 697 2009 724 reus
2035 689 2104 725 est

258 763 426 821 sactus
459 777 488 804 a
513 758 720 803 Lucretio
737 789 751 812 ,
783 756 1007 800 iudicibus
1024 755 1279 800 reiiciendis
1301 772 1342 800 a.
1361 755 1404 801 d.
1423 770 1466 800 v.
1483 758 1591 802 Non.
1613 757 1767 815 Quint.
1792 759 1876 815 [2.-
1903 762 1930 802 3
1949 759 2102 817 Quint.
2158 805 2161 807 ,

267 840 416 899 (tulii)
448 841 536 882 700
567 852 631 880 Ξ
662 837 690 879 9
724 833 841 878 Iunii
869 836 928 877 54
961 848 998 876 a.
1018 834 1086 889 C.]

348 955 411 1029 (⁵)
456 953 639 1008 Oratio
671 968 767 1023 pro
820 950 884 1004 P.
926 948 1165 1012 Vatinio,
1223 947 1408 1003 eodem
1447 949 1568 1014 die,
1607 969 1712 1023 quo
1742 953 1950 1009 Drusus
1990 961 2108 1010 erat

270 1053 578 1117 absolutuS,
610 1050 793 1104 habita
829 1053 1025 1102 contra
1053 1047 1398 1102 &Licinium
1423 1049 1659 1105 Calvum.
1701 1070 1772 1108 v1.
1810 1071 1855 1108 c.
1884 1058 1974 1111 26.
2013 1061 2102 1112 64.

331 1153 415 1199 Cic.
450 1152 518 1197 ad.
546 1156 599 1210 Q.
633 1149 686 1196 fr.
718 1163 772 1194 11.
806 1152 880 1192 16.
903 1152 944 1192 3.
983 1148 1078 1205 Quo
1106 1146 1177 1190 die
1211 1146 1315 1190 baec
1342 1149 1532 1209 scripsi,
1564 1151 1744 1194 Drusus
1769 1160 1865 1196 erat
1895 1152 1948 1197 de
1971 1169 2106 1215 prae-

270 1232 544 1277 varicatione
582 1247 611 1274 a
635 1227 830 1273 tribunis
858 1226 1049 1270 aerariis
1078 1223 1311 1268 absolutus
1343 1251 1402 1259 --
1421 1258 1432 1270 .
1495 1227 1596 1287 Ego
1624 1228 1770 1273 eodem
1797 1230 1868 1274 die
1885 1241 1997 1292 post
2021 1250 2109 1280 me-

271 1310 431 1355 ridiem
464 1309 691 1352 Vatinium
715 1304 894 1349 aderam
922 1302 1205 1361 defensurus.
1271 1305 1421 1347 Ascon.
1445 1302 1490 1346 in
1517 1306 1742 1350 Scaurian.
1770 1325 1810 1369 p.
1829 1311 1902 1353 18.
1932 1312 2106 1356 Oratio-

273 1404 371 1432 nem
405 1413 465 1423 --
498 1385 620 1429 dixit
651 1410 710 1418 —
737 1398 822 1444 pro
865 1381 1042 1425 Vatinio
1061 1414 1074 1437 ,
1108 1383 1158 1426 L.
1193 1381 1392 1424 Domitio
1423 1380 1704 1427 Ahenobarbo
1736 1393 1779 1429 et
1806 1389 1948 1448 Appio
1979 1389 2111 1435 Clau·

276 1466 350 1511 dio
383 1464 578 1509 Pulchro
611 1478 721 1507 coss.
786 1459 950 1520 Dialog.
973 1459 1027 1503 de
1054 1461 1220 1503 Orator.
1253 1475 1291 1503 c.
1310 1460 1383 1504 21.
1416 1461 1458 1502 2.
1491 1461 1595 1520 Ipse
1620 1462 1734 1506 mibi
1755 1465 1944 1523 Calvus,
1976 1485 2111 1528 quum

271 1561 408 1589 unum
440 1550 484 1586 et
510 1541 708 1602 viginti,
742 1547 795 1584 ut
818 1545 961 1599 puta,
1007 1536 1143 1580 libros
1170 1537 1436 1600 reliquerit,
1467 1536 1546 1581 vix
1577 1539 1626 1582 in
1657 1556 1748 1584 una
1770 1550 1814 1586 et
1841 1543 1986 1589 altera
2012 1562 2109 1590 ora-

272 1620 477 1667 tiuncula
515 1617 764 1676 satisfacit.
813 1643 874 1651 —
921 1617 978 1658 At
1022 1615 1196 1659 hercule
1239 1617 1287 1660 in
1336 1614 1530 1659 omnium
1568 1616 1870 1665 studiosorum
1907 1624 2111 1668 manib-m.

273 1706 510 1744 versantur
541 1695 878 1757 accusationes,
923 1708 1036 1752 quae
1067 1693 1116 1737 in
1152 1694 1379 1738 Vatinium
1407 1694 1742 1754 inscribuntur,
1786 1715 1838 1742 ae
1865 1701 2111 1762 praecipue

276 1775 470 1821 secunda
502 1792 557 1820 ex
587 1775 649 1819 iis
682 1773 839 1817 oratio.
903 1774 991 1814 Est
1023 1771 1138 1814 enim
1169 1771 1313 1815 verbis
1344 1780 1504 1817 ornata
1535 1781 1579 1817 et
1610 1778 1875 1835 sententiis,
1923 1780 2110 1824 aur-ihm

273 1854 474 1900 iudicum
506 1849 844 1895 accommodata.
880 1875 940 1882 --
972 1863 1009 1892 c.
1043 1851 1115 1893 34.
1146 1850 1188 1893 7.
1236 1848 1387 1894 Altero
1421 1858 1465 1894 et
1505 1851 1711 1913 vicesimo
1749 1855 1936 1912 (aetatis
1973 1860 2110 1916 anno)

271 1933 460 1977 Asinius
486 1929 635 1974 Pollio
672 1931 715 1973 G.
749 1929 980 1981 Catonem,
1012 1942 1098 1970 non
1129 1925 1321 1970 multum
1353 1935 1499 1972 aetate
1538 1929 1798 1976 antecedens
1826 1931 1988 1978 Calvus
2024 1937 2106 1979 Va-

272 2010 438 2054 tinium
473 2008 534 2052 iis
567 2006 843 2051 orationibus
877 2006 1071 2050 insecuti
1101 2012 1234 2060 sunt,
1282 2020 1396 2065 quas
1429 2004 1557 2050 hodie
1583 2022 1755 2068 quoque
1787 2026 1885 2054 cum
1917 2011 2111 2057 admira-

273 2089 393 2134 tione
432 2087 635 2148 legimus.
709 2084 848 2129 Valer.
879 2086 988 2127 Max.
1023 2094 1089 2128 Π.
1116 2098 1153 2126 c.
1183 2085 1224 2126 2.
1260 2084 1301 2126 Δ.
1336 2082 1530 2142 (Cicero)
1557 2085 1610 2128 P.
1634 2085 1862 2132 Vatinium
1894 2087 2114 2150 dignitati

276 2182 386 2210 suae
412 2181 582 2226 semper
607 2162 854 2221 infestum,
879 2160 1051 2206 duobus
1060 2159 1262 2221 publicis
1284 2157 1470 2204 iudiciis
1491 2168 1670 2206 tutatus
1691 2170 1780 2216 est,
1815 2173 1868 2210 ut
1894 2167 1991 2212 sine
2017 2168 2113 2215 ullo

278 2244 462 2288 crimine
497 2241 727 2296 levitatis,
769 2242 838 2284 ita
870 2257 969 2283 cum
1002 2239 1160 2300 aliqua
1198 2237 1341 2283 laude.
1417 2239 1605 2298 Quintil.
1641 2254 1705 2286 xl.
1741 2247 1839 2290 c.1,
1873 2247 1945 2290 73,
1978 2247 2115 2292 Dia-it

282 2323 428 2366 Cicero
441 2336 524 2382 pro
551 2318 737 2362 Gabinio
759 2325 804 2361 et
835 2318 888 2361 Ρ.
911 2318 1114 2372 Vatinio,
1146 2317 1475 2367 inimicissimis
1501 2327 1634 2363 antea
1655 2320 1745 2367 sibi
1768 2320 2037 2382 hominibus,
2071 2334 2116 2372 et

276 2401 327 2444 in
355 2415 466 2460 quos
488 2398 710 2442 orationes
727 2398 862 2442 etiam
879 2397 1152 2458 scripserat:
1185 2411 1334 2439 verum
1351 2412 1513 2440 caussa
1529 2397 1653 2441 iusta
1671 2397 1739 2461 fit
1767 2399 1992 2460 fatendo,
2025 2421 2112 2448 non

277 2493 326 2522 se
353 2477 405 2520 de
426 2476 596 2536 ingenii
609 2474 772 2534 fama,
805 2474 886 2520 sed
900 2474 952 2520 de
966 2474 1066 2536 fide
1095 2488 1189 2520 esse
1205 2473 1466 2520 sollicitum.
1529 2473 1645 2522 Conf.
1670 2479 1824 2540 Meyer.
1845 2479 1962 2525 Orat.
1989 2483 2112 2531 Rom.

279 2557 454 2615 Fragm.
490 2566 533 2598 c.
566 2557 607 2596 1.
641 2570 682 2613 p.
702 2556 803 2596 475.
1726 2551 1732 2563 “

359 2673 422 2748 (⁶)
467 2671 649 2727 Oratio
696 2688 793 2742 pro
831 2668 904 2725 M.
943 2669 1167 2724 Aemilio
1201 2669 1431 2735 Scauro,
1491 2688 1651 2742 quem
1693 2673 1983 2733 Sardorum
2027 2678 2116 2735 n'o-

279 2773 425 2828 mine
471 2770 890 2843 repetundarum
941 2769 1305 2841 postulaverat
1354 2771 1412 2824 P.
1442 2770 1688 2828 Valerius
1743 2775 2004 2834 Triarius,
2046 2798 2115 2838 vx.

281 2889 327 2928 o.
354 2877 444 2929 25.
489 2875 582 2927 65.

346 2979 497 3017 Ascon.
528 2970 583 3016 ad
613 2970 836 3015 Scaurian.
866 2987 912 3030 p.
939 2972 1012 3014 18.
1045 2972 1170 3013 Hanc
1197 2985 1369 3030 quoque
1394 2971 1648 3016 Orationem
1674 2973 1832 3018 iisdem
1861 2979 2118 3026 consulibus

228 3094 231 3097 ,
287 3050 439 3106 dixit,
481 3050 644 3111 quibus
667 3065 754 3110 pro
791 3051 993 3104 Vatinio,
1043 3051 1092 3093 L.
1122 3048 1320 3092 Domitio
1351 3047 1632 3093 Ahenobarbo
1671 3058 1715 3094 et
1750 3053 1893 3113 Appio
1931 3056 2115 3102 Claudio

284 3129 481 3172 Pulchro
509 3143 619 3172 coss.
683 3129 891 3172 Summus
917 3126 1079 3171 iudicii
1105 3127 1200 3170 dies
1214 3125 1320 3186 suit
1347 3142 1387 3170 a.
1407 3126 1447 3173 d.
1473 3140 1565 3172 1111.
1584 3129 1687 3173 Non.
1709 3131 1948 3190 Septembr.
1980 3137 2065 3193 [z-
2087 3140 2115 3180 2

285 3211 400 3265 Sept.
430 3209 520 3250 700
551 3221 615 3250 z
649 3207 803 3265 7Aug.
835 3208 908 3249 54.
943 3221 981 3249 a.
1001 3206 1081 3262 C.].
1115 3207 1295 3248 Marcus
1319 3206 1548 3262 Scaurus,
1577 3209 1634 3251 M.
1665 3209 1826 3252 Scauri
1842 3210 2003 3270 filius,
2036 3215 2117 3273 qui

277 3286 490 3345 princeps
521 3289 704 3326 senatus
727 3281 860 3339 suit,
897 3308 957 3316 —-
988 3298 1042 3326 ea·
1061 3289 1280 3342 praetura
1303 3283 1578 3342 provinciam
1607 3286 1863 3331 Sardiniam
1894 3288 2112 3344 obtinuit,

283 3363 332 3407 in
362 3379 450 3422 qua
477 3376 615 3420 neque
641 3361 757 3403 satis
779 3359 1051 3404 abstinenter
1069 3375 1115 3402 se
1143 3361 1338 3420 gessisse
1372 3361 1661 3405 existimatus
1687 3371 1755 3408 est
1777 3373 1821 3408 et
1838 3365 1964 3412 valde
1990 3384 2112 3414 arro-

278 3445 459 3499 ganter:
492 3436 611 3498 quod
636 3452 776 3497 genus
808 3453 977 3481 morum
1003 3438 1050 3480 in
1079 3452 1126 3480 eo
1144 3446 1388 3497 paternum
1414 3439 1673 3496 ridebatur-3
1709 3458 1845 3502 quum
1872 3451 2014 3490 cetera
2043 3445 2110 3489 in·
2147 3446 2150 3447 ⁷

279 3514 454 3560 dustria
504 3530 780 3575 nequaquam
809 3523 921 3559 essct
951 3532 1055 3578 par.
1086 3539 1144 3550 —·-
1178 3518 1281 3575 Ipse
1309 3535 1445 3579 quum
1472 3518 1534 3563 ad
1571 3519 1830 3568 consulatus
1851 3522 2110 3583 petitionem
