2210 3970
319 366 2056 392 U-wnwnmmmm=mmmmffl

926 1328 1132 1386 LIBER·
1165 1327 1481 1385 DECIMUS.
1516 1346 1520 1352 ’

252 1556 257 1585 τ
321 1535 381 1592 vr1.
466 1538 517 1590 1.
557 1535 734 1603 Quum
756 1539 773 1571 ¹
816 1528 1515 1588 ·desensionum.lahoribus
1557 1530 1949 1601 senatoriisque
1985 1545 2101 1583 mu-

254 1634 481 1691 neribus
519 1640 615 1690 aut
658 1633 903 1698 omnine,
944 1639 1038 1688 aut
1075 1648 1272 1704 magna
1307 1647 1372 1687 ex
1410 1637 1565 1705 parte
1602 1641 1777 1686 essem
1801 1623 2107 1702 'aliquando

259 1734 557 1800 liberatus,
594 1734 758 1790 retuli
795 1751 916 1800 me,
967 1731 1225 1789 hortante
1257 1730 1706 1796 maxime-Bruto
1742 1748 1897 1797 meo,
1937 1731 2004 1787 ad
2042 1739 2106 1787 ea

254 1836 442 1892 studia
462 1879 477 1902 ,
518 1853 660 1909 quae·
681 1841 893 1892 retenta
932 1836 1138 1901 animo,
1173 1828 1796 1908 remissa-temporibus,
1835 1823 2005 1905 lon‘go'
2025 1833 2106 1887 in-

260 1935 484 1994 tervallo
517 1937 845 1993 ⁴intermissa
881 1938 1161 1993 revocavi:
1221 1933 1312 2001 et,
1367 1949 1539 2008 quum
1578 1936 1823 2006 omnium
1869 1923 2102 1996 artium,

258 2054 403 2110 quae
440 2037 507 2093 ad
539 2039 745 2094 rectam
777 2037 992 2098 vivendi
1012 2034 1173 2101 viam
1200 2032 1564 2109 pertinerent,
1603 2027 1830 2090 ratio-et
1867 2021 2107 2105 discipli·-

262 2154 333 2193 na
362 2138 556 2194 studio·
591 2139 885 2212 sapientiae
903 2181 919 2204 ,
959 2154 1099 2211 quae
1139 2136 1472 2212 philosophia
1505 2131 1724 2191 ‘dicitur
1743 2176 1758 2200 ,
1811 2130 2108 2190 continere·

264 2247 391 2302 tur:
447 2239 548 2295 hoc
598 2239 734 2295 mihi
771 2239 978 2295 Latinis
1016 2239 1216 2295 litteris
1253 2236 1639 2306 illustrandum
1678 2237 1883 2310 putavi.
1961 2233 2108 2298 Non',

186 2327 189 2329 Δ
264 2342 393 2415 quia
443 2339 777 2415 philosophia
825 2341 1046 2396 Graecis
1083 2347 1138 2396 ct
1186 2339 1386 2396 litteris
1424 2346 1481 2395 et
1538 2337 1846 2395 doctoribus
1903 2336 2108 2415 percipi

264 2458 372 2499 non
411 2448 626 2516 posset:
683 2442 776 2497 sed
815 2457 1008 2497 meum
1036 2458 1250 2515 semper
1287 2440 1553 2497 iudicium
1592 2439 1731 2505 suit,
1791 2435 1971 2493 omnia
1996 2439 2107 2490 “no-

266 2550 409 2598 stros
441 2547 536 2598 aut
575 2543 844 2597 invenisse
881 2559 978 2614 per
1017 2559 1075 2597 se
1114 2521 1413 2616 sapientius
1431 2583 1448 2608 ,
1500 2528 1665 2614 quam
1704 2542 1968 2603 Graecos,
2008 2543 2105 2592 aut

268 2649 486 2716 accepta
526 2642 591 2697 ab
618 2641 727 2697 illis
763 2641 955 2698 fecisse
987 2642 1236 2708 meliora,
1276 2659 1413 2715 quae
1447 2642 1667 2715 quidem
1696 2641 1860 2712 digna
1889 2638 2108 2693 statuis-

268 2751 423 2809 sent,
481 2744 538 2798 in
577 2742 774 2815 quibus
811 2741 1164 2798 elaborarent.
1245 2748 1296 2798 2.
1337 2743 1472 2799 Nam
1530 2759 1708 2798 mores
1755 2747 1809 2795 et
1854 2739 2111 2794 instituta

267 2846 411 2900 vitae
447 2861 641 2917 resque
688 2843 1010 2899 domesticas
1048 2861 1111 2899 ac
1145 2844 1436 2900 familiares
1474 2861 1572 2898 nos
1616 2842 1855 2915 profecto
1895 2847 1951 2895 et
1998 2855 2107 2894 me·

270 2946 377 3001 lius
415 2952 636 3001 tuemur
673 2951 727 3000 et
771 2944 1009 3000 lautius:
1049 2962 1166 3001 rem
1204 2963 1331 3001 vero
1372 2946 1643 3019 publicam
1677 2943 1849 2999 nostri
1881 2941 2113 2997 maiores

270 3054 418 3102 certe
472 3045 786 3102 melioribus
856 3052 1295 3117 temperaverunt
1359 3053 1413 3101 et
1471 3045 1738 3100 institutis
1780 3050 1833 3098 et
1878 3041 2102 3113 legibus.

274 3147 414 3215 Quid
451 3147 640 3220 loquar
691 3147 756 3202 de
795 3164 854 3202 re
905 3147 1171 3202 militari?
1232 3148 1289 3202 in
1329 3164 1437 3220 qua
1475 3163 1644 3219 quum
1684 3147 1886 3200 virtute
1940 3143 2110 3197 nostri

275 3248 873 3313 multum'valuerunt‚
934 3255 1050 3302 tum
1084 3248 1204 3319 plus
1245 3249 1409 3303 etiam
1453 3247 1755 3318 disciplina.
1834 3247 1950 3300 Iam
1991 3243 2115 3306 illa,

278 3365 415 3419 quae
447 3356 669 3414 natura,
711 3367 812 3403 non
855 3350 1051 3404 litteris
1093 3351 1323 3406 assecuti
1364 3356 1525 3415 sunt,
1568 3365 1740 3421 neque
1780 3363 1904 3402 cum
1957 3345 2111 3400 Grae·

339 3598 377 3654 2)
405 3595 529 3639 Taso.
563 3600 592 3639 1.
628 3614 665 3640 e..
694 3601 733 3644 1.
771 3599 853 3656 §L
