2210 3970
281 254 387 304 720
745 263 1072 301 ANNALES
1132 261 1646 299 c1CERoN1AN1.

333 395 417 439 cic.
452 393 506 437 ad
534 391 716 436 Marium
746 392 821 449 (ad
846 397 963 437 Fam.
993 406 1072 436 vn.
1101 395 1142 437 2.
1169 395 1232 451 2.)
1271 393 1335 434 De
1370 393 1518 434 Bursa
1545 398 1588 434 te
1616 388 1809 450 gaudere
1842 398 1957 434 certo
1984 391 2102 447 scio5

267 472 347 517 sed
376 472 510 516 nimis
537 470 772 514 verecunde
806 471 917 513 mihi
946 470 1207 530 gratularis.
1274 471 1420 512 Putas
1452 469 1592 522 enim,
1625 475 1678 511 ut
1705 466 1892 522 scribis,
1917 476 2103 528 propter

270 549 460 593 hominis
488 547 637 591 sordes
664 550 810 591 minus
840 563 906 590 me
928 564 1133 608 magnam
1161 547 1288 591 illam
1317 546 1537 589 laetitiam
1557 552 1735 605 putare.
1804 544 1964 588 Credas
1990 545 2102 589 mihi

267 627 429 682 velim,
463 626 607 686 magis
639 642 706 669 me
738 624 902 668 iudicio
938 624 1043 680 hoc,
1078 642 1210 685 quam
1241 632 1378 668 morte
1405 623 1580 667 inimici
1613 622 1856 679 laetatum,
1889 631 1972 667 cet.
2037 623 2103 668 ld.

268 705 378 750 Phil.
423 717 484 748 vl.
529 719 566 747 c.
596 707 636 748 4.
666 706 737 747 10.
785 703 1029 759 Plancum,
1079 704 1159 763 qai
1199 701 1399 746 omnibus
1443 701 1677 744 sententiis
1728 701 1922 744 maximo
1960 707 2102 743 vestro

259 783 432 845 plausu
464 781 776 826 condemnatas
795 814 808 836 ‚
841 781 988 824 nescio
1027 779 1238 840 quomodo
1267 795 1313 822 se
1340 778 1526 822 coniecit
1562 778 1611 821 in
1639 778 1834 833 turbam,
1869 785 2003 838 atque
2035 779 2104 821 ita

265 869 463 905 maestus
485 859 645 914 rediit,
679 866 732 902 ut
759 866 1003 912 retractus,
1033 874 1118 900 non
1145 872 1346 901 reversus
1373 855 1619 910 videretur,
1644 856 1709 898 sic
1736 856 1973 900 contemnit
1996 856 2103 912 (An-

265 939 467 996 tonius),
501 945 729 996 tamquam
762 936 805 978 si
835 935 911 978 illi
937 951 1055 995 aqaa
1073 943 1115 978 et
1133 935 1230 995 igni
1262 932 1550 977 interdictum
1583 933 1669 976 sit:
1699 931 1942 991 aliquando
1971 940 2103 993 negat

266 1016 308 1060 ei
341 1015 483 1059 Iocum
524 1030 617 1057 esse
665 1021 863 1073 oportere
905 1014 953 1056 in
986 1012 1134 1065 caria,
1184 1010 1264 1070 qai
1296 1009 1543 1053 incenderit
1581 1010 1766 1054 cariam.
1848 1009 1960 1054 lbid.
1994 1021 2103 1054 1111.

264 1109 300 1138 c.
321 1095 395 1137 12.
430 1095 503 1136 27.
543 1094 587 1137 T.
617 1090 839 1146 Plancus,
881 1091 923 1134 si
955 1098 1159 1133 senatum
1190 1087 1456 1142 dile-risset,
1488 1103 1728 1147 numquam
1761 1089 1930 1130 curiam
1957 1088 2104 1132 incen-

267 1170 420 1215 disset.
490 1170 584 1227 Quo
618 1169 780 1213 scelere
813 1168 1050 1212 damnatus
1074 1168 1121 1211 in
1150 1182 1244 1209 eam
1268 1165 1419 1208 urbem
1447 1164 1584 1208 rediit
1616 1166 1755 1208 armis
1773 1198 1786 1220 .,
1819 1164 1934 1209 unde
1958 1180 2102 1209 exces-

265 1256 388 1292 serat
422 1247 606 1307 legibus.
678 1247 755 1291 Dio
788 1260 856 1291 XL.
891 1263 926 1292 c.
958 1252 1029 1291 55.
1064 1250 1103 1290 1.
1147 1247 1209 1290 ⁰0
1248 1261 1297 1289 τε
1323 1245 1578 1307 Πλάγκος,
1623 1243 1793 1302 ἐπειδή
1826 1243 2015 1306 πρῶτον
2049 1242 2103 1289 ἐκ

267 1329 350 1385 τῆς
379 1326 530 1387 ἀρχῆς
562 1323 795 1383 ἐξῆλθεν,
829 1351 891 1360 --
927 1324 1100 1383 (ἑ-άλω)
1126 1324 1211 1369 διά
1241 1323 1324 1381 τήν
1352 1326 1440 1369 τοῦ
1469 1322 1814 1386 βουλευτηρίου
1845 1324 2102 1387 ἔμπρησιν,

268 1410 432 1452 καίτοι
470 1406 535 1469 τῷ
568 1407 777 1470 Πλάγκῳ
823 1407 906 1452 καὶ
942 1409 1028 1451 τοῦ
1069 1407 1333 1465 Πομπηίου
1369 1403 1822 1460 συσπουδάσαντος,
1855 1405 1979 1451 ὥστε
2019 1409 2101 1451 καὶ

268 1486 465 1548 βιβλίον
511 1484 713 1531 ἔπαινόν
751 1502 801 1531 τε
841 1487 942 1546 ἅμα
976 1485 1131 1530 αὐτοῦ
1171 1486 1253 1528 καὶ
1289 1484 1502 1528 ἱκετείαν
1539 1482 1652 1540 ἔχον
1685 1482 1746 1536 ψές
1781 1482 1836 1528 τὸ
1869 1483 2107 1541 δικαστή-

268 1584 376 1629 ριον
410 1564 644 1626 ἔπεμψεν.
692 1565 719 1611 ὁ
754 1569 842 1629 γάρ
874 1568 1053 1611 Κάτων
1102 1564 1129 1610 0‘
1159 1565 1362 1625 Μάρκος
1399 1562 1639 1619 (δικάζειν
1672 1562 1724 1608 δὲ
1759 1562 1975 1623 ἔμελλεν)
2010 1563 2101 1610 οὐκ

270 1645 361 1706 ἔφη
390 1645 473 1691 τὸν
490 1644 751 1704 ἐπαινέτην
779 1643 861 1691 ἐπὶ
893 1648 950 1702 τῇ
976 1646 1070 1690 τῶν
1096 1642 1273 1690 ἑαυτοῦ
1309 1643 1468 1702 νόμων
1494 1643 1759 1688 καταλύσει
1780 1645 2102 1707 προσίεσθαι.

269 1729 351 1773 καὶ
387 1725 413 1770 ό
438 1723 524 1786 μὲν
557 1724 727 1771 οὐκέτι
762 1725 846 1783 τήν
874 1728 1036 1785 ψῆφον
1079 1724 1279 1769 ἔδωκεν·
1307 1748 1364 1758 —
1391 1721 1450 1766 Οἱ
1480 1719 1650 1780 μέντοι
1694 1722 1835 1768 ἄλλοι
1871 1722 2105 1769 δικασταὶ

268 1807 663 1865 κατεψηφίσαντο
706 1804 890 1869 αὐτοῦ.
931 1830 991 1838 --
1027 1808 1200 1867 καίπερ
1233 1806 1314 1849 καὶ
1356 1804 1469 1848 τότε
1517 1801 1543 1847 ὁ
1569 1801 1782 1863 Κικέρων
1817 1801 1961 1848 οὐδὲν
1994 1801 2109 1863 βέλ-

267 1902 375 1931 τιον
406 1887 491 1930 τοῦ
526 1884 753 1947 Πλάγκου
782 1887 1106 1948 κατηγόρησεν
1140 1883 1169 1943 ἢ
1205 1880 1449 1944 ὖπὲρτοῦ
1481 1883 1710 1934 Μίλωνος
1745 1881 2104 1946 ἀπελογήσατο·

268 1964 297 2023 ἦ
330 1981 380 2010 τε
409 1966 496 2027 γάρ
536 1967 623 2008 τοῦ
650 1963 968 2027 δικαστηρίου
1000 1963 1116 2024 ὄψις
1147 1962 1172 2021 ἦ
1198 1962 1323 2019 αὕτη
1357 1955 1438 2020 ἦν,
1471 1964 1552 2007 καὶ
1586 1960 1611 2006 0‘
1638 1961 1898 2023 Πομπήιος
1921 1964 1973 2007 ἐν
2000 1961 2107 2008 ἑκα-

267 2042 388 2104 τέρῳ
439 2041 672 2088 τάναντία
717 2044 765 2089 οἱ
813 2046 893 2090 καὶ
944 2042 1229 2104 ἐβουλεύετο
1280 2045 1361 2088 καὶ
1403 2040 1658 2103 ἔπραττεν.
1729 2039 1846 2085 Conf.
1885 2040 2106 2087 Plutarch.

265 2125 410 2182 Pomp.
445 2136 480 2164 c.
502 2125 575 2165 55.
613 2124 654 2164 4.

343 2199 406 2273 (⁹)
452 2199 638 2254 Sermo
672 2199 734 2254 de
773 2199 995 2253 Finibus
1033 2199 1296 2255 Bonorum
1322 2209 1369 2256 et
1389 2200 1682 2265 Malorum,
1723 2215 1883 2271 quem
1922 2198 2105 2254 Cicero

263 2306 447 2373 postea
493 2299 563 2373 [v.
607 2299 674 2354 ad
715 2317 762 2354 a.
808 2304 931 2355 709.
978 2300 1085 2374 11.)
1141 2303 1342 2374 scripto
1389 2301 1760 2372 consignavit,
1813 2299 1912 2354 hoo
1967 2316 2106 2354 anno

265 2401 483 2455 habitus
522 2419 637 2456 esse
679 2402 917 2473 fingitur.
954 2419 1002 2456 x.
1048 2420 1093 2456 c.
1130 2407 1214 2456 15.
1258 2408 1346 2459 50.

328 2493 411 2536 Cic.
440 2492 493 2537 de
518 2492 660 2536 Finib.
692 2497 736 2538 B.
767 2501 810 2536 et
836 2497 886 2537 Μ.
918 2506 966 2538 11.
1002 2509 1037 2539 c,
1064 2497 1136 2538 18.
1172 2497 1247 2538 57.
1312 2493 1404 2538 Sed
1429 2496 1559 2556 finge
1590 2509 1677 2537 non
1715 2492 1859 2536 solum
1892 2491 2106 2537 callidam

265 2587 388 2626 eum,
438 2571 518 2630 qai
549 2569 731 2631 aliquid
761 2570 956 2630 improbe
979 2570 1158 2629 faciat,
1199 2588 1347 2615 veram
1391 2573 1527 2615 etiam
1561 2577 1920 2631 praepotentem:
1959 2577 2012 2614 ut
2043 2573 2102 2614 M.

270 2636 458 2693 crassas
491 2648 628 2707 fuit,
674 2648 753 2708 qai
787 2656 931 2692 tamen
976 2647 1146 2692 solebat
1192 2649 1264 2691 uti
1295 2664 1375 2692 suo
1411 2649 1552 2702 bono,·
1590 2655 1643 2691 ut
1688 2647 1815 2691 hodie
1847 2656 1915 2692 est
1955 2655 2106 2692 noster

266 2727 532 2787 Pompeius,
566 2727 640 2770 cui
662 2734 777 2770 recte
790 2726 992 2785 facienti
1011 2727 1166 2787 gratia
1194 2733 1261 2769 est
1286 2725 1507 2769 habenda:
1541 2741 1635 2769 esse
1663 2727 1777 2770 enim
1805 2743 1941 2788 quum
1972 2725 2106 2770 vellet

265 2805 451 2865 iniquus
469 2837 481 2858 .,
506 2811 689 2864 poterat
719 2804 910 2864 impune.
978 2803 1085 2848 lbid.
1109 2818 1171 2849 lv.
1200 2807 1289 2846 c.1.
1316 2806 1356 2846 1.
1391 2803 1476 2846 Ain
1505 2804 1680 2848 tandem
1699 2838 1711 2860 ,
1752 2806 1926 2866 inquit,
1971 2821 2104 2866 quum

269 2898 344 2944 ego
377 2890 420 2925 te
462 2881 543 2925 hac
584 2898 695 2925 nova
735 2881 827 2941 lege
866 2884 927 2940 [V.
957 2882 1012 2925 ad
1047 2898 1082 2926 a.
1107 2885 1212 2926 702.
1247 2883 1315 2939 3.]
1362 2880 1535 2925 videam
1568 2882 1715 2927 eodem
1751 2883 1823 2927 die
1857 2883 2107 2927 accusatori

266 2959 525 3021 respondere
543 2997 555 3018 ‚
599 2967 644 3003 et
674 2958 817 3003 tribus
844 2959 965 3002 horis
988 2975 1226 3020 perorare,
1259 2959 1308 3002 in
1342 2959 1422 3004 hac
1450 2977 1517 3004 me
1549 2977 1712 3004 caussa
1739 2970 1912 3022 tempus
1939 2960 2107 3005 dilatu-

238 3039 242 3042 ’
268 3055 366 3084 rum
381 3046 526 3099 putas
541 3038 567 3080 Ρ

347 3125 433 3200 (¹⁰)
476 3125 659 3179 Cicero
692 3123 791 3178 hoc
832 3141 1003 3188 ann0,
1065 3132 1209 3180 certe
1248 3131 1366 3197 post
1409 3125 1758 3181 Milonianum
1805 3125 2106 3190 iudicium,

269 3243 297 3281 e
336 3226 537 3281 Graeco
574 3227 629 3279 in
668 3225 920 3279 Latinum
954 3243 1254 3281 sermonem
1296 3228 1562 3281 convertit
1593 3227 1864 3281 Aeschinis
1895 3228 1950 3280 in
1994 3227 2101 3282 Cle-

269 3327 557 3398 siplzonlem
593 3335 640 3382 et
674 3327 1034 3382 Demosthenis
1060 3345 1160 3398 pro
1199 3328 1522 3399 Ctesiphonte
1559 3330 1813 3383 orationes
1823 3348 1841 3391 ,·
1882 3328 2104 3400 quibus5

267 3428 525 3501 prooemii
558 3427 702 3493 loco5
745 3430 1022 3501 praemisit
1051 3428 1249 3485 librum
1283 3430 1346 3485 de
1377 3430 1568 3501 optimo
1600 3444 1786 3502 genere
1819 3438 2097 3485 oratorum.

272 3546 304 3583 1.
342 3546 388 3584 o.
418 3530 506 3584 24.
554 3532 640 3583 80.
