2210 3970
237 232 347 285 656
698 245 1028 284 ANNALES
1085 246 1595 290 omanorum.

233 392 322 435 μεν
354 378 435 421 καὶ
469 375 605 421 δεινά
649 378 730 422 καὶ
765 376 823 423 τὸ
854 375 1067 436 ὑπήκοον
1101 375 1155 423 τὸ
1184 375 1234 423 ἐν
1267 380 1323 438 τῆ
1356 380 1673 442 Μακεδονία,
1707 379 1849 444 ἄρξας
1878 383 2056 442 αὐτῆς,

233 459 316 502 καὶ
350 458 405 502 τὸ
442 455 702 502 ἔνσπονδον
730 457 1018 519 εἰργάσατο,
1063 457 1220 503 πολλὰ
1253 456 1308 503 δὲ
1341 462 1423 506 καὶ
1458 458 1760 507 ἀντέπαθεν.
1795 462 1854 508 τά
1893 479 1944 508 τε
1974 464 2061 525 γάρ

231 535 326 580 τῶν
356 535 621 597 Δαρδάνων
647 537 730 580 καὶ
764 536 823 581 τά
852 536 946 581 τῶν
971 534 1319 598 πλησιοχώρων
1347 542 1494 597 σφίσι
1521 538 1775 601 πορθήσας
1808 540 1899 586 οὐκ
1930 539 2061 586 ἐτόλ-

228 630 378 674 μησεν
413 613 645 667 ἐπιόντας
681 613 867 668 αὐτούς
910 613 1204 676 ὑπομεῖναι,
1239 617 1348 664 ἀλλ’
1382 616 1447 670 ὡς
1479 620 1563 665 καὶ
1594 617 1671 664 ἐπ’
1704 617 1823 664 ἄλλο
1853 636 1901 664 τι
1935 620 2059 679 μετὰ

230 693 327 738 τῶν
353 693 536 739 ἱππέων
567 693 882 758 ὑποχωρήσας
911 695 1104 759 ἔφυγεν,
1142 701 1225 744 καὶ
1258 696 1389 744 οὕτω
1419 698 1539 750 τούς
1563 698 1742 750 πεζούς
1768 697 1952 744 ἐκεῖνοι
1983 715 2063 744 πε·

228 773 484 833 ρισχόντες
524 772 578 819 ἔκ
612 791 663 821 τε
695 777 780 833 τῆς
810 773 971 837 χώρας
1003 775 1178 835 βιαίως
1203 777 1440 838 ἐξήλασαν
1478 780 1562 824 καὶ
1593 777 1679 838 τήν
1712 779 1847 824 λείαν
1880 795 2065 840 προσαο

224 853 484 909 φείλοντο.
526 853 581 900 τὸ
619 853 663 898 δ’
701 853 826 900 αὐτὸ
861 858 1010 900 τοῦτο
1043 858 1265 945 καὶπερὶ
1299 860 1418 910 τούς
1450 858 1732 919 συμμάχους
1764 859 1883 910 τούς
1915 856 1968 902 ἐν
2002 861 2058 917 τῇ

223 934 398 993 Μυσίᾳ
435 931 643 988 ποιήσας
684 931 872 991 ἡττήθη
915 934 1038 996 πρὸς
1077 938 1134 993 τῇ
1175 935 1268 980 τῶν
1306 936 1595 998 Ἰστριανῶν
1625 939 1766 983 πόλει
1800 937 1922 999 πρὸς
1968 937 2061 983 τῶν

221 1011 440 1057 Σκυθῶν
479 1012 574 1057 τῶν
614 1013 941 1075 Βασταρνῶν,
992 1011 1429 1073 ἐπιβοηθησάντων
1477 1013 1697 1105 αὐτοῖς,
1727 1019 1810 1063 καὶ
1853 1015 2059 1079 ἀπέδρα.

224 1088 332 1148 [cfr.
365 1089 417 1135 ad
447 1106 483 1135 a.
513 1092 616 1135 695.
646 1092 713 1149 2.]

300 1166 364 1242 (⁵)
406 1167 463 1223 L.
504 1168 722 1224 Flavius
771 1168 1025 1226 tribunus
1078 1170 1248 1244 plebis
1288 1170 1464 1243 legem
1505 1171 1774 1243 agrariam
1825 1171 2061 1243 promul-

223 1274 316 1339 gat
347 1275 566 1324 auctore
596 1270 846 1342 Pompeio
879 1270 944 1326 de
977 1272 1122 1342 agris
1151 1269 1452 1326 dividendis
1488 1272 1632 1325 inter
1669 1271 1872 1326 milites
1906 1272 2061 1327 Pom·-

220 1370 329 1442 peii
368 1377 422 1425 et
453 1371 691 1444 plebem;
731 1389 835 1445 qua
875 1389 940 1427 ex
971 1372 1089 1444 lege
1123 1373 1341 1435 Cicero,
1384 1371 1622 1428 secunda
1654 1372 1927 1427 concionis
1970 1389 2060 1427 vo-

219 1470 462 1536 luntate,
515 1472 694 1526 omnia
724 1471 817 1526 illa
855 1471 1026 1538 tollit,
1066 1490 1203 1544 quae
1242 1472 1311 1528 ad
1349 1473 1687 1545 privatorum
1720 1471 2057 1528 incommoda

220 1570 588 1644 pertinebant,
626 1572 926 1645 liberatque
958 1589 1178 1644 agrum,
1219 1573 1314 1646 qui
1346 1571 1413 1629 ab
1447 1589 1497 1628 a.
1516 1575 1647 1628 621.
1678 1571 1857 1628 fuerat
1885 1573 2057 1645 publi-

220 1690 340 1729 cus,
378 1676 644 1730 iv.*c.16.
694 1677 785 1729 40.

279 1766 364 1812 cic.
388 1765 444 1811 ad
476 1769 570 1810 Att.
605 1777 634 1810 1.
669 1766 743 1809 18.
771 1767 812 1809 6.
849 1765 1041 1825 Agraria
1070 1771 1221 1809 autem
1238 1763 1533 1826 promulgata
1557 1770 1627 1808 est
1657 1781 1686 1808 a
1716 1764 1874 1809 Flavio
1890 1797 1905 1821 ‚
1946 1780 2054 1810 sane

219 1844 355 1901 levi-95
385 1842 534 1887 eadem
552 1842 687 1901 fere,
727 1859 841 1905 quae
862 1843 971 1903 fuit
1005 1843 1173 1889 Plotia.
1238 1843 1350 1888 Ibid.
1384 1855 1439 1887 11.
1473 1845 1515 1887 1.
1551 1843 1592 1886 6.
1630 1840 1760 1900 Quod
1790 1840 1842 1886 de
1869 1843 2053 1903 agraria

221 1923 314 1984 lege
341 1921 545 1984 quaeris,
578 1936 684 1964 sane
707 1921 799 1964 iam
824 1919 1001 1967 videtur
1031 1919 1286 1981 refrixisse.
1351 1918 1462 1965 Ibid.
1493 1931 1549 1963 11.
1580 1921 1621 1962 3.
1654 1923 1696 1963 3.
1729 1918 1820 1962 Est
1843 1934 1913 1962 res
1945 1934 2052 1963 sane

215 2002 368 2062 magni
387 2000 579 2044 consilii.
642 2000 754 2042 Nam
780 2005 861 2042 aut
876 1998 1070 2054 fortiter
1095 1997 1390 2044 resistendum
1417 2004 1486 2041 est
1513 1997 1602 2058 legi
1629 1996 1835 2056 agrariae
1847 2018 1865 2051 ,-
1895 1997 1944 2040 in
1965 2013 2051 2057 quo

217 2087 286 2123 est
317 2077 531 2140 quaedam
565 2076 822 2134 dimicatio,
858 2067 939 2120 sed
959 2075 1100 2138 plena
1132 2075 1308 2121 laudis:
1341 2082 1422 2119 aut
1453 2072 1763 2136 quiescendum
1776 2095 1793 2129 ,·
1835 2074 1955 2135 quod
1983 2080 2051 2119 est
2124 2068 2130 2074 ’
2204 2101 2210 2114 .

215 2173 303 2201 non
334 2154 554 2200 dissimile
584 2161 718 2216 atque
743 2155 811 2199 ire
835 2155 885 2199 in
928 2153 1159 2199 Solonium
1191 2160 1274 2198 aut
1303 2153 1520 2198 Antium.-
1558 2159 1641 2196 aut
1671 2152 1807 2195 etiam
1836 2151 2051 2197 adiuvan-

211 2235 346 2292 dum,
385 2233 505 2296 quod
538 2250 566 2277 a
594 2249 662 2277 me
693 2232 825 2278 aiunt
856 2234 1084 2277 Caesarem
1114 2232 1181 2276 sic
1212 2238 1500 2293 exspectare,
1531 2237 1584 2275 ut
1621 2246 1708 2274 non
1739 2228 1923 2276 dubitet.
1974 2231 2051 2278 Dio

214 2327 395 2360 xxxvn.
423 2317 549 2358 c.50.
581 2316 621 2357 1.
655 2315 756 2358 Τοῦ
791 2315 909 2375 γοῦν
940 2310 1187 2373 δημάρχου
1219 2312 1456 2388 [Λούκιος
1482 2307 1538 2356 δὲ
1565 2309 1626 2368 δή
1658 2310 1824 2355 Φλαοί
1818 2325 1906 2361 ιος
1932 2307 2049 2355 ὠνο-

213 2394 414 2455 μάζετο]
447 2395 534 2438 τοῦ
572 2409 656 2450 την
685 2394 769 2453 γῆν
799 2398 901 2444 τοῖς
929 2391 995 2437 τῶ
1021 2392 1264 2453 Ποαπηίω
1297 2378 1727 2449 συνεξητασμένοις
1758 2397 2045 2450 κατανεῖμαι

215 2470 543 2536 ἐσηγουμένου
564 2471 966 2533 προσγράψαντος
998 2474 1053 2529 τῇ
1084 2467 1245 2534 γνώμῃ
1278 2468 1333 2515 τὸ
1373 2471 1455 2514 καὶ
1485 2471 1611 2515 πᾶσι
1643 2476 1748 2521 τοῖς
1768 2467 2045 2528 πολίταις,

217 2552 346 2604 ὅπως
376 2551 529 2597 τοῦτό
555 2566 606 2595 τε
643 2548 766 2596 αὐτὸ
794 2550 916 2611 ῥᾷον
943 2553 1254 2610 ψηφίσωνται
1283 2550 1365 2593 καὶ
1395 2549 1453 2593 τά
1481 2547 1768 2610 πραχθέντα
1802 2549 1937 2611 αὐτῷ
1971 2549 2049 2610 βε·-

214 2631 500 2695 βαιώσωσι,
536 2629 739 2693 κλήρους
770 2630 907 2682 τινάς
939 2628 1182 2687 δοθῆναι,
1217 2624 1301 2672 ἐπὶ
1328 2630 1427 2673 πᾶν
1462 2626 1489 2671 ὁ
1517 2626 1769 2680 Μέτελλος
1802 2627 2050 2675 ἀνθιστά-

215 2728 355 2773 μενος
383 2709 674 2766 ἐπεξῆλθεν,
710 2707 834 2754 ὥστε
859 2711 940 2754 καὶ
966 2708 1016 2761 ἐς
1046 2707 1100 2753 τὸ
1128 2699 1306 2767 οἴκημα
1339 2704 1420 2752 ὑπ’
1447 2705 1604 2753 αὐτοῦ
1633 2705 1940 2767 ἐμβληθῆναι
1965 2712 2046 2755 καὶ

214 2791 302 2850 τήν
339 2792 590 2854 γερουσίαν
622 2786 846 2834 ἐνταῦθα
874 2786 1112 2848 ἀθροῖσαι
1150 2786 1416 2844 ἐθελῆσαι.
1450 2783 1645 2842 ἐπείτε
1688 2786 1876 2840 ἐκεῖνος
1907 2790 1962 2834 τό
1996 2805 2049 2835 τε

214 2869 404 2932 βάθρον
448 2867 503 2915 τὸ
548 2866 848 2930 δημαρχικὸν
889 2865 940 2912 ἑν
985 2867 1110 2927 αὐτῇ
1150 2870 1205 2925 τῇ
1236 2864 1395 2928 ἐσόδῳ
1426 2865 1584 2912 αὑτοῦ
1623 2864 1799 2925 ἔθηκε,
1847 2872 1930 2914 καὶ
1966 2868 2044 2915 ἐπ’

218 2950 352 3012 αὐτῷ
396 2949 718 3008 καθεζόμενος
750 2946 972 3009 ἐμποδὼν
1001 2947 1126 2994 ὥστε
1161 2944 1344 3006 μηδένα
1373 2943 1564 2994 ἐσιέναι
1599 2943 1842 3010 ἐγίγνετο,
1878 2948 1964 2995 τόν
1995 2967 2046 2996 τε

215 3040 385 3089 τοῖχον
424 3034 510 3077 τοῦ
553 3029 882 3090 δεσμωτηρίου
918 3027 1213 3085 διακοπῆναι
1247 3025 1520 3080 ἐκέλευσεν,
1550 3025 1683 3080 ὅπως
1716 3026 1788 3072 δι’
1823 3027 1979 3076 αὐτοῦ
2018 3029 2045 3089 ῆ

215 3110 365 3173 βουλή
402 3109 608 3171 ἐσέλθῃ,
637 3110 737 3159 ,καὶ
777 3106 841 3160 ὡς
884 3109 1211 3168 νυκτερεύσων
1255 3108 1379 3169 κατὰ
1418 3103 1585 3168 χώραν
1630 3109 2043 3169 παρεσκευάζετο.

213 3191 389 3252 μαθὼν
422 3183 509 3235 ουν
552 3190 698 3235 τοῦθ’
732 3205 758 3234 ο
784 3186 1065 3246 Πομπήιος,
1112 3191 1194 3233 καὶ
1229 3189 1517 3245 αἰσχυνθείς
1551 3204 1602 3232 τε
1636 3188 1736 3248 ἅμα
1770 3190 1850 3234 καὶ
1877 3187 2045 3242 δείσας

213 3269 279 3330 μή
308 3272 390 3315 καὶ
426 3268 451 3313 ὁ
483 3269 633 3329 δῆμος
660 3266 990 3331 ἀγανακτήσῃ,
1037 3267 1299 3327 προσέταξε
1335 3267 1400 3312 τῶ
1428 3267 1653 3346 Φλαουίῳ
1688 3266 2038 3326 ἀπαναστῆναι.

213 3331 315 3379 κτέ.

292 3410 354 3485 (⁶)
393 3411 449 3464 P.
476 3410 718 3476 ClodiuS,
754 3408 1025 3466 Ciceronis
1057 3407 1350 3464 ulciscendi
1387 3426 1576 3464 caussa
1607 3407 1915 3465 tribunatus
1949 3427 2037 3466 cu-

212 3511 399 3586 pidu8‚
431 3512 804 3572 transitionem
845 3509 911 3566 ad
950 3509 1155 3582 plebem
1184 3510 1421 3566 molitur.
1456 3528 1525 3566 ιν.
1574 3512 1732 3573 0.,12.
1774 3514 1865 3565 50.
