2210 3970
422 249 590 306 L.1x.
634 250 861 306 axau.
904 250 943 323 g
972 255 1074 305 117
1116 280 1190 298 -.-
1229 266 1273 302 ο.
1300 248 1482 304 xmn.
1527 250 1565 322 g
1594 252 1715 303 120.
1883 252 1983 303 451

234 499 419 559 XLIII.
496 505 628 560 119.
668 504 887 558 Ponite¹
933 502 1206 558 iam'vante
1243 498 1424 555 oculos
1463 501 1717 555 miseram
1753 497 1899 554 illam
1940 504 1995 553 et

159 600 389 657 flebilem
416 603 683 675 speciem:
727 609 1055 659 nocturnum
1082 604 1344 675 impetum
1379 602 1435 655 in
1470 601 1659 655 urbem
1702 600 1859 654 Asiae
1890 598 1993 653 ela·

156 701 427 757 rissimam
448 742 463 766 ,
517 702 873 775 irruptionem
934 709 1269 759 armatorum
1318 702 1374 756 in
1433 700 1686 756 Trebonii
1747 699 1997 763 domum,

157 819 326 875 quum
377 802 543 857 miser
590 803 678 858 ille
716 806 869 876 prius
926 805 1199 860 latronum
1246 802 1452 876 gladios
1501 801 1739 866 videret,
1797 816 1962 873 quam
1983 840 1999 864 ‚

157 919 296 976 quae
351 920 440 959 res
479 912 654 970 esset,
714 905 986 962 audisset:
1049 905 1279 962 furentis
1331 905 1617 960 introitum
1665 900 1963 959 Dolabellae
1983 942 1998 964 ,

157 1019 343 1060 vocem
381 1006 651 1078 impuram
685 1013 848 1078 atque
888 1024 946 1063 os
992 1006 1125 1062 illud
1164 1006 1364 1062 infame
1384 1049 1399 1072 ‚
1437 1004 1683 1070 vincula,
1740 1001 1963 1058 verbera
1984 1043 1999 1066 ,

156 1103 402 1161 eculeum
423 1148 442 1171 ,
479 1112 737 1163 tortorem
770 1107 1191 1180 carnificemque
1225 1107 1569 1163 Samiarium.
1610 1102 1956 1160 Consularem
1976 1105 2000 1139 ²

158 1205 459 1273 hominem,
499 1208 768 1263 consulari
799 1210 1024 1281 imperio
1055 1210 1389 1282 provinciam
1416 1208 1599 1264 Asiam
1638 1205 1999 1268 obtinentem,

159 1305 425 1363 Samiario
458 1309 631 1364 exsuli
661 1308 920 1365 tradidit:
962 1309 1269 1365 interlicere
1305 1314 1526 1380 captum
1564 1306 1752 1361 statim
1796 1303 1999 1367 noluit,

157 1423 227 1464 ne
251 1408 642 1476 nimis,>credo
663 1452 677 1474 ‚
717 1409 773 1463 in
809 1407 1033 1464 victoria
1067 1408 1302 1463 liberalis
1337 1406 1630 1462 videretur.
1673 1405 1854 1472 Quum
1880 1419 1997 1458 ver·

156 1506 348 1564 horum
368 1508 728 1564 contumeliis
767 1510 1033 1581 optimum
1074 1509 1252 1564 virum
1294 1509 1500 1563 incesto
1550 1523 1643 1561 ore
1675 1505 1962 1561 lacerasset
1983 1543 1997 1566 ‚

158 1614 277 1664 tum
315 1607 629 1664 verberibus
669 1625 732 1665 ac
771 1610 1057 1665 tormentis
1094 1609 1464 1681 quaestionem
1514 1606 1703 1661 habuit
1742 1604 1999 1678 pecuniae

159 1707 409 1782 publicae
421 1731 449 1776 ·,›
460 1709 622 1783 idque
647 1727 744 1783 per
782 1710 1023 1766 biduum.
1076 1711 1202 1766 Post
1222 1709 1525 1767 cervicibus
1550 1714 1715 1781 caput
1738 1705 1999 1770 abscidit,

158 1808 575 1883 idque.affixum
614 1812 814 1883 gestari
849 1812 1010 1867 iussit
1051 1813 1106 1866 in
1144 1811 1278 1884 pilo:
1332 1810 1603 1882 reliquum
1650 1824 1845 1881 corpus
1890 1814 1999 1863 tra·

158 1916 310 1967 etum
347 1916 536 1985 atque·
560 1912 824 1970 laniatum
872 1913 1068 1969 abiecit
1120 1914 1177 1968 in
1223 1929 1388 1968 mare.
1470 1911 1636 1980 Quis⁸
1676 1909 1850 1965 bonus
1894 1924 1999 1963 non

159 2009 310 2084 luget
331 2015 571 2068 ‘mortem
620 2012 909 2069 Trebonii?
950 2015 1074 2086 quis
1107 2030 1215 2069 non
1262 2012 1406 2068 dolet
1445 2012 1730 2067 interitum
1783 2009 1907 2065 talis
1947 2015 2002 2064 et

160 2091 568 2168 enimet-viri?
599 2146 601 2150 ι
653 2118 775 2169 120.
817 2113 874 2168 L·.
917 2114 1128 2168 Cinna*⁸
1161 2112 1423 2168 crudelis:
1463 2112 1520 2167 G.
1565 2111 1767 2166 Marius
1801 2111 1857 2165 in
1898 2111 2001 2164 ira·

161 2210 361 2271 cundia
393 2228 776 2284 perseverans:
827 2214 885 2268 L.
929 2213 1076 2269 Sulla
1122 2213 1445 2270 vehemens:
1505 2228 1681 2285 neque
1711 2210 1876 2267 ullius
1909 2208 2000 2264 ho-

164 2327 288 2367 rum
341 2314 398 2369 in
451 2313 758 2370 ulciscendo
799 2314 1065 2370 acerbitas
1119 2332 1401 2388 progressa
1441 2313 1584 2369 ultra
1621 2319 1852 2368 mortem
1889 2317 2001 2371 est:

163 2429 300 2484 quae
326 2419 720 2488 tamen-poena
764 2416 819 2469 in
852 2416 997 2471 cives
1038 2416 1201 2470 nimis
1233 2414 1468 2469 crudelis
1506 2412 1816 2486 putabatur.
1899 2413 2003 2467 At·

162 2514 429 2573 Dolabella
475 2515 692 2588 quidem
735 2523 846 2571 tam
887 2516 990 2571 fuit
1031 2518 1316 2571 immemor
1368 2515 1758 2578 lnlmanitatiS‚
1817 2529 2004 2585 quam·

162 2617 482 2686 quameius
522 2632 818 2688 numquam
862 2618 1132 2689 particeps
1171 2616 1303 2682 suit,
1343 2623 1406 2671 ut
1437 2633 1592 2671 suam
1643 2613 2005 2670 insatiabilem

163 2715 544 2773 crudelitatem
579 2720 884 2774 exercuerit
931 2735 1035 2774 non
1083 2719 1258 2773 solum
1300 2719 1356 2772 in
1403 2719 1549 2782 vivo,
1609 2716 1701 2771 sed
1751 2716 1917 2770 etiam
1952 2716 2006 2769 in

163 2821 377 2872 mortuo
397 2822 615 2890 ,atque
662 2820 718 2872 in
771 2819 889 2873 eius
934 2836 1155 2892 corpore
1201 2817 1486 2873 lacerando
1529 2823 1692 2889 atque
1736 2815 2006 2878 vexando,

166 2933 338 2988 quum
383 2919 628 2986 animum
668 2921 867 2976 satiare
924 2935 1031 2975 non
1084 2927 1264 2993 posset
1283 2963 1298 2986 ‚
1357 2918 1539 2974 oculos
1595 2919 1805 2991 paverit
1864 2934 2005 2972 suoS.

170 3017 319 3084 Quae
371 3036 430 3074 re
465 3037 634 3092 quum
673 3021 1037 3077 crudelissimi
1099 3022 1261 3077 Poeni
1313 3019 1538 3075 iudicati
1590 3018 1789 3073 sintin
1823 3017 2010 3082 hoste,

167 3118 299 3189 quid
330 3121 396 3176 -in
429 3123 545 3178 cive
585 3123 651 3178 de
702 3122 973 3178 Dolabella<
1004 3122 1370 3179 iudicandum
1402 3121 1525 3176 est?
1568 3120 1768 3175 cuius⁷
1818 3125 2011 3175 taeter·

65 3290 69 3293 Α
166 3220 309 3275 rima
342 3222 662 3278 crudelitate
693 3225 867 3279 omnis
895 3224 1143 3279 barbaria
1171 3231 1424 3296 superata
1457 3229 1554 3276 est..

162 3348 375 3365 q

229 3417 267 3471 Ι)
300 3414 481 3476 Philipp.
516 3419 588 3461 xl.
617 3431 652 3459 c.
684 3419 724 3459 3.
759 3417 845 3473 §va
882 3443 939 3449 —
970 3420 1015 3476 ε)
1046 3417 1155 3462 lbid.
1181 3433 1219 3463 c.
1247 3420 1288 3461 2.
1325 3419 1409 3474 §a
1444 3442 1502 3448 -
1535 3416 1575 3474 ⁵)
1610 3414 1719 3460 lbid.
1746 3417 1846 3461 ΧΠ.
1874 3431 1911 3459 e.
1941 3418 2014 3458 1o.

168 3487 286 3546 §aa
319 3517 378 3525 -
408 3494 452 3551 4)
487 3491 596 3538 1hid.
639 3496 713 3537 xi.
751 3510 786 3539 c.
821 3499 860 3539 1.
897 3497 980 3551 §a
1014 3524 1072 3530 —
1106 3500 1146 3556 5)
1182 3495 1295 3541 lbid.
1328 3510 1362 3539 c.
1399 3497 1440 3538 3.
1473 3496 1557 3553 §a
1591 3521 1650 3527 -
1687 3495 1727 3552 ⁵)
1761 3493 1868 3539 und.
1902 3510 1937 3538 c.
1972 3495 2011 3536 4»

168 3568 193 3622 ᾗ
227 3569 269 3611 9.
303 3595 359 3602 -
388 3573 426 3629 7)
463 3569 567 3615 und.
595 3587 629 3615 e.
665 3574 705 3616 2.
733 3574 816 3629 §oz

1664 3650 1725 3697 29
1746 3659 1765 3679 *
