2210 3970
758 243 985 281 Annus
1044 243 1092 280 u.
1151 246 1194 282 c,
1250 230 1378 283 698.
1870 234 1977 287 699

151 381 298 439 rant,
358 372 743 430 incredibiliter
789 374 1070 448 vexabant)
1119 371 1442 429 revocandos
1489 373 1725 435 censuit;
1776 373 1971 431 Gallias

150 482 331 534 autem
372 475 584 532 Caesari
624 491 729 528 non
763 475 1091 530 adimendas,

210 576 294 623 eie.
315 575 370 622 de
387 591 502 638 prov.
517 590 631 620 cons.
649 590 685 619 c.
702 577 743 618 2.
778 578 820 619 3.
857 575 1080 634 Quattuor
1109 581 1216 619 sunt
1235 574 1517 635 provinciae,
1550 576 1601 621 Ρ.
1629 577 1695 632 C„
1727 575 1781 622 de
1806 577 1969 638 quibus

145 653 290 701 adhuc
315 652 520 715 intelligo
551 653 795 697 sententias
824 669 918 698 esse
949 653 1122 699 dictas:
1158 651 1333 697 Galliae
1360 650 1502 709 duae,
1534 670 1648 714 quas
1681 654 1759 698 Iioc
1777 662 1969 716 tempore

0 727 22 765 ¹¹⁵
145 747 233 779 uno
255 731 440 794 imperio
473 729 520 789 (i.
541 746 577 775 e.
609 730 812 789 Caesaris)
845 729 1042 775 videmus
1068 745 1162 774 esse
1187 730 1478 775 coniunctas.-
1509 737 1553 775 et
1575 731 1713 793 Syria
1744 739 1788 775 et
1821 734 1965 777 Mace·

50 857 54 868 ,
144 809 303 867 donia,
334 825 472 872 quas,
505 809 628 853 vobis
653 809 811 854 invitis
838 816 882 853 et
908 809 1156 871 oppressis,
1181 806 1400 871 pestiferi
1425 807 1501 852 illi
1523 808 1725 853 consules
1741 825 1827 870 pro
1849 826 1967 853 ever·

143 899 222 935 sae
257 886 526 949 reipublicae
557 887 776 948 praemiis
816 892 1150 947 occupaverunt.
1224 885 1528 931 Dee-ernendae
1561 886 1687 931 nobis
1722 894 1829 932 sunt
1873 886 1967 950 Iege

145 966 406 1028 Sempronia
435 963 560 1010 duae.
644 963 766 1022 Quid
795 972 861 1007 est
879 996 892 1017 ,
931 962 1050 1024 quod
1081 964 1310 1024 possimus
1353 964 1405 1009 de
1448 965 1586 1028 Syria
1628 964 1969 1028 Macedoniaque

50 1074 51 1078 =
143 1041 386 1089 dubitare?
448 1042 606 1098 Mitto,
641 1040 760 1102 quod
784 1057 860 1085 eas
892 1042 959 1086 ita
983 1048 1148 1103 partas
1180 1042 1339 1088 liabent
1365 1044 1430 1097 ii,
1475 1043 1556 1105 qui
1587 1059 1700 1088 nunc
1732 1043 1965 1100 obtinent,

141 1129 197 1169 ut
221 1137 308 1168 non
333 1128 436 1167 ante
461 1120 721 1182 attigerint,
754 1138 886 1183 quam
915 1120 1028 1166 hunc
1053 1120 1248 1166 ordinem
1274 1122 1627 1178 condemnarint,
1657 1138 1791 1182 quam
1816 1129 1967 1167 aucto-

142 1201 325 1246 ritatem
354 1206 545 1244 vestram
572 1215 594 1242 e
625 1199 808 1243 civitate
835 1199 1202 1255 exterminarint,
1235 1215 1367 1261 quam
1386 1199 1531 1260 fidem
1556 1199 1804 1261 publicam,
1833 1217 1967 1262 quam

136 1285 400 1341 perpetuam
438 1275 603 1339 populi
632 1277 820 1321 Romani
861 1277 1075 1334 salutem,
1117 1293 1250 1338 quam
1279 1292 1348 1321 me
1383 1293 1436 1321 ac
1466 1293 1585 1321 meos
1615 1293 1762 1321 omnes
1788 1277 1968 1338 sordis-

143 1355 255 1402 sime
268 1353 658 1416 crudelissimeque
674 1355 891 1400 vexarint.
923 1362 1005 1399 cet.
1071 1370 1106 1398 c.
1126 1357 1167 1399 8.
1198 1357 1270 1399 18.
1306 1354 1436 1412 Quod
1464 1355 1507 1398 si
1535 1363 1681 1399 essent
1702 1355 1779 1399 illi
1808 1357 1969 1417 optimi

140 1434 250 1492 oiri,
283 1440 429 1478 tamen
452 1449 529 1495 ego
555 1449 652 1477 mea
678 1431 898 1476 sententia
929 1432 970 1475 C.
993 1432 1173 1476 Caesari
1197 1431 1513 1477 succedendum
1537 1432 1727 1477 nondum
1746 1441 1964 1495 putarem.

145 1512 247 1572 Qua
275 1510 329 1557 de
355 1527 402 1556 re
425 1509 569 1556 dicam
587 1544 600 1567 ,
635 1512 686 1556 Ρ.
715 1511 778 1563 G..
814 1508 933 1570 quod
955 1509 1098 1553 sentio
1126 1517 1208 1555 ret.
1274 1514 1423 1555 Aecon-
1447 1511 1492 1555 in
1518 1511 1725 1555 Pisonian.
1746 1528 1790 1573 p.
1809 1515 1851 1556 2.
1883 1514 1966 1557 Re-

140 1591 288 1637 vocati
318 1614 379 1625 —-
410 1605 468 1634 ea·
490 1589 738 1651 provinciis
768 1588 872 1632 Piso
905 1594 949 1631 et
990 1586 1205 1631 Gabinius
1231 1588 1357 1645 (coss.
1385 1603 1423 1633 a.
1451 1590 1499 1634 U.
1517 1593 1559 1634 C.
1590 1591 1716 1647 696.)
1746 1591 1967 1635 sententia

54 1663 55 1666 Ἴ
144 1669 390 1725 Ciceronis,
417 1683 551 1729 quam
573 1656 750 1711 dixerat
770 1665 823 1709 de
839 1666 1088 1727 provinciis
1110 1664 1441 1726 consularibus,
1473 1667 1664 1713 Lentulo
1687 1676 1731 1713 et
1754 1668 1968 1731 Philippo

45 1807 47 1810 Α
136 1745 408 1792 consulibus.
449 1742 533 1789 cic.
568 1759 643 1806 pro
673 1742 807 1788 Balbo
838 1742 919 1788 l.c.

214 1833 300 1911 (¹⁰)
342 1831 526 1889 Cicero
563 1830 800 1887 defendit
840 1830 909 1885 M.
954 1830 1184 1886 Caelium
1223 1831 1289 1887 de
1329 1849 1495 1898 auro,
1537 1833 1677 1906 quod
1717 1851 1744 1890 a
1786 1834 1968 1892 Clodia

136 1935 461 2010 sumpsisse,
501 1939 553 1989 et
579 1932 644 1988 de
678 1949 910 1997 veneno,
954 1932 1096 2005 quod
1131 1934 1180 1988 ei
1209 1949 1425 2007 parasse
1458 1933 1770 2000 dicebatur,
1812 1954 1967 1996 accu-

50 2021 51 2025 ¹
137 2044 316 2097 satum
351 2052 382 2093 a
410 2034 467 2092 L.
491 2034 768 2098 Atratin0,
809 2032 1172 2106 subscriptore
1213 2033 1501 2092 Herennia.
1543 2053 1611 2091 vt.
1647 2054 1696 2092 c.
1737 2040 1827 2093 22.
1872 2043 1962 2094 52.

138 2137 405 2197 Eumdem
453 2135 727 2198 Caelium,
777 2133 871 2205 qui
917 2139 971 2188 et
1010 2150 1106 2206 pro
1153 2150 1210 2188 se
1256 2134 1369 2206 ipse
1410 2135 1707 2192 orationem
1750 2137 1967 2206 habuit,

138 2238 376 2299 defendit
409 2253 620 2311 quoque
659 2236 726 2291 M.
764 2234 1005 2290 Crassus.

201 2333 285 2381 eie.
308 2347 384 2394 pro
410 2327 549 2375 Caelio
580 2344 616 2372 c.
637 2330 676 2372 8.
712 2330 783 2372 18.
822 2326 917 2384 Quo
947 2324 1040 2369 loeo
1062 2342 1252 2388 possum
1279 2325 1423 2371 dicere
1455 2324 1526 2382 id,
1561 2326 1683 2388 quod
1708 2330 1778 2375 vir
1808 2330 1967 2377 claris.

44 2442 50 2450 Δ
134 2410 280 2457 simus
296 2442 310 2467 ,
357 2412 416 2455 M.
451 2411 639 2454 Crassus
654 2437 667 2462 ,
714 2421 850 2467 quum
893 2405 945 2450 de
988 2404 1178 2450 adventu
1221 2406 1340 2467 regis
1391 2405 1639 2451 Ptolemaei
1679 2418 1967 2468 quereretur,

129 2487 292 2552 paullo
317 2493 421 2532 ante
437 2484 582 2542 dixit,
611 2490 691 2530 cet.
726 2509 785 2516 —
818 2499 855 2527 c.
875 2486 947 2528 10.
976 2486 1048 2528 23.
1082 2485 1243 2544 Itaque
1269 2482 1398 2528 illam
1405 2493 1585 2546 partem
1611 2501 1797 2531 caussae
1815 2488 1967 2548 facile

45 2599 50 2612 ·
130 2567 289 2633 patior
309 2566 509 2629 graviter
537 2571 579 2608 et
615 2569 769 2607 ornate
801 2577 829 2605 a
870 2562 928 2604 M.
959 2561 1116 2604 Crasso
1152 2577 1246 2605 esse
1269 2570 1553 2622 peroratam,
1586 2562 1640 2607 de
1670 2563 1966 2611 sedfefoufbu,

135 2643 469 2709 Neapolitanis,
502 2641 554 2687 de
586 2631 984 2685 Alexandrinorum
1008 2638 1269 2700 pulsatione
1300 2641 1575 2698 Puteolana,
1619 2641 1672 2685 de
1703 2642 1827 2687 bonis
1858 2645 1967 2690 Pal-

139 2725 223 2772 lae.
291 2721 454 2768 Vellem
484 2720 652 2766 dictum
679 2726 793 2763 esset
825 2717 880 2761 ab
903 2717 1049 2762 eodem
1081 2720 1216 2762 etiam
1242 2719 1295 2764 de
1327 2721 1481 2767 Dione.
1545 2722 1735 2781 Quintil.
1767 2735 1831 2770 xl.
1863 2741 1900 2770 c.
1921 2730 1964 2773 1.

12 2839 14 2846 ,
50 2816 52 2818 -
137 2807 213 2850 68.
244 2799 494 2863 Aliquando
521 2799 653 2843 etiam
682 2795 998 2856 inferioribus,
1026 2795 1355 2856 praecipueque
1382 2797 1753 2856 adolescentulis,
1777 2819 1964 2864 parcere

138 2889 222 2928 aut
260 2878 424 2925 mederi
465 2876 598 2922 decet.
684 2875 836 2919 Utitur
880 2874 959 2918 hac
990 2873 1287 2918 moderatione
1328 2875 1474 2919 Cicero
1499 2893 1586 2937 pro
1627 2880 1774 2924 Caelio
1809 2891 1965 2928 contra

137 2959 422 3016 Atratinum,
464 2963 517 3000 ut
555 2971 654 2998 eum
684 2969 770 2997 non
807 2953 984 2997 inimice
1018 2953 1235 3013 corripere
1253 2982 1265 3004 ‚
1311 2952 1392 2996 sed
1422 2970 1567 3014 paene
1599 2959 1755 3016 patrie
1791 2976 1963 3006 monere

135 3037 354 3085 videatur.
418 3035 527 3079 Nam
560 3039 604 3076 et
635 3031 798 3077 nobilis
824 3039 866 3076 et
899 3032 1071 3075 iuvenis
1088 3053 1106 3086 ;
1136 3038 1182 3076 et
1212 3047 1297 3076 non
1327 3032 1497 3076 iniusto
1525 3032 1672 3077 dolore
1703 3045 1879 3082 venerat
1902 3039 1963 3083 ad

137 3114 445 3163 accusandum.
520 3114 696 3156 Sueten.
729 3110 781 3153 de
812 3110 922 3155 Ciar.
957 3109 1082 3154 Rhet.
1117 3125 1152 3154 c.
1188 3112 1232 3154 2.
1280 3112 1407 3154 Hunc
1434 3111 1629 3156 eumdem
1661 3115 1732 3171 (L.
1761 3115 1962 3162 Plotium

143 3193 343 3253 Gallum)
375 3194 435 3236 M.
458 3189 634 3235 Caelius
661 3190 709 3234 in
729 3189 939 3233 Oratione
955 3221 968 3244 ,
1002 3204 1135 3250 quam
1159 3204 1246 3249 pro
1273 3204 1320 3233 se
1347 3188 1399 3232 de
1425 3191 1471 3234 vi
1498 3190 1654 3235 habuit
1670 3225 1684 3247 ,
1727 3194 1965 3258 significat

136 3272 329 3320 dictasse
355 3270 581 3326 Atratino,
616 3267 866 3311 accusatori
890 3282 995 3322 suo,
1027 3267 1258 3310 actionem·
1320 3267 1439 3313 Conf.
1464 3269 1652 3328 Quintil.
1675 3284 1739 3316 ΙΙ.
1766 3290 1803 3319 c.
1822 3279 1863 3320 1.
1887 3280 1961 3323 51.

137 3353 294 3398 Festus
326 3366 370 3396 v.
402 3349 551 3392 Oreae.
625 3349 686 3392 De
719 3349 897 3390 Crasso
930 3353 1109 3407 patrono
1142 3342 1252 3389 conf.
1285 3348 1439 3408 Meyer.
1473 3351 1601 3397 Orat.
1632 3352 1754 3397 Rom.
1788 3357 1962 3417 Fragm.

137 3441 257 3476 un.
291 3432 332 3473 3.
367 3445 405 3489 p.
425 3430 527 3472 384.

214 3515 301 3590 (¹¹)
342 3514 543 3571 Deinde
587 3511 820 3570 defendit
877 3529 1123 3568 caussam
1178 3511 1244 3570 L.
1294 3512 1518 3569 Cornelii
1555 3515 1742 3584 Balbi,
1801 3538 1960 3592 quem

1520 3605 1623 3655 56*
