2210 3970
448 232 503 287 L.
530 232 590 287 x.
635 251 678 286 «ι.
704 221 891 288 xxm.
935 231 1069 305 §66
1108 259 1182 269 —
1222 227 1481 283 o.xx1v.
1528 226 1566 300 g
1594 232 1678 282 70.
1883 230 1988 282 489

163 381 316 438 valde
359 397 639 448 amamus,
700 398 899 455 nosque
937 381 1003 437 ab
1034 397 1096 437 eo
1133 379 1303 436 amari
1342 394 1512 451 quum
1551 377 1833 442 volumus,
1875 384 1992 433 tum

165 483 329 539 etiam
367 482 720 539 confidimus:
761 498 931 555 quum
953 487 970 520 ¹
1018 481 1162 537 enim
1202 494 1259 534 se
1291 494 1357 533 ex
1398 476 1757 533 adolescentia
1799 492 1898 531 sua
1938 477 1994 531 in

162 583 460 638 amicitiam
501 588 556 637 et
608 582 768 638 fidem
807 597 982 637 meam
1020 579 1364 644 contulisset,
1416 593 1630 650 semper
1669 577 1847 650 ipsum
1886 591 1994 631 non

163 682 321 738 modo
358 680 620 737 tuendum
673 681 807 736 mihi
828 723 843 747 ,
902 680 995 737 sed
1045 681 1209 736 etiam
1249 677 1556 751 augendum
1596 684 1759 750 atque
1804 693 1996 732 ornan·

161 783 293 840 dum
319 783 522 856 putavi.
602 786 691 838 68.
734 783 999 838 Maiores²
1037 789 1220 838 autem
1259 797 1358 836 nos
1388 796 1476 835 res
1515 778 1752 834 scribere
1790 778 1996 849 ingres·

155 899 249 940 sos
286 889 342 940 et
381 884 448 940 iis
474 883 651 950 libris,
692 899 827 955 quos
862 883 1012 939 brevi
1052 889 1290 956 tempore
1315 881 1448 937 satis
1475 880 1675 937 multos
1698 878 1997 944 edidimus,

158 983 434 1057 digniores
472 1000 503 1040 e
540 999 706 1040 cursu
746 983 861 1057 ipso
893 982 1164 1038 revocavit
1203 980 1441 1037 Trebatii
1473 979 1737 1035 voluntas.
1815 979 1995 1048 Quum

161 1084 306 1141 enim
348 1099 563 1140 mecum
604 1084 661 1138 in
688 1080 1007 1138 ‘Tusculano
1045 1088 1186 1138 esset
1223 1088 1278 1137 et
1315 1083 1372 1136 in
1414 1061 1738 1136 bibliotheca
1782 1095 1995 1153 separa-

161 1185 263 1241 tim
301 1190 530 1257 uterque
570 1190 816 1239 nostrum
848 1182 917 1238 ad
960 1198 1121 1238 suum
1159 1181 1401 1237 studium
1435 1179 1670 1245 libellos,
1716 1195 1852 1252 quos
1889 1179 1995 1235 vel·

158 1284 263 1351 let,
301 1284 595 1351 evolveret,
635 1283 828 1339 incidit
866 1283 923 1337 in
957 1282 1262 1338 Aristotelis
1294 1282 1493 1354 Topica
1531 1268 1826 1353 quaedam,
1857 1295 1995 1352 quae

155 1390 286 1441 sunt
333 1382 403 1441 ab
447 1382 538 1439 illo
583 1381 829 1455 pluribus
884 1380 1039 1436 libris
1101 1381 1383 1453 explicata.
1464 1380 1592 1449 vQua
1644 1380 1994 1451 inscriptione

155 1490 456 1542 commotus
506 1483 764 1542 continuo
801 1498 834 1537 a
872 1497 958 1537 me
996 1498 1184 1537 eorum
1232 1480 1495 1536 librorum
1545 1480 1870 1536 sententiam
1910 1497 1994 1536 re-

155 1583 412 1658 quisivit3
463 1598 738 1657 quumque
789 1582 893 1655 ipsi
932 1582 1299 1655 exposuissem
1337 1578 1679 1654 disciplinam
1719 1580 1992 1637 invenien-

156 1684 348 1742 dorum
387 1689 860 1757 argumentorum,
909 1689 971 1739 ut
1018 1682 1135 1738 sine
1174 1681 1283 1738 ullo
1324 1697 1507 1737 errore
1558 1680 1627 1737 ad
1673 1698 1793 1736 eam
1831 1682 1992 1738 ratio·

155 1799 280 1842 nem
310 1784 399 1840 via
428 1783 833 1857 perveniremus
853 1782 920 1839 ab
949 1782 1237 1839 Aristotele
1269 1783 1517 1848 inventa,
1557 1781 1664 1836 illis
1690 1780 1843 1837 libris
1869 1799 1992 1838 con·

152 1884 354 1951 tineri,
392 1882 694 1940 verecunde
713 1881 802 1938 hic
831 1882 1051 1956 quidem
1072 1925 1087 1949 ,
1129 1889 1191 1939 ut
1210 1884 1421 1949 omnia,
1461 1882 1556 1939 sed
1577 1889 1758 1939 tamen
1779 1925 1795 1949 ,
1836 1882 1994 1940 facile

153 1990 217 2042 ut
253 1998 530 2040 cernerem
569 1983 749 2056 ipsum
788 1982 978 2039 ardere
1017 1981 1198 2040 studio
1217 2026 1233 2050 ,
1290 2000 1537 2050 mecum,
1590 1991 1652 2039 ut
1698 1982 1801 2039 sibi
1843 1982 1990 2039 illam

106 2132 109 2135 .
154 2083 423 2141 traderem
444 2124 460 2150 ,
506 2083 634 2156 egit.
714 2087 803 2139 69.
845 2084 1016 2152 Quem
1067 2101 1237 2157 quum
1281 2101 1380 2157 ego
1399 2127 1415 2151 ,
1473 2101 1580 2140 non
1618 2090 1732 2140 tam
1783 2084 1997 2166 vitandi

154 2184 352 2242 laboris
382 2185 490 2241 mei
524 2200 716 2244 caussa
730 2226 745 2251 ,
785 2201 949 2257 quam
975 2185 1119 2258 quod
1158 2185 1214 2240 id
1249 2186 1420 2259 ipsius
1460 2186 1723 2242 interesse
1762 2183 1988 2241 arbitra·

151 2301 270 2352 rer,
300 2284 465 2341 velut
493 2300 585 2341 eos
623 2299 720 2357 per
758 2301 816 2339 se
854 2285 969 2358 ipse
1001 2283 1202 2358 legeret
1232 2284 1315 2341 vel
1345 2291 1409 2340 ut
1441 2291 1629 2364 totam·
1650 2285 1918 2343 rationem
1955 2301 1989 2341 a

152 2385 464 2443 doctissimo
482 2384 714 2458 quodam
734 2384 949 2441 rhetore
969 2386 1262 2459 acciperet,
1284 2385 1532 2442 hortatus
1551 2402 1724 2442 essem
1738 2427 1756 2451 ,
1778 2392 1987 2442 utrum·

150 2502 285 2560 que,
326 2492 388 2542 ut
406 2502 472 2542 ex
492 2486 607 2558 ipso
633 2484 943 2552 audiebam,
983 2494 1065 2543 est
1096 2493 1368 2560 expertus,
1449 2486 1553 2543 Sed
1573 2502 1606 2542 a
1631 2486 1786 2542 libris
1808 2488 1988 2560 ipsum

149 2587 448 2643 obscuritas
498 2587 704 2642 reiecit.
799 2586 1001 2642 Rhetor
1053 2594 1235 2643 autem
1281 2586 1370 2642 ille
1421 2603 1654 2660 magnus
1705 2585 1838 2643 haec
1858 2630 1874 2653 ,
1926 2595 1989 2644 ut

148 2687 371 2761 opinor2
419 2687 760 2743 Aristotelica
804 2705 862 2744 se
914 2689 1163 2761 ignorare
1201 2688 1492 2761 respondit.
1574 2687 1725 2757 Quod
1766 2688 1987 2761 quidem

150 2787 374 2843 minime
399 2804 522 2844 sum
553 2787 881 2855 admiratuS,
921 2805 1047 2845 eum
1079 2788 1455 2863 philosophum
1485 2789 1690 2846 rhetori
1713 2776 1825 2847 vnon
1869 2808 1988 2847 esse

150 2888 455 2959 cognitum,
495 2889 589 2961 qui
628 2889 694 2945 ab
715 2890 852 2963 ipsis·
883 2890 1242 2966 philosophiS‚
1281 2897 1497 2964 praeter
1534 2890 1826 2947 admodum
1855 2909 1986 2965 pau·

149 3004 240 3043 cos
259 3029 275 3054 ,
309 2988 665 3061 ignoraretur.
744 2991 952 3059 Quibus
978 3008 1041 3048 eo
1077 2993 1261 3048 minus
1282 2989 1667 3063 ignoscendum
1689 2998 1800 3058 est,
1840 2992 1985 3065 quod

148 3103 254 3143 non
293 3087 450 3144 modo
487 3088 649 3145 rebus
688 3091 784 3156 iis,
824 3107 961 3164 quae
999 3091 1067 3147 ab
1105 3092 1196 3147 illo
1235 3092 1412 3147 dictae
1444 3098 1500 3146 et
1538 3092 1788 3148 inventae
1820 3099 1982 3160 sunt,

148 3187 289 3245 allici
328 3188 656 3254 debuerunt,
715 3190 808 3247 sed
859 3192 1071 3249 dicendi
1116 3210 1329 3267 quoque
1387 3191 1688 3248 incredibili
1747 3192 1979 3266 quadam

150 3306 314 3362 quum
349 3292 534 3364 copia,
593 3298 708 3347 tum
763 3294 924 3349 etiam
966 3296 1246 3351 suavitate.
1333 3299 1417 3349 70.
1461 3294 1574 3350 Νοη
1613 3296 1763 3367 potui
1810 3296 1980 3367 igitur

211 3523 246 3578 ¹)
281 3519 391 3565 ibid.
426 3523 521 3567 Vll.
557 3524 628 3566 17.
663 3523 753 3578 §2
790 3549 846 3558 --
881 3527 921 3581 2)
953 3524 1210 3585 Topic.o.1.
1242 3525 1320 3581 §1.
