2158 4030
872 223 1150 261 ·—1x—--

91 371 311 423 nequam
357 353 720 424 peri-tissimuS,
755 360 953 404 tantum
1006 354 1172 403 valere
1224 360 1396 404 censet
1442 359 1502 403 ut
1545 367 1662 402 eum
1711 353 1932 404 multum

94 446 359 512 profecisse
410 444 680 498 contendat
730 443 811 495 cui
847 442 1019 493 Cicero
1058 443 1204 494 valde
1250 443 1495 508 placuerit
1515 482 1527 499 ‚
1578 442 1700 493 dono
1732 443 1934 507 quodam

89 534 411 600 providentiae
458 534 667 600 (lenitus,
720 541 781 585 ut
814 533 916 594 ait,
965 532 1019 582 in
1053 545 1142 597 quo
1175 537 1296 582 totas
1334 533 1456 582 vires
1502 546 1614 582 sitas
1649 530 1935 596 Eloquentia

97 622 406 688 amaretur.
485 624 647 683 Quam
704 622 940 680 laudem,
993 637 1091 686 qua
1143 621 1556 687 vix'quidquam
1611 620 1775 669 maius
1826 634 1935 669 esse

96 719 294 777 potest,
346 727 494 764 nemo
540 728 780 777 umquam
814 711 994 767 doctus
1037 711 1148 762 iure
1188 713 1392 779 negavit
1426 710 1668 762 Ciceroni.
1735 709 1792 759 In
1836 725 1936 775 quo

97 800 350 853 laudando
382 802 518 868 quod
559 802 718 853 mirus
753 810 830 852 cst
859 801 1084 852 omnium
1128 800 1446 852 cruditorum
1483 817 1789 858 consensus,
1825 816 1937 852 mea

97 890 303 956 quidem
337 892 584 944 sententia
630 908 730 943 non
779 891 837 943 fit
872 890 1156 948 immerito;
1193 898 1393 942 tantum
1429 891 1563 941 enim
1598 890 1680 941 hic
1716 891 1766 940 in
1802 890 1937 940 omni

99 995 283 1047 genere
334 980 590 1034 doctrinae
634 990 890 1048 praestat„
931 989 992 1032 ut
1041 996 1133 1031 nec
1181 990 1296 1031 ante
1345 997 1496 1040 eum,
1547 981 1682 1047 apud
1734 979 1940 1031 Latinos

100 1069 305 1135 quidem
348 1080 509 1131 certe,
558 1072 823 1138 quisquam
869 1070 1115 1121 eiusmodi
1163 1070 1349 1127 suerit,
1381 1086 1478 1141 nec
1511 1079 1624 1137 post
1652 1087 1769 1122 cum
1805 1070 1938 1135 quis·

101 1175 251 1224 quam
293 1161 405 1211 talis
448 1162 663 1219 vixerit,
709 1178 802 1211 nec
837 1162 889 1210 in
930 1170 1186 1226 posterum
1223 1166 1361 1209 tanta
1397 1161 1692 1211 excellentia
1732 1161 1783 1211 in
1819 1176 1940 1227 quo-

101 1265 250 1315 quam
292 1249 477 1316 sperari
512 1264 654 1316 posse
689 1249 936 1301 videatur.

167 1427 302 1484 Haec
347 1437 519 1482 autem
567 1430 608 1482 si
655 1429 884 1496 pluribus
918 1429 1167 1497 explicare
1213 1442 1395 1487 coner,
1441 1429 1629 1481 frustra
1675 1432 1941 1499 suscipiam

102 1534 276 1577 earum
310 1535 480 1572 rerum
518 1519 739 1572 laborem
759 1558 772 1582 ,
818 1520 1045 1587 inprimis
1079 1518 1213 1586 apud
1248 1518 1344 1578 Te,
1379 1519 1467 1584 qui
1513 1520 1618 1587 ipse
1659 1522 1778 1571 olim
1827 1523 1943 1572 scri·

102 1618 188 1676 pta
231 1609 485 1664 Ciceronis
532 1610 683 1678 digna
734 1610 1022 1672 censueri3‚
1069 1624 1199 1675 quae
1235 1609 1287 1659 in
1334 1625 1574 1669 succum,
1619 1621 1679 1662 ut
1724 1612 1944 1672 dicitur,

28 1742 37 1746 .
105 1706 160 1751 et
194 1698 490 1768 sanguinem
517 1709 867 1760 converteres3
904 1700 1039 1767 quod
1069 1700 1166 1750 nisi
1203 1698 1273 1750 Te
1302 1700 1503 1767 saepius
1531 1701 1835 1752 audivissem
1870 1703 1943 1752 di-

105 1797 335 1850 centem,
372 1790 662 1842 testimonio
694 1791 821 1842 mihi
856 1799 1025 1842 essent
1059 1798 1111 1840 et
1145 1788 1407 1842 Orationes
1441 1808 1469 1842 a
1505 1791 1574 1842 Te
1608 1791 1809 1843 habitae
1838 1794 1946 1859 plu·

103 1893 188 1933 res
221 1886 274 1932 et
308 1894 428 1933 vero
457 1879 588 1933 duae
630 1881 744 1932 illae
774 1880 1074 1943 Memoriae,
1109 1879 1163 1931 in
1197 1880 1383 1946 quibus
1419 1880 1599 1932 dubito
1634 1892 1808 1933 utrum
1844 1900 1946 1934 ma·

105 1968 189 2036 gis
228 1968 448 2022 admirer
492 1986 714 2022 amorem
760 1978 908 2023 tuum
955 1986 1012 2021 ac
1047 1971 1286 2036 pietatem
1322 1986 1441 2037 erga
1486 1970 1754 2023 defunctos
1798 1974 1945 2024 colle·

105 2073 226 2126 gas,
260 2075 323 2110 an
358 2075 518 2126 genus
569 2060 769 2112 dicendi
803 2062 1006 2128 elegans
1040 2069 1092 2112 et
1127 2061 1272 2126 plane
1308 2060 1561 2113 Latinum.
1629 2063 1821 2123 Quodsi
1855 2064 1947 2132 igi-

107 2156 197 2200 tur
244 2149 377 2200 facto
417 2150 691 2209 concedas,
742 2166 843 2200 non
890 2150 1094 2200 aliunde
1145 2150 1328 2200 melius
1380 2150 1553 2215 quaeri
1594 2151 1945 2205 adiumentum

110 2237 428 2303 eloquentiae
466 2255 616 2304 quam
651 2256 715 2291 ex
748 2239 964 2290 lectione
1000 2238 1282 2296 Ciceronis;
1319 2254 1412 2290 nec
1455 2239 1531 2291 Tu
1565 2242 1770 2306 quidem
1800 2260 1949 2312 nega·

108 2326 186 2379 his
217 2326 348 2379 hene
375 2328 643 2392 lectionem
672 2329 1016 2382 difficillimam
1059 2343 1169 2378 csse
1203 2327 1300 2379 nisi
1337 2328 1450 2393 quis
1479 2329 1635 2381 vitam
1670 2332 1947 2397 CiceroniS‚

108 2404 240 2483 quae
279 2426 332 2469 et
375 2419 538 2484 qualis
578 2418 766 2480 merit,
812 2418 997 2469 habeat
1033 2418 1155 2469 satis
1206 2419 1492 2486 cognitam,
1539 2437 1699 2486 quum
1750 2425 1947 2493 singula

107 2504 265 2561 huius
293 2505 385 2559 viri
416 2508 625 2575 scripta,
661 2507 703 2559 si
738 2517 969 2560 accurate
999 2508 1398 2575 perpendantur,
1435 2509 1634 2577 singula
1668 2512 1780 2564 eius
1814 2516 1948 2568 vitae

110 2595 394 2662 =testimonia
437 2597 660 2664 putanda
698 2598 798 2654 sint
840 2606 892 2649 et
929 2598 1094 2650 vivam
1130 2600 1272 2665 quasi
1309 2615 1517 2652 suorum
1545 2617 1776 2668 quaeque
1821 2606 1949 2657 rese·

107 2694 224 2738 rant
266 2672 547 2754 temporum
599 2689 900 2756 imaginem,
953 2689 1138 2755 quibus
1184 2691 1408 2741 confecta
1456 2699 1590 2741 sunt.
1677 2693 1839 2752 Quam
1885 2697 1950 2747 ob

110 2791 219 2827 rem
248 2776 289 2827 si
318 2778 431 2843 quis
459 2779 682 2846 ignorat,
719 2795 931 2844 quarum
973 2796 1143 2831 rerum
1193 2774 1363 2831 studio
1403 2780 1486 2830 hic
1522 2783 1741 2847 optimus
1775 2796 1954 2838 auctor

112 2882 171 2918 ac
209 2868 449 2935 magister
487 2869 805 2935 eloquentiae
853 2869 904 2920 id
943 2871 1076 2936 apud
1112 2879 1337 2938 posteros
1381 2878 1684 2923 consecutus
1724 2874 1821 2932 sit,
1858 2886 1948 2935 ut,

114 2957 250 3023 qued
284 2958 418 3009 idem
463 2958 549 3009 ille
593 2959 747 3010 iudex
793 2959 894 3019 ait,
934 2960 1091 3011 Cicero
1133 2962 1233 3012 iam
1277 2975 1373 3010 non
1408 2960 1611 3010 hominis
1659 2978 1827 3015 nomen
1870 2969 1954 3018 sed

0 3068 1 3075 ¹
31 3065 33 3067 ·
114 3047 400 3114 eloquentiae
434 3047 696 3108 habeam-m-
731 3049 815 3114 qui
847 3052 1040 3113 nescit,
1076 3052 1278 3117 qualem
1311 3050 1394 3100 hic
1440 3050 1601 3101 civem
1637 3068 1691 3102 se
1723 3054 1918 3108 civibus
1938 3099 1949 3111 .

116 3137 461 3203 qualem-reis
499 3146 766 3204 patronum
809 3154 862 3188 se
904 3142 1242 3205 praestiterit;
1281 3140 1367 3206 qui
1401 3140 1587 3201 nescit,
1633 3159 1731 3208 qua
1761 3147 1952 3199 virtute

114 3226 230 3289 hic,
264 3227 416 3279 homo
449 3243 610 3279 novus
647 3244 806 3294 quum
835 3239 998 3292 esset,
1034 3232 1097 3282 ad
1133 3241 1332 3283 tantum
1376 3233 1660 3296 pervenerit
1695 3234 1952 3302 fastigium

117 3315 324 3368 honoris
365 3325 418 3368 et
456 3318 677 3385 gloriae,
729 3319 876 3370 cuius
922 3331 1117 3387 semper
1150 3322 1249 3371 suit
1295 3321 1679 3387 cupidissimus;
1728 3325 1815 3388 qui
1868 3343 1954 3378 ne·

26 3407 45 3472 ‘3
120 3406 243 3466 scit,
290 3424 388 3475 qua
427 3407 683 3474 vigilantia
722 3411 894 3461 consul
934 3413 1167 3478 egregius
1207 3412 1567 3478 rempublicam
1617 3412 1889 3468 Romanam
1925 3406 1954 3469 a

15 3509 45 3594 fi

27 3597 45 3644 ἔ

18 3801 54 4030 3
