2158 4030
219 233 289 282 ‘56
799 247 1006 283 emeno
1053 248 1121 284 DE
1172 247 1308 284 vim
1355 247 1460 285 sua

214 363 266 432 C.
324 379 588 433 Fannium
635 381 922 435 Chaeream
976 381 1250 435 fraudasse
1316 381 1667 451 arguebatur,
1734 387 1867 450 egol
1925 399 2037 452 pro

218 479 445 533 Roscio
473 480 613 551 apud
647 481 891 534 Pisonem
915 480 1053 541 dixi;
1093 481 1184 550 qui
1206 486 1225 516 2
1248 522 1262 543 ,
1303 497 1469 550 quum
1500 495 1670 549 nuper
1703 487 1842 533 esset
1875 498 2036 536 senex

213 585 489 643 mortuuS,
530 586 709 633 tamen
749 587 965 651 propter
1005 579 1350 632 excellentem
1396 584 1567 631 artem
1602 595 1662 632 ac
1697 586 2034 646 venustatem

211 680 493 733 videbatur
519 681 734 732 omnino
760 681 895 732 mori
924 697 1028 731 non
1057 679 1327 733 debuisse:
1369 678 1504 731 nihil
1526 685 1547 715 ³
1581 681 1722 732 enim
1751 680 1816 732 ab
1844 698 1904 734 eo
1931 682 2035 734 nisi

214 779 471 850 perfecte,
507 781 639 832 nihil
668 782 770 833 nisi
805 798 928 833 cum
969 797 1180 833 summa
1219 785 1500 833 venustate
1539 779 1726 844 fiebat,
1765 780 1899 833 nihil
1932 783 2035 835 nisi

214 881 317 944 ita,
377 887 438 934 ut
495 881 706 935 deceret
758 887 812 934 et
865 882 945 933 uti
998 897 1181 934 omnes
1232 885 1469 934 moveret
1521 885 1681 951 atque
1731 881 2038 935 delectaret.

214 981 403 1051 Itaque
434 980 532 1033 hoe
567 980 771 1034 iamdiu
792 986 908 1034 erat
934 986 1282 1044 consecutuS,
1323 985 1384 1033 ut
1411 980 1467 1032 in
1493 997 1599 1051 quo
1626 981 1852 1052 quisque
1874 982 2039 1036 artifi-

214 1081 297 1133 cio
331 1079 640 1144 excelleret,
683 1081 728 1133 is
762 1081 818 1133 in
845 1097 942 1134 suo
974 1097 1167 1151 genere
1201 1080 1425 1134 Roscius
1458 1080 1745 1134 diceretur.

290 1280 356 1334 ΙΙ.
436 1283 487 1332 5.
529 1279 752 1333 Interim
774 1285 795 1316 4
829 1297 916 1335 me
935 1287 1272 1352 quaestorem
1295 1280 1590 1335 Siciliensis
1611 1282 1820 1353 excepit
1841 1298 2044 1344 annus;

217 1381 368 1434 Cotta
395 1397 460 1434 ex
487 1380 769 1434 consulatu
797 1387 878 1435 est
904 1381 1174 1453 profectus
1202 1382 1257 1436 in
1286 1382 1537 1437 Galliam:
1572 1383 1820 1454 princeps
1847 1388 1900 1436 et
1927 1390 2045 1436 erat

218 1487 273 1535 et
317 1479 614 1533 habebatur
659 1470 995 1535 Hortensius.
1074 1482 1229 1535 Νοη5
1282 1500 1495 1548 vereor,
1547 1499 1616 1536 ne
1661 1482 1797 1536 mihi
1841 1482 2045 1554 aliquid

216 1581 401 1635 videar
452 1598 732 1651 arrogare,
792 1583 838 1634 si
885 1582 949 1635 de
994 1589 1286 1653 quaestura
1322 1600 1444 1638 mea
1496 1582 1698 1637 dixero,
1791 1583 2046 1651 Quamvis

214 1683 360 1736 enim
401 1681 492 1734 illa
538 1681 812 1746 floruerit,
866 1688 1046 1736 tamen
1080 1700 1204 1738 eum
1245 1701 1331 1738 me
1370 1690 1554 1755 postea
1584 1683 1749 1738 fuisse
1785 1685 1839 1737 in
1881 1685 2047 1738 maxi-

216 1783 322 1837 mis
361 1782 603 1853 imperiis
643 1782 905 1847 arbitror,
947 1790 1009 1837 ut
1041 1801 1147 1838 non
1182 1785 1258 1839 ita
1297 1785 1434 1839 mihi
1471 1785 1705 1840 multum
1744 1785 1944 1856 gloriae
1976 1786 2050 1839 sit

217 1901 283 1937 ex
312 1889 634 1954 quaesturae
660 1884 818 1938 laude
851 1885 1230 1956 repetendum:
1271 1886 1365 1941 sed
1398 1893 1578 1942 tamen
1600 1905 1706 1941 non
1727 1905 1943 1952 vereor,
1983 1905 2051 1942 ne

219 1984 340 2054 quis
374 1983 569 2037 audeat
595 1983 804 2048 dicere,
843 1984 1006 2038 ullius
1039 1986 1095 2040 in
1131 1986 1314 2041 Sicilia
1347 1995 1695 2058 quaesturam
1727 1994 1822 2042 aut
1854 1989 2048 2059 gratio-

213 2101 332 2138 rem
385 2090 480 2138 a-ut
537 2084 820 2139 clariorem
872 2085 1054 2140 fuisse.
1149 2087 1279 2141 Sicss
1331 2088 1539 2142 obtinui
1593 2095 1939 2160 quaesturam
1992 2092 2048 2144 in

219 2185 523 2257 provincia,
564 2191 626 2238 ut
665 2187 906 2240 omnium
945 2187 1126 2241 oculos
1166 2188 1223 2240 in
1268 2205 1354 2242 me
1393 2205 1564 2243 unum
1603 2190 1871 2244 coniectos
1911 2190 2049 2244 arbi-

221 2292 426 2348 trarer;
478 2292 541 2340 ut
573 2303 659 2340 me
692 2294 1148 2359 quaesturamque
1186 2306 1361 2344 meam
1401 2291 1554 2360 quasi
1595 2291 1652 2344 in
1697 2290 1876 2362 aliquo
1909 2292 2052 2345 orbis

220 2393 493 2442 terrarum
531 2385 743 2439 theatro
788 2388 991 2440 versari
1031 2389 1426 2444 existimarem:
1480 2397 1542 2444 ut
1587 2392 1768 2445 omnia
1813 2409 2052 2463 semper,

222 2503 360 2558 quae
398 2486 635 2540 iucunda
679 2503 796 2540 esse
833 2488 1114 2553 videntur,
1155 2507 1259 2543 non
1300 2490 1455 2545 modo
1494 2491 1579 2544 his
1613 2493 2054 2548 extraordinariis

224 2587 641 2659 cupiditatibUS,
681 2588 773 2642 sed
800 2589 963 2642 etiam
997 2591 1099 2661 ipsi
1134 2597 1360 2645 naturae
1393 2608 1454 2645 ac
1489 2593 1796 2646 necessitati
1829 2593 2054 2663 denega*

223 2705 356 2743 rem.
437 2692 486 2742 4.
527 2689 670 2758 Ergo
690 2693 713 2724 ⁷
747 2688 914 2742 Siculi
954 2696 1007 2744 et
1040 2708 1189 2745 meae
1223 2692 1558 2746 innocentiae
1591 2692 2053 2764 abstinentiaeque

216 2789 527 2860 perieulum
560 2788 804 2844 fecerunt
837 2797 890 2844 et
933 2791 1052 2846 Sex.
1088 2792 1349 2847 Peducaei
1373 2799 1424 2857 8,
1465 2792 1744 2867 fortissimi
1779 2799 1940 2865 atque
1972 2795 2049 2847 in·

224 2890 594 2943 nocentissimi
640 2890 760 2943 viri.
852 2892 927 2944 De
969 2909 1073 2962 quo
1126 2893 1248 2963 quis
1296 2911 1552 2964 umquam
1598 2900 1777 2947 arator
1830 2900 2051 2965 questus

225 2991 336 3045 est?
381 2995 475 3043 aut
507 2990 629 3061 quis
664 3007 768 3043 non
802 2991 867 3044 ad
903 2991 1002 3045 hoc
1037 2998 1249 3063 tempus
1282 2994 1776 3048 innocentissimam
1810 2995 2049 3049 omnium

224 3091 800 3163 diligentissimamque
845 3099 1154 3164 praeturam
1203 3093 1346 3147 illius
1399 3094 1632 3149 hominis
1684 3096 2047 3149 existimavit?

285 3312 324 3366 ¹)
358 3309 467 3354 Ibid.
491 3326 526 3354 c.
547 3315 587 3355 6.
613 3313 636 3367 §
659 3315 726 3354 18.
762 3338 820 3345 --
854 3314 893 3367 2)
926 3327 1000 3371 pro
1025 3311 1179 3356 Archia
1201 3329 1237 3356 c.
1257 3316 1296 3356 8.
1323 3314 1347 3370 §
1370 3316 1441 3357 17.
1473 3339 1532 3346 -—
1564 3315 1603 3372 5)
1636 3313 1688 3358 de
1710 3317 1827 3358 Orat.
1846 3318 1879 3358 1.
1915 3330 1950 3356 c.
1970 3316 2045 3357 28.

223 3390 367 3444 §130.
404 3414 461 3420 --
493 3389 534 3446 4)
566 3393 688 3431 Brut.
716 3405 750 3432 c.
772 3391 845 3432 92.
878 3391 901 3445 ὦ
930 3393 1033 3433 318.
1069 3417 1126 3423 -—
1159 3393 1200 3448 5)
1229 3407 1303 3450 pro
1335 3389 1505 3434 Plancio
1532 3395 1658 3437 c.26.
1687 3394 1800 3449 §64
1836 3418 1892 3424 --
1927 3392 1966 3448 6)
1999 3389 2045 3433 in

224 3469 398 3509 Verrem
430 3469 521 3509 Act.
551 3470 605 3510 ll.
630 3470 673 3510 L.
688 3470 734 3511 V.
764 3483 800 3510 e.
821 3470 892 3511 14.
925 3471 1039 3524 §35
1071 3495 1130 3501 ·—
1163 3470 1203 3525 7)
1236 3467 1282 3512 in
1299 3470 1472 3514 Verrem
1494 3473 1587 3515 Aet.
1616 3474 1649 3515 Ι.
1678 3486 1714 3514 e.
1735 3473 1805 3514 12.
1836 3470 1953 3526 §34
1986 3494 2044 3503 --

226 3547 265 3602 8)
297 3544 340 3588 in
382 3547 559 3590 Verrem
590 3549 759 3590 Aet.11.
794 3548 836 3591 L.
856 3548 932 3590 111.
962 3562 996 3592 e.
1016 3548 1087 3591 93.
1119 3548 1263 3603 §2112
