2150 3990
209 222 311 271 204
826 234 1035 271 menno
1082 234 1152 271 Μ’,
1201 233 1337 271 νιΤΑ
1384 232 1486 269 SUA

214 374 361 422 certe
395 383 426 421 a
468 373 519 423 te
560 366 694 422 mihi
734 369 913 422 omnia
961 383 1171 439 semper
1208 366 1429 421 honesta
1468 371 1522 421 et
1561 363 1793 418 iucunda
1832 362 2029 417 cecide·

213 473 370 528 runt3
403 484 434 522 a
472 484 559 522 me
599 468 696 521 tibi
737 467 916 523 luctus
948 485 1098 522 meae
1143 467 1499 530 calamitatiS‚
1540 470 1718 519 metus
1758 468 1907 526 tuae,
1947 462 2033 517 de-

214 566 508 633 siderium,
548 585 786 632 maeror,
828 566 1073 622 solitudo,
1151 567 1264 637 Ego
1297 573 1350 621 te
1390 563 1570 619 videre
1591 561 1890 618 noluerim?
1931 562 2033 616 Im·

213 683 300 722 mo
340 685 465 723 vero
498 685 585 723 me
623 685 654 722 a
685 675 738 722 te
765 667 935 722 videri
975 666 1138 720 nolui.
1215 665 1332 718 Non
1371 665 1516 718 enim
1548 662 1774 717 vidisses
1814 659 2036 716 fratrem

214 774 404 822 tuum:
460 786 563 823 non
598 786 758 832 eum,
811 785 970 839 quem
1010 767 1337 837 reliqueras:
1379 782 1484 819 non
1530 781 1690 829 eum,
1747 780 1908 835 quem
1947 781 2036 818 no-

215 885 336 922 ras:
399 885 503 922 non
543 885 667 922 eum
689 909 703 931 ,
762 884 924 939 quem
966 867 1099 921 flens
1147 865 1395 928 flentem,
1433 870 1843 936 prosequentem
1882 863 2036 935 profi-

213 969 420 1022 ciscens
459 967 774 1021 dimiseras:
816 983 883 1020 ne
922 965 1213 1034 vestigium
1242 963 1460 1036 quidem
1494 964 1645 1028 eius,
1684 979 1783 1017 nec
1821 962 2038 1018 simula-

215 1084 397 1127 crum;
461 1066 555 1121 sed
613 1066 902 1138 quamdam
960 1064 1192 1136 effigiem
1244 1064 1500 1136 spirantis
1551 1063 1771 1118 mortui.
1869 1064 2042 1133 Atque

217 1167 426 1221 utinam
478 1182 565 1221 me
612 1172 890 1220 mortuum
951 1166 1108 1237 prius
1164 1163 1391 1218 vidisses
1447 1170 1543 1218 aut
1600 1162 1871 1218 audisses!
1939 1162 2042 1216 uti-

217 1283 342 1323 nam
376 1273 429 1322 te
462 1283 568 1320 non
599 1266 773 1321 solum
811 1267 954 1321 vitae
974 1307 990 1331 ,
1029 1265 1124 1320 sed
1162 1266 1327 1320 etiam
1359 1264 1641 1336 dignitatis
1679 1279 1829 1318 meae
1861 1279 2044 1335 super·

218 1368 400 1422 stitem
450 1367 822 1439 reliquissem!
906 1371 992 1422 19.
1035 1366 1140 1422 Sed
1180 1372 1348 1421 testor
1384 1382 1569 1420 omnes
1607 1364 1767 1429 deoS,
1819 1381 1906 1419 me
1944 1363 2044 1418 hac

219 1485 328 1523 una
366 1485 496 1524 voce
546 1486 580 1523 a
621 1475 796 1524 morte
835 1486 951 1524 esse
997 1473 1308 1523 revocatum
1330 1508 1345 1531 ‚
1403 1465 1545 1538 quod
1589 1482 1774 1520 omnes
1812 1466 1869 1519 in
1926 1481 2046 1519 mea

218 1570 330 1623 vita
380 1576 589 1642 partem
629 1570 863 1642 aliquam
915 1576 1043 1623 tuae
1096 1569 1240 1623 vitae
1289 1566 1579 1638 repositam
1624 1581 1741 1620 esse
1779 1564 2043 1620 dicebant.

221 1669 397 1735 Quare
428 1670 645 1741 peccavi
679 1669 1043 1740 scelerateque
1075 1666 1195 1734 feci.
1273 1665 1408 1721 Nam
1435 1666 1483 1720 si
1515 1665 1831 1721 occidissem
1852 1707 1867 1731 ,
1900 1682 2046 1720 mors

222 1771 337 1841 ipsa
388 1786 563 1824 meam
617 1770 874 1841 pietatem
922 1782 1269 1838 amoremque
1326 1766 1383 1822 in
1422 1771 1476 1822 te
1528 1764 1683 1821 facile
1721 1765 2044 1821 defenderet.

221 1869 374 1924 Nunc
407 1869 683 1934 commisi,
732 1875 792 1924 ut
826 1869 947 1923 vivo
985 1885 1073 1922 me
1111 1883 1360 1930 carereS‚
1399 1867 1521 1920 vivo
1559 1882 1647 1920 me
1684 1865 1804 1920 aliis
1843 1865 2046 1937 indige·

222 1987 342 2032 res;
394 1986 514 2024 mea
551 1985 652 2023 vox
700 1969 757 2023 in
797 1967 1107 2023 domesticis
1157 1964 1413 2039 periculis
1450 1965 1792 2037 potissimum
1843 1966 2046 2021 occide-

221 2077 341 2134 ret,
380 2087 517 2142 quae
555 2087 713 2142 saepe
748 2069 1093 2124 alienissimis
1127 2065 1394 2142 praesidio
1426 2064 1635 2133 fuisset.
1713 2066 1854 2120 Haec
1876 2072 1893 2103 ¹
1935 2066 2050 2139 ipsa

223 2187 310 2227 me
343 2187 449 2241 quo
475 2169 608 2225 fletu
627 2175 787 2242 putas
826 2166 1137 2240 scripsisse?
1218 2163 1420 2222 Eodem
1440 2205 1455 2230 ,
1495 2181 1602 2236 quo
1621 2170 1676 2227 te
1699 2163 1876 2236 legere
1903 2172 2051 2222 certo

224 2272 353 2326 scio.
432 2272 514 2326 An
554 2288 652 2343 ego
701 2286 920 2344 possum
961 2275 1056 2324 aut
1096 2284 1203 2323 non
1241 2267 1480 2339 cogitare
1523 2265 1809 2339 aliquando
1859 2266 1926 2322 de
1962 2273 2016 2322 te
2036 2305 2051 2332 ‚-

225 2380 322 2434 aut
358 2390 618 2445 umquam
665 2373 781 2427 sine
818 2371 1058 2426 lacrimis
1096 2368 1367 2441 cogitare?
1447 2367 1624 2435 Quum
1664 2368 1809 2423 enim
1859 2374 1915 2424 te
1964 2368 2051 2424 de·

226 2473 404 2530 sidero
422 2513 440 2536 ‚
478 2470 701 2526 fratrem
741 2471 915 2525 solum
947 2469 1220 2525 desidero?
1299 2469 1414 2539 Ego
1440 2484 1567 2523 vero
1592 2469 1859 2524 suavitate
1890 2485 2055 2542 prope

227 2571 504 2646 aequalem
525 2614 540 2635 ‚
618 2571 871 2642 obsequio
943 2569 1114 2624 filium
1136 2610 1152 2632 ,
1222 2566 1446 2623 consilio
1515 2573 1814 2639 parentem.
1913 2569 2051 2636 Quid

230 2674 366 2730 mihi
417 2673 533 2727 sine
572 2678 626 2726 te
677 2686 937 2742 umquam
990 2676 1085 2724 aut
1124 2669 1222 2724 tibi
1263 2669 1380 2724 sine
1436 2685 1523 2723 me
1562 2667 1860 2722 iucundum
1911 2668 2051 2724 fuit?

233 2778 322 2830 20.
357 2772 511 2827 Nunc
525 2777 564 2836 ²,
603 2771 651 2825 si
683 2777 861 2842 potes,
899 2803 975 2810 --—
1014 2769 1070 2823 id
1107 2769 1248 2842 quod
1281 2785 1408 2840 ego,
1449 2768 1542 2840 qui
1594 2767 1748 2823 fortis
1786 2768 1886 2822 tihi
1917 2785 2052 2824 sem·

232 2890 328 2947 per
372 2872 616 2937 videbar,
651 2889 756 2927 non
794 2887 1012 2944 possum
1049 2902 1125 2911 -
1163 2870 1310 2942 erige
1348 2876 1403 2924 te
1439 2875 1495 2924 et
1533 2868 1821 2934 confirma,
1859 2870 1905 2924 si
1947 2887 2055 2942 qua

233 2974 512 3031 subeunda
561 2973 838 3029 dimicatio
894 2972 1015 3027 erit.
1097 2970 1261 3043 Spero
1280 3013 1296 3036 ,
1354 2971 1400 3026 si
1453 2970 1584 3043 quid
1634 2988 1755 3026 mea
1792 2987 1913 3043 spes
1963 2970 2055 3026 ha-

234 3077 324 3133 bet
370 3076 743 3140 auctoritatis,
784 3074 882 3129 tibi
921 3079 975 3128 et
1014 3073 1382 3144 integritatem
1420 3079 1598 3138 tuam,
1637 3055 1692 3127 et
1729 3088 1965 3127 amorem
1999 3073 2055 3126 in

238 3184 292 3231 te
331 3176 595 3239 civitatiS,
649 3182 702 3230 et
746 3173 950 3246 aliquid
1000 3174 1163 3230 etiam
1214 3173 1639 3229 misericordiam
1690 3173 1859 3226 nostri
1907 3189 2057 3244 prae-

242 3278 363 3332 sidii
416 3277 665 3332 laturam.
748 3275 842 3330 Sin
895 3275 1000 3329 eris
1059 3274 1124 3328 ab
1193 3276 1295 3329 isto
1352 3273 1590 3346 periculo
1642 3290 1873 3335 vacuus;
1931 3290 2057 3343 ages

306 3511 345 3567 ι)
374 3507 482 3553 lbid.
518 3510 541 3564 §
574 3511 613 3552 3.
650 3535 704 3541 -
742 3510 779 3566 2)
816 3507 922 3552 ima.
957 3492 979 3565 ’ς
1015 3512 1057 3551 5.
