2210 3970
13 2915 22 2972 ‘l

16 3147 27 3226 ἱ

0 3373 4 3411 ι

0 3422 6 3509 ἓ

451 235 506 292 L.
532 233 668 294 v111.
710 255 755 291 ο.
781 237 923 293 xxi.
967 235 1100 309 §52
1141 268 1215 276 -
1254 252 1301 289 ο.
1326 236 1487 291 xx11.
1530 238 1571 308 5
1596 240 1684 292 56.
1878 240 1978 293 371

226 382 389 445 xxa.
469 394 557 444 54.
599 388 986 444 consumebam
1011 394 1027 427 ¹
1064 387 1233 459 igitur
1271 403 1428 443 omne
1462 394 1705 459 tempuS,
1744 388 1982 444 conside·

151 502 302 554 rans,
339 495 542 562 quanta
579 488 661 544 vis
693 489 766 544 sit
805 489 950 545 illius
988 488 1120 553 viri,
1159 503 1319 560 quem
1355 488 1554 542 nostris
1586 486 1740 542 libris
1769 504 1982 560 expres·

151 589 339 645 simus.
420 589 686 645 Tenebam
708 632 723 654 ,
763 606 869 661 quo
910 587 1300 644 moderatorem
1342 586 1494 642 illum
1535 586 1861 659 reipublicae
1898 605 1979 644 re·

151 688 293 745 ferre
340 687 629 744 voluissem
677 690 875 744 omnia.
965 688 1100 744 Nam
1151 687 1233 743 sic
1269 687 1484 759 quinto,
1536 692 1599 742 ut
1643 687 1862 759 opinor,
1923 689 1981 743 in

146 786 291 842 libro>
313 786 554 859 loquitur
586 786 788 861 Scipio:
843 788 920 844 Ut
957 788 1125 843 enim
1157 786 1583 860 gubernatori
1616 802 1857 843 cursus
1894 804 1983 844 ae·

147 885 420 952 eundus,
452 886 700 944 medico
726 888 934 955 salus,
966 889 1349 961 imperatori
1375 888 1683 951 victoria:
1708 886 1805 943 sic
1830 886 1984 945 huic

145 986 540 1043 moderatori
573 987 981 1061 reipublicae
1004 989 1193 1046 beata
1218 989 1461 1045 civium
1486 989 1623 1044 vita
1647 989 1983 1063 proposita

145 1093 278 1151 est;
324 1093 394 1144 ut
439 1087 670 1162 opibus
719 1088 938 1157 firma,
986 1091 1194 1163 copiis
1241 1089 1559 1163 locuple8‚
1608 1088 1821 1161 gloria
1858 1106 1981 1147 am·

145 1186 278 1260 pla,
344 1188 598 1245 virtute
665 1189 939 1246 honesta
1005 1192 1112 1246 sit.
1219 1191 1426 1246 Huius
1491 1190 1663 1245 enim
1731 1192 1981 1264 operis,

143 1289 409 1345 maximi
468 1291 643 1346 inter
690 1281 985 1347 homines
1031 1298 1231 1362 atque
1275 1291 1538 1362 optimi,
1597 1290 1786 1345 illum
1835 1306 1982 1346 esse

143 1387 581 1462 perfectorem
620 1389 779 1444 volo.
849 1390 960 1444 Hoc
989 1389 1198 1445 Gnaeus
1226 1395 1410 1444 noster
1436 1404 1606 1460 quum
1634 1396 1795 1444 antea
1823 1406 1979 1447 num-

142 1504 337 1563 quam,
387 1495 507 1545 tum
544 1489 615 1545 in
663 1489 765 1546 hac
811 1505 1005 1546 caussa
1051 1490 1277 1545 minime
1320 1489 1595 1561 cogitavit.
1675 1489 1983 1547 nominatio

139 1589 385 1663 quaesita
427 1589 496 1647 ab
531 1596 761 1664 utroque
799 1597 909 1648 est:
962 1607 1069 1646 non
1109 1589 1164 1645 id
1203 1595 1387 1645 actum
1402 1630 1418 1654 ,
1468 1588 1625 1645 beata
1663 1596 1719 1645 et
1758 1590 1982 1649 honesta

137 1691 331 1748 civitas
368 1697 432 1749 ut
468 1698 627 1748 esset.
705 1691 814 1748 Nec
845 1707 973 1748 vero
1012 1691 1102 1748 ille
1141 1689 1338 1747 Urbem
1377 1689 1634 1763 reliquit,
1673 1691 1818 1765 quod
1854 1710 1974 1750 eam

138 1793 284 1850 tueri
322 1809 428 1849 non
460 1800 674 1868 posset,
714 1809 814 1850 nec
847 1793 1089 1859 Italiam,
1127 1792 1270 1866 quod
1297 1808 1360 1849 ea
1388 1792 1707 1866 pelleretur:
1748 1794 1843 1851 sed
1876 1793 1979 1851 boe

140 1909 172 1951 a
207 1894 384 1968 primo
427 1896 722 1969 cogitavit,
776 1911 963 1952 omnes
1014 1902 1218 1960 terras,
1276 1895 1458 1950 omnia
1510 1896 1683 1951 maria
1733 1912 1979 1962 movere,

138 2008 294 2068 reges
335 1995 591 2053 barbaros
637 1996 894 2061 incitare,
948 2002 1135 2067 gentes
1186 1995 1328 2051 seras
1374 2003 1615 2051 armatas
1664 1997 1719 2051 in
1766 1996 1977 2052 ltaliam

141 2094 436 2162 adducere,
474 2098 746 2152 exercitus
785 2096 1048 2152 conficere
1087 2097 1369 2153 maximos·
1467 2096 1647 2152 Genus
1687 2094 1817 2152 illud
1858 2097 1976 2153 Sul-

139 2195 250 2254 lani
288 2195 441 2270 regni
482 2192 802 2270 iampridem
841 2197 1218 2270 appetebatur,
1258 2197 1471 2261 multiS,
1514 2197 1608 2269 qui
1649 2213 1757 2252 una
1795 2205 1977 2264 erant,

140 2295 497 2370 cupientibus⁶
576 2302 666 2355 55.
709 2295 813 2352 Sed
853 2297 1033 2354 neutri
1073 2302 1267 2360 σκοπός
1303 2303 1421 2353 erat
1454 2296 1571 2362 ille,
1613 2285 1675 2352 u't
1707 2315 1803 2353 nos
1832 2298 1975 2354 beati

139 2410 413 2461 essemus;
470 2403 698 2471 uterque
736 2398 963 2470 regnare
1001 2396 1225 2453 volebat.
1305 2398 1455 2453 Alter
1473 2403 1496 2437 ²
1534 2398 1755 2454 ardebat
1794 2398 1976 2455 furore

137 2504 192 2554 et
228 2497 429 2554 s'eelere
449 2541 466 2564 ,
503 2515 603 2555 nec
640 2498 951 2554 remittebat
983 2497 1187 2571 aliquid
1207 2538 1222 2563 ,
1263 2498 1356 2553 sed
1396 2500 1451 2553 in
1490 2499 1606 2555 dies
1639 2500 1974 2572 ingravesce-

136 2598 255 2663 bat;
295 2615 394 2655 nec
425 2599 534 2655 iam
573 2598 882 2665 recusabat,
922 2599 1015 2655 sed
1054 2597 1286 2672 quodam
1326 2599 1483 2654 modo
1511 2600 1844 2673 postulabat,
1884 2609 1973 2668 ut,

136 2699 586 2772 quemadmodum
624 2709 742 2757 erat
758 2743 771 2767 ,
812 2702 891 2756 sie
925 2702 1088 2757 etiam
1122 2700 1488 2774 appellaretur
1521 2708 1804 2775 tyrannus,
1885 2703 1970 2758 ΑΙ-

135 2805 245 2866 ter,
283 2801 360 2866 is,
399 2802 493 2874 qui
531 2819 595 2857 se
626 2788 761 2856 nibil
799 2809 986 2857 contra
1018 2802 1181 2858 huius
1213 2801 1547 2857 voluntatem
1577 2802 1755 2860 aiebat
1794 2803 1970 2861 faeere

138 2916 324 2973 posse,
363 2900 575 2974 elapsus
611 2919 643 2958 e
681 2905 851 2959 soceri
889 2904 1140 2959 manibus
1171 2920 1235 2959 ac
1275 2903 1416 2958 ferro
1437 2945 1451 2967 ‚
1491 2902 1691 2958 bellum
1725 2911 1870 2960 terra
1904 2923 1969 2961 ac

138 2999 276 3055 mari
328 3001 706 3074 comparabat,
766 3020 870 3058 non
918 3005 1182 3059 iniustum
1222 3003 1311 3058 ille
1357 3002 1575 3074 quidem
1596 3045 1612 3068 ,
1663 3004 1757 3059 sed
1795 3021 1967 3077 quum

137 3099 313 3172 pium,
370 3109 488 3160 tum
529 3106 692 3159 etiam
733 3106 1125 3172 necessarium,
1165 3105 1279 3161 suis
1312 3111 1491 3159 tamen
1531 3105 1740 3160 civibus
1777 3107 1966 3163 exitia·

137 3198 278 3267 bile,
328 3203 434 3259 nisi
482 3204 756 3271 vinceret,
809 3207 1217 3272 calamitosum,
1267 3206 1480 3261 etiamsi
1528 3206 1783 3273 vinceret.
1873 3211 1961 3263 56.

109 3299 342 3359 (Horum
381 3321 478 3377 ego
518 3323 855 3363 summorum
890 3309 1275 3382 imperatorum
1324 3324 1428 3362 non
1461 3303 1627 3362 modo
1656 3326 1744 3364 res
1784 3317 1963 3381 gestas

206 3530 242 3588 ¹)
274 3529 325 3574 ad
368 3534 588 3580 Att-Vlll.
624 3539 693 3580 11.
730 3538 813 3593 §L
848 3563 903 3569 —
938 3539 975 3595 ²)
1011 3536 1116 3580 lbid.
1151 3539 1199 3579 X.
1234 3540 1274 3580 4.
1310 3537 1392 3592 §2

1610 3613 1707 3659 24*
