2158 4030
232 229 300 279 42
548 275 550 277 ,
821 240 1031 278 clcssno
1076 239 1146 277 nn
1195 239 1334 277 νιτΑ
1385 238 1489 278 SUA

230 380 338 428 tur.
418 371 551 429 Nam
585 388 681 428 nec
715 371 876 428 latius
915 389 1086 445 neque
1124 373 1387 445 copiosius
1419 370 1485 426 de
1530 369 1739 439 magnis
1779 368 2047 439 variisque

230 472 390 527 rebus
435 473 551 526 sine
595 472 925 545 philosophia
970 479 1143 545 potest
1186 473 1471 544 quisquam
1522 469 1726 529 dicere;
1784 467 2048 540 siquidem

229 573 392 627 etiam
438 572 493 624 in
527 571 765 626 Phaedro
798 573 1031 627 Platonis
1065 573 1163 626 hoc
1197 571 1455 626 Periclem
1488 569 1818 640 praestitisse
1857 568 2050 622 ceteris

230 672 363 726 dicit
394 671 693 725 oratoribus
721 671 993 737 Socrates,
1033 671 1175 743 quod
1202 672 1248 726 is
1273 671 1618 739 Anaxagorae
1650 652 1859 742 physici
1887 667 2051 721 fuerit

188 830 193 838 N
231 771 468 833 auditor;
508 788 540 825 a
571 788 703 843 quo,
743 778 924 826 censet
956 788 1109 835 eum,
1149 787 1317 842 quum
1355 769 1460 823 alia
1491 767 1764 840 praeclara
1789 766 2055 839 quaedam·
2094 826 2098 829 μ

230 879 284 928 et
333 871 618 943 magnifica
656 871 965 935 didicisset,
1017 871 1236 930 uberem
1283 877 1338 926 et
1380 868 1670 924 fecundum
1714 868 1881 923 fuisse
1926 883 2053 938 gna-

230 989 459 1044 rumque
494 1003 572 1011 —
608 971 748 1042 quod
774 976 857 1026 est
883 971 1215 1042 eloquentiae
1239 971 1567 1034 maximum,
1602 1001 1680 1010 —
1717 968 1912 1041 quibus
1937 983 2053 1022 ora-

230 1073 392 1126 tionis
438 1070 611 1125 modis
657 1087 899 1143 quaeque
945 1071 1249 1126 animorum
1288 1077 1470 1143 partes
1508 1069 1865 1142 pellerentur:
1913 1067 2055 1140 quod

231 1170 372 1225 idem
417 1169 483 1225 de
528 1169 882 1225 Demosthene
925 1171 1224 1226 existimari
1264 1177 1466 1244 potest,
1518 1171 1676 1226 cuius
1713 1186 1779 1224 ex
1819 1167 2056 1241 epistolis

230 1271 458 1344 intelligi
496 1272 651 1337 licet,
691 1289 853 1346 quam
893 1271 1143 1344 frequens
1182 1271 1345 1327 fuerit
1382 1271 1619 1327 Platonis
1657 1270 1886 1326 auditor.
1965 1272 2055 1324 97.

229 1371 337 1427 Nec
374 1389 500 1427 vero
538 1373 654 1427 sine
698 1371 1131 1444 philosophorum
1183 1371 1467 1444 disciplina
1513 1387 1682 1443 genus
1726 1376 1781 1425 et
1824 1368 2057 1442 speciem

230 1473 493 1544 cuiusque
537 1471 617 1526 rei
656 1488 904 1537 cernere,
942 1488 1116 1544 neque
1147 1487 1266 1527 eam
1303 1471 1604 1527 definiendo
1644 1469 1911 1543 explicare
1953 1485 2055 1524 nec

230 1554 470 1629 tribuere
494 1573 551 1626 in
577 1579 757 1645 partes
781 1589 1095 1645 possumuS‚
1135 1589 1234 1627 nec
1260 1572 1529 1638 iudicare,
1568 1588 1705 1643 quae
1731 1586 1886 1635 vera,
1917 1585 2057 1642 quae

231 1673 364 1728 falsa
396 1673 533 1739 sint,
573 1690 745 1746 neque
771 1690 989 1728 cernere
1015 1674 1422 1746 consequentia,
1461 1672 1819 1745 repugnantia
1850 1670 2057 1737 videre,

230 1774 483 1846 ambigua
522 1769 870 1846 distinguere.
951 1774 1092 1843 Quid
1112 1775 1287 1830 dicam
1321 1774 1386 1829 de
1420 1780 1616 1829 natura
1647 1788 1860 1837 rerum,
1901 1772 2057 1827 cuius

230 1875 466 1945 cognitio
503 1890 756 1945 magnam
793 1875 1049 1929 orationis
1089 1874 1395 1947 suppeditat
1432 1875 1670 1946 copiam,
1710 1873 1776 1928 de
1813 1874 1953 1938 vita,
1993 1871 2060 1928 de

231 1974 450 2040 officiiS,
490 1975 555 2030 de
586 1975 813 2039 virtute,
853 1975 918 2030 de
950 1975 1218 2041 morihuS,
1257 1977 1373 2031 sine
1398 1975 1570 2032 multa
1600 1992 1788 2030 earum
1820 1975 2060 2047 ipsarum

232 2091 416 2130 rerum
455 2075 738 2146 disciplina
777 2082 871 2129 aut
910 2075 1018 2129 dici
1051 2082 1147 2130 aut
1192 2075 1420 2147 intelligi
1456 2075 1652 2148 posse?
1731 2074 1812 2130 Ad
1846 2073 1942 2129 has
1979 2080 2063 2130 tot

231 2181 516 2246 tantasque
540 2191 630 2230 res
658 2175 956 2230 adhibenda
976 2181 1103 2230 sunt
1122 2182 1443 2250 ornamenta
1457 2174 1897 2240 innumerabilia,
1926 2191 2064 2246 quae

230 2275 344 2331 sola
368 2281 488 2330 tum
520 2276 737 2348 quidem
756 2276 1109 2331 tradebantur
1134 2276 1200 2331 ab
1227 2277 1322 2340 iis,
1363 2276 1457 2347 qui
1479 2275 1690 2330 dicendi
1711 2274 2072 2330 numeraban-

233 2381 327 2432 tur
357 2376 621 2447 magistri.
682 2376 797 2444 Quo
818 2377 906 2441 fit,
939 2383 1002 2431 ut
1026 2393 1209 2431 veram
1235 2375 1384 2430 illam
1410 2382 1465 2430 et
1491 2376 1789 2430 absolutam
1815 2376 2061 2447 eloquen·
2116 2446 2119 2452 .

233 2477 367 2532 tiam
387 2493 543 2532 nemo
563 2483 946 2549 consequatur,
961 2477 1102 2549 quod
1123 2477 1228 2532 alia
1248 2475 1611 2548 intelligendi,
1632 2476 1736 2531 alia
1756 2475 1969 2531 dicendi
1984 2476 2060 2531 di-

233 2577 460 2650 sciplina
480 2583 562 2634 est
582 2584 636 2633 et
655 2578 720 2633 ab
735 2579 854 2633 aliis
874 2595 1057 2633 rerum
1071 2621 1087 2644 ,
1108 2578 1173 2633 ab
1194 2578 1314 2633 aliis
1332 2578 1618 2634 verborum
1640 2578 1884 2634 doctrina
1904 2594 2062 2650 quae·

234 2679 392 2733 ritur.
435 2682 523 2734 98.
558 2679 627 2734 Et
642 2685 659 2717 ¹
689 2679 744 2734 id
764 2680 980 2752 quidem
1002 2680 1206 2734 nemini
1225 2678 1378 2734 video
1397 2679 1723 2735 Graecorum
1744 2680 2032 2751 contigisse
2048 2722 2063 2744 ,

235 2785 298 2832 ut
329 2778 472 2833 idem
499 2785 727 2851 utroque
754 2779 809 2834 in
831 2797 1025 2852 genere
1052 2779 1376 2845 elaboraret,
1403 2768 1825 2852 sequereturque
1850 2786 1905 2834 et
1931 2779 2064 2835 illud

237 2878 446 2934 forense
477 2879 691 2934 dicendi
719 2887 773 2935 et
806 2881 904 2935 hoc
933 2882 1176 2953 quietum
1210 2879 1519 2953 disputandi
1553 2897 1749 2951 genus:
1790 2881 1896 2935 nisi
1930 2880 2065 2936 forte

236 2979 540 3035 Demetrius
559 2980 847 3037 Phalereus
872 2983 930 3036 in
956 2981 1055 3036 hoc
1078 2998 1301 3037 numero
1320 2981 1505 3037 haberi
1525 2988 1725 3054 potest,
1765 2982 2067 3054 disputator

235 3080 480 3144 subtilis,
532 3088 712 3136 orator
750 3099 943 3155 parum
981 3082 1295 3147 vehemenS,
1334 3081 1507 3136 dulcis
1546 3088 1757 3146 tamen,
1797 3087 1860 3136 ut
1899 3080 2064 3137 Theo·
2149 3125 2155 3128 ⁴

238 3180 446 3252 phrasti
485 3180 807 3254 discipulum
840 3185 1010 3256 possis
1042 3200 1344 3255 agnoscere.
1441 3182 1546 3237 Nos
1589 3188 1770 3236 autem
1803 3188 2066 3254 quantum

240 3282 297 3335 in
348 3287 576 3354 utroque
614 3284 1026 3356 profecerimuS,
1068 3285 1293 3342 aliorum
1333 3284 1404 3340 sit
1443 3282 1732 3340 iudicium:
1775 3290 2066 3355 utrumque

302 3514 349 3572 ¹)
374 3512 426 3559 de
455 3513 538 3560 Off.
575 3518 605 3561 1.
639 3533 671 3560 c.
693 3520 734 3561 1.
764 3519 845 3574 §3.
