2210 3970
947 233 1226 269 —1v—

183 383 312 417 mur.
382 365 542 424 Quam
584 364 804 414 iucunde
851 364 987 413 enim
1024 363 1210 412 Tecum
1247 361 1443 426 saepius
1477 361 1609 426 ipsos
1655 359 1762 409 dies
1796 359 2020 409 inambu-

183 457 294 507 lans
328 472 415 521 per
445 453 851 504 amoenissimum
887 451 1079 507 Gelriae
1122 460 1340 503 tractum
1375 459 1586 518 vagatus
1621 465 1764 505 sum,
1799 464 1899 498 non
1933 448 2023 497 mi-

184 561 282 596 nus
330 559 473 610 agros
519 543 646 592 bene
693 543 856 592 cultos
902 550 954 591 et
989 542 1179 592 fertiles
1214 540 1496 598 admiranS,
1548 554 1699 604 quam
1734 538 1928 587 multus
1969 537 2022 586 in

190 633 443 688 laudanda
487 632 860 698 magnificentia
906 632 1172 690 villarum,
1220 631 1599 696 obstupefactus
1643 643 1843 693 quoque
1877 627 2029 676 inter-

191 725 341 782 dum,
377 722 574 788 quoties
604 722 667 772 de
702 723 889 772 vertice
924 722 1110 771 montis
1140 730 1227 771 aut
1268 721 1322 769 in
1356 720 1510 770 valles
1556 718 1809 785 despicere
1854 717 2030 766 liceret

190 830 371 880 pronas
415 822 466 863 et
509 828 710 877 opacaS,
757 812 932 861 autin
966 813 1188 860 nitentes
1216 809 1377 860 Rheni
1423 807 1656 875 ambages
1701 823 1789 874 per
1833 820 2031 871 campos

156 958 158 961 v
191 901 521 956 viridissimos
563 899 820 953 ludentis!
891 900 1051 958 Quam
1087 899 1307 949 iucunde
1355 914 1554 963 quoque
1590 898 1807 957 Tecum,
1844 896 1884 946 si
1917 895 2029 944 fati-

194 991 323 1058 gatis
359 989 647 1054 corporibus
681 988 911 1037 nonnihil
946 989 1132 1053 quietis
1166 988 1372 1038 concedi
1405 1003 1608 1037 necesse
1643 994 1801 1042 esset,

458 1107 526 1122 s·-
557 1093 717 1127 nunc
749 1078 945 1127 viridi
977 1078 1238 1130 membra
1271 1077 1378 1128 sub
1412 1077 1634 1127 arbuto

330 1169 612 1223 Stratus,
648 1182 809 1216 nunc
842 1168 916 1216 ad
951 1169 1145 1231 a'q'uae
1181 1168 1316 1217 lene
1350 1148 1535 1232 caput
1568 1179 1813 1220 sacrae,

192 1260 254 1310 de
290 1257 599 1323 quibuslibet
643 1256 796 1314 rebus
830 1257 1021 1313 amicus
1068 1272 1183 1315 cum
1219 1256 1378 1307 amico
1413 1255 1711 1312 amicissime
1753 1252 2032 1302 collocutus

194 1365 320 1404 sum·
352 1348 600 1411 horasque
651 1347 839 1396 multas
891 1363 1036 1413 saepe
1090 1332 1386 1396 suavissimo
1417 1339 1666 1407 ‘sermone
1691 1354 1693 1358 '
1716 1341 2033 1407 consumpsi!

197 1437 386 1496 Quodsi
422 1436 627 1485 arbores
659 1435 799 1501 loqui
834 1445 1070 1501 possent,
1118 1435 1434 1493 Hermanne‚
1471 1443 1523 1485 et
1552 1434 1845 1490 sedeculae,
1882 1439 2038 1481 testes

197 1527 470 1577 excitarem
504 1533 818 1590 praesenteS,
855 1533 1044 1589 quanto
1080 1525 1250 1578 studio
1286 1540 1380 1591 ego
1411 1525 1480 1575 Te
1511 1524 1708 1591 saepius
1754 1521 2034 1572 audiverim

193 1617 488 1672 memoriter
531 1615 830 1665 recitantem
865 1632 927 1664 ex
962 1615 1123 1680 poetis
1158 1615 1475 1680 potissimum
1503 1609 1868 1665 recentioribus
1902 1609 2035 1660 Lati.-

194 1707 305 1767 niS,
352 1721 477 1771 quos
522 1704 593 1754 ita
636 1704 791 1754 habes
825 1706 1082 1771 cognitOS,
1132 1712 1191 1755 ut
1225 1705 1278 1755 in
1312 1721 1372 1755 eo
1405 1720 1589 1772 genere
1622 1700 1908 1752 litterarum
1946 1698 2032 1748 ha-

194 1796 358 1847 hitare
409 1795 656 1852 videaris;
710 1803 898 1860 quanta
950 1795 1241 1861 cupiditater
1277 1794 1355 1851 Tu
1405 1797 1579 1845 contra
1629 1794 1847 1859 arripere
1896 1790 2035 1842 visus

198 1886 292 1945 sis,
329 1885 369 1934 sti
402 1884 528 1949 quid
546 1900 651 1950 ego
696 1900 762 1934 ex
789 1885 1009 1950 antiquis
1030 1901 1123 1950 ⁴par
1154 1883 1263 1950 pari
1289 1883 1494 1934 referre
1515 1889 1722 1934 conarer
1752 1887 2034 1947 etpoetam

196 1983 372 2040 poetae
414 1989 713 2039 comparare.
783 1974 971 2025 Earum
1017 1975 1339 2040 voluptatum
1355 2011 1370 2031 ,
1414 1973 1543 2029 mihi
1581 1973 1756 2034 creden,
1778 2012 1782 2015 ,
1801 1970 2035 2036 equidem

196 2079 297 2116 non
331 2063 478 2118 facile
511 2063 789 2121 obliviscar,
1063 2067 1067 2074 ”

200 2280 205 2284 -
264 2243 368 2294 Nec
412 2259 531 2294 vero
576 2243 746 2294 minus
791 2243 1074 2294 oblectabat
1117 2257 1232 2301 me,
1268 2242 1344 2301 si,
1366 2257 1538 2308 ,quum
1571 2249 1626 2292 et
1660 2241 1785 2293 mihi
1831 2250 1885 2291 et
1929 2239 2040 2290 Tibi

200 2332 464 2394 libuisset,
507 2334 692 2384 amicos
739 2341 856 2384 tuos
890 2334 1168 2384 viseremus
1187 2370 1200 2394 ‚
1235 2341 1391 2398 atque
1423 2333 1552 2384 adeo
1582 2340 1782 2383 nostros
1801 2371 1814 2390 ,
1850 2330 2039 2381 Arnhe÷

203 2421 333 2470 miae
366 2421 594 2472 viventes
628 2432 780 2489 atque
814 2425 867 2474 in
913 2439 973 2473 ea
1006 2423 1295 2474 vicinitate:
1343 2439 1563 2490 quorum
1604 2421 2040 2490 congressionibus

205 2526 316 2562 mea
363 2510 568 2574 quidem
604 2513 853 2562 sententia
887 2513 1026 2562 haud
1060 2513 1161 2562 scio
1213 2529 1277 2562 an
1310 2514 1451 2564 nulla
1485 2513 1755 2569 iucundior
1789 2529 1898 2562 esse
1932 2526 2040 2578 pos·-

205 2601 271 2655 sit
306 2600 605 2653 oblectatio:
639 2616 806 2666 neque
846 2602 1009 2651 solum
1044 2601 1153 2650 ioco
1187 2601 1412 2660 liberali,
1457 2603 1546 2668 qui
1580 2600 1926 2660 suavissimam
1967 2616 2042 2650 re-

205 2691 429 2755 quietem
463 2689 609 2740 affert
654 2691 961 2752 otiantibuS,
998 2691 1086 2741 sed
1115 2699 1168 2743 et
1196 2707 1425 2742 sermone
1459 2691 1626 2751 serio,
1660 2692 1807 2748 cuius
1846 2691 2043 2744 fructus

204 2791 256 2836 et
307 2782 407 2837 late
442 2788 585 2846 patet
626 2788 680 2830 et
722 2779 785 2829 ad
825 2794 998 2830 omnes
1038 2781 1205 2845 partes
1254 2781 1393 2832 vitae
1434 2782 1670 2848 pertinet.
1735 2781 1776 2832 E
1829 2797 2043 2846 quorum

206 2885 419 2927 numero
453 2885 587 2925 unus
620 2869 908 2936 nuperrime
936 2870 1093 2920 nobis.
1112 2871 1252 2921 fatali
1285 2878 1450 2921 morte
1481 2880 1686 2938 ereptus
1718 2881 1827 2931 est,
1862 2872 2045 2938 Egere

202 2962 511 3029 dingiuffi
546 2961 693 3014 cuius
738 2975 834 3025 ego
877 2959 1155 3014 discessum
1199 2961 1344 3013 valde
1379 2962 1566 3013 Tecum
1596 2963 1773 3021 dolui,
1808 2962 2043 3027 quoniam

207 3069 307 3103 non
342 3052 523 3103 minus‘
544 3051 696 3111 mihi,
731 3066 881 3115 quam
1357 3093 1360 3095 ,

475 3140 697 3197 Multis
728 3139 846 3189 ille
881 3139 1055 3190 bonis
1100 3140 1355 3205 flebilis
1387 3141 1655 3201 occidit,

472 3229 658 3279 Nulli
690 3229 1011 3293 flebilior,
1047 3246 1220 3295 quam
1257 3230 1412 3292 Tibi,
1472 3272 1476 3275 Α

207 3322 295 3387 qui
330 3337 448 3371 eum
472 3320 708 3375 'omnium
742 3320 959 3370 maxime
992 3320 1203 3371 haberes
1236 3321 1495 3371 dilectum.
1563 3319 1719 3371 Cuius
1752 3337 1814 3369 ex
1849 3320 2040 3370 deside-

203 3413 281 3467 rio
314 3427 434 3468 sane
468 3427 668 3462 vererer
701 3427 765 3461 ne
800 3427 890 3483 per
922 3426 1121 3461 omnem
1152 3411 1307 3465 vitam
1343 3420 1484 3464 tuam
1518 3409 1872 3467 vehementius
1906 3425 2039 3463 esses
