2158 4030
430 191 483 244 L.
510 192 546 245 1.
591 209 636 244 c.
662 191 774 245 Xll.
819 192 857 263 §
885 196 946 243 31
993 220 1067 230 ·—
1109 208 1153 243 c.
1181 191 1317 245 Xlll.
1362 194 1400 264 ὅ
1427 198 1511 246 57.
1848 199 1909 248 17

87 337 412 396 aedilitatem
460 340 618 396 iudex
663 342 992 413 quaestionis
1039 348 1214 406 esset,
1254 348 1335 397 est
1382 349 1654 425 mortuus:
1711 344 1764 396 in
1804 360 1912 414 quo

88 439 257 495 fateor
288 441 432 514 vulgi
468 442 727 498 iudicium
761 458 792 497 a
826 442 1024 496 iudicio
1063 458 1181 496 meo
1226 441 1558 497 dissensisse.
1638 442 1772 497 Nam
1820 462 1905 514 po·

86 539 210 610 pulo
250 557 353 594 non
393 548 508 596 erat
545 543 676 597 satis
709 541 1014 597 vendibilis:
1056 558 1309 613 praeceps
1341 542 1603 614 quaedam
1648 550 1703 596 ct
1741 558 1908 613 quum

84 638 284 694 idcirco
322 640 575 707 obscura,
634 643 760 714 quia
804 648 1093 714 peracuta,
1148 620 1266 696 tuni
1304 642 1491 714 rapida
1530 649 1584 697 ct
1627 642 1903 697 celeritate

80 745 295 795 caecata
327 742 523 803 oratio;
563 742 655 797 sed
690 758 860 814 neque
903 741 1080 797 verbis
1112 742 1372 814 aptiorem
1406 743 1514 796 cito
1553 742 1720 796 alium
1758 741 1903 796 dixe-

82 838 216 904 rim,
257 856 428 913 neque
473 843 754 900 sententiis
797 842 1138 899 crebriorem.
1219 844 1500 898 Praeterea
1539 843 1810 915 perlectus
1850 844 1905 897 in

80 937 276 999 litteris
310 939 550 1014 iurisque
583 942 797 998 civilis'
783 960 888 998 iam
917 959 947 998 a
978 950 1130 1016 patre
1158 943 1423 1000 Aculeone
1451 943 1704 999 traditam
1732 944 1908 998 tenuit

79 1037 436 1112 disciplinam.

155 1239 295 1295 xm.
373 1243 464 1296 56.
504 1241 767 1313 Equidem
790 1249 839 1307 ¹,
879 1250 940 1296 ut
984 1241 1050 1296 ad
1084 1259 1170 1297 mc
1208 1250 1478 1307 revertar,
1518 1243 1584 1296 ab
1623 1243 1708 1297 bis
1747 1243 1902 1298 sonti-

69 1338 176 1394 ·bus
219 1338 451 1412 profluxi
490 1339 557 1395 ad
603 1339 880 1396 hominum
928 1339 1154 1406 famam,
1195 1348 1249 1396 et
1293 1357 1445 1396 meus
1491 1339 1717 1396 sorensis
1753 1340 1903 1396 labor

14 1465 17 1506 5
68 1438 320 1512 vitaeque
351 1438 818 1496 ratiodimanavit
837 1439 904 1496 ad
937 1442 1390 1496 existimationem
1419 1440 1698 1496 hominum
1727 1441 1902 1513 paullo

16 1555 39 1609 μ
67 1537 236 1596 latius
267 1539 726 1597 commendatione
755 1558 819 1605 ac
853 1541 1052 1597 iudicio
1083 1558 1343 1597 meorum.
1403 1542 1535 1596 Nam
1556 1548 1579 1579 ²
1618 1542 1750 1596 mibi
1785 1544 1898 1614 qui·

15 1646 35 1751 l?
67 1639 195 1696 dem
240 1639 307 1698 de
350 1641 487 1698 meis
518 1641 813 1698 maioribus
856 1642 1071 1698 dicendi
1110 1643 1340 1699 facultas
1380 1659 1485 1698 non
1526 1642 1719 1697 datur:
1763 1659 1899 1708 non,

15 1755 53 1847 ᾖ.
66 1741 209 1814 quod
238 1758 347 1798 non
378 1742 513 1799 tales
546 1741 775 1809 fuerint,
815 1743 999 1816 quales
1031 1760 1128 1799 nos
1154 1743 1368 1799 illorum
1402 1744 1663 1815 sanguine
1689 1752 1897 1799 creatos

15 1815 467 1916 disciplinisque
517 1843 795 1899 institutos
839 1844 1066 1907 videtis;
1119 1844 1212 1900 sed
1258 1844 1399 1917 quod
1443 1843 1601 1899 laudc
1654 1844 1895 1916 populari

60 1947 225 2015 atque
257 1940 472 1999 honoris
497 1942 698 2016 publici
730 1943 850 2000 luce
882 1951 1192 2000 caruerunt.
1272 1944 1377 2000 Sed
1397 1950 1419 1983 ⁸
1459 1951 1638 1999 tamen
1678 1961 1894 2000 monen-

16 2041 192 2098 »dum
222 2058 340 2100 esse
370 2044 535 2102 etiam
560 2050 723 2118 atque
753 2046 917 2100 etiam
950 2052 1106 2118 puto:
1165 2045 1279 2100 Non
1312 2052 1537 2118 possunt
1562 2062 1747 2100 omncs
1778 2061 1895 2101 esse

63 2143 294 2215 patricii.
354 2142 433 2200 .Si
465 2161 654 2201 verum
683 2147 915 2218 ‚quaeris
936 2188 950 2211 ,
991 2162 1058 2200 ne
1090 2152 1284 2201 curant
1329 2146 1574 2218 quidem:
1614 2162 1713 2201 nec
1734 2151 1756 2184 ⁴
1795 2163 1893 2217 ego

61 2259 148 2299 me
179 2260 212 2300 a
242 2244 329 2300 Μ’.
353 2243 525 2300 Tullio
563 2261 679 2301 csse
699 2245 922 2311 dicam,
962 2247 1055 2318 qui
1076 2247 1355 2318 >patricius
1387 2264 1513 2302 cum
1555 2247 1739 2302 Servio
1772 2246 1887 2301 Sul-

62 2345 204 2416 picio
252 2344 438 2400 consul
496 2361 635 2400 anno
668 2363 716 2402 x.
771 2353 891 2419 post
940 2353 1155 2401 exactos
1207 2363 1360 2418 reges
1412 2347 1531 2402 fuit.
1612 2352 1701 2402 57.
1744 2346 1887 2401 Sed‘

57 2445 259 2517 equitis
303 2445 528 2501 Romani
575 2446 717 2512 filio,
770 2463 874 2501 non
923 2445 1107 2501 idem⁸
1147 2446 1280 2501 mihi
1329 2446 1559 2512 licebat,
1597 2447 1738 2520 quod
1786 2449 1888 2510 iis,

55 2546 151 2618 qui
197 2545 360 2602 nobili
399 2563 594 2619 genere
639 2549 752 2603 nati
787 2554 942 2621 sunt;
983 2547 1179 2619 quibus
1218 2549 1397 2603 omnia
1437 2549 1616 2621 populi
1665 2550 1889 2604 Romani

54 2645 312 2703 beneficia
350 2647 741 2705 dormientibus
779 2648 1122 2705 deferuntur:
1165 2649 1320 2721 longe
1360 2649 1464 2705 alia
1504 2650 1637 2704 mihi
1684 2650 1798 2721 lege
1832 2651 1886 2703 in

16 2735 17 2738 ¹
53 2745 154 2802 hac
182 2747 400 2805 civitate
431 2755 486 2804 et
524 2749 827 2804 conditione
853 2749 1141 2804 vivendum
1177 2749 1296 2804 suit.
1379 2751 1537 2805 Venit
1570 2751 1713 2805 enim
1748 2750 1882 2804 mihi

15 2848 106 2947 [jn
146 2855 380 2905 mentem
419 2850 485 2904 Μ.
515 2851 756 2916 CatoniS,
798 2851 1030 2905 hominis
1076 2851 1460 2923 sapientissimi
1494 2859 1550 2907 et
1589 2853 1882 2923 vigilantis·

18 2954 206 3025 ssimi:
260 2953 352 3024 qui
392 2968 559 3023 quum
594 2968 660 3006 se
703 2951 934 3016 virtute,
988 2970 1093 3006 non
1133 2970 1363 3023 genere,
1403 2954 1595 3025 populo
1642 2954 1879 3007 Romano

18 3032 410 3138 {commendam
448 3057 691 3123 putaret,
729 3068 899 3123 quum
933 3054 1045 3124 ipse
1084 3053 1168 3107 sui
1195 3070 1407 3123 genens
1436 3053 1654 3106 initium
1688 3069 1750 3107 ac
1791 3070 1879 3106 no-

20 3145 23 3150 *
51 3154 214 3209 minis
246 3152 312 3208 ab
351 3169 407 3206 se
446 3152 595 3223 gigni
629 3158 682 3205 et
715 3154 999 3224 propagari
1033 3152 1218 3218 vellet,
1260 3154 1539 3207 hominum
1572 3155 1876 3225 potentissi-

43 3334 53 3395 ‚¹
109 3322 240 3382 ¹)pro
255 3318 393 3366 Caelio
421 3333 456 3362 e.
476 3323 518 3365 3.
554 3321 638 3377 §6.
672 3347 731 3355 --
764 3323 803 3378 2)
821 3319 874 3364 de
900 3281 1146 3381 LIAgraria
1162 3324 1219 3366 11.
1249 3336 1285 3365 c.
1303 3323 1344 3364 1.
1382 3322 1477 3378 §.1.
1508 3347 1568 3356 —
1600 3322 1640 3380 ³)
1658 3297 1733 3383 pro
1753 3319 1878 3365 Sulla

20 3447 22 3451 Α
51 3397 63 3406 ”
94 3399 138 3443 8.
171 3399 288 3455 §23.
319 3423 379 3433 -—-
410 3399 452 3457 4)
472 3401 592 3442 Brut.
625 3401 752 3442 c.16.
781 3399 898 3454 §62
931 3423 990 3432 —-
1022 3401 1062 3460 ⁵)
1081 3415 1155 3461 pro
1178 3402 1355 3445 Murena
1386 3415 1423 3444 c.
1442 3401 1484 3445 8.
1518 3401 1633 3458 §17.
1668 3426 1725 3435 —-
1760 3401 1802 3458 6)
1832 3397 1877 3441 in

20 3520 35 3535 ..
85 3489 221 3520 errem
255 3475 348 3521 Aet.
371 3477 423 3520 ΙΙ.
458 3479 500 3519 L.
524 3479 574 3522 V.
607 3492 641 3521 e.
662 3479 732 3521 70.
768 3477 910 3532 §18st

21 3546 52 3568 ‚5
1566 3555 1595 3599 2
