2150 3990
532 224 584 279 ι..
610 225 698 280 111.
741 226 870 279 αν.
914 226 952 298 ,ς
984 231 1046 279 14
1088 258 1160 272 Ρ.
1202 245 1245 279 0.
1276 227 1355 281 v1.
1401 228 1550 300 517.
1854 234 1952 284 105

146 393 272 432 num
316 377 638 449 reipublicae
682 376 950 449 professus
998 394 1197 441 essem,
1250 386 1303 432 ct
1349 379 1479 450 qui¹
1525 379 1679 432 initio
1724 397 1958 435 orassem

142 484 320 548 patres
351 478 712 550 conscriptos,
755 492 915 531 suum
955 484 1015 531 ut
1059 476 1193 531 mihi
1228 477 1468 532 studium
1509 478 1575 532 ad
1622 494 1958 534 communem

144 577 459 647 dignitatem
501 575 883 631 defendendam
922 576 1303 649 profiterentur
1324 620 1337 642 ,
1389 595 1494 650 quo
1533 579 1842 650 perficerem
1878 580 1960 642 id,

141 676 282 748 quod
327 677 560 731 maxime
611 676 911 749 respublica
949 676 1319 741 desiderabat,
1374 684 1434 731 ut
1474 685 1692 732 senatus
1730 681 1961 733 auctori-

141 783 253 841 ωε,
306 793 442 848 quae
487 777 640 850 apud·
674 778 902 833 maiores
941 783 1149 833 nostros
1189 777 1562 842 suit,‘eadem
1601 779 1759 851 longo
1798 781 1960 834 inter-

140 875 276 932 vallo
314 875 640 949 reipublicae
678 879 931 934 restituta
969 894 1084 933 esse
1118 877 1392 933 videretur
1422 910 1499 919 ——
1530 884 1668 950 ego²
1714 861 1959 934 senatum

139 983 192 1031 et
237 976 400 1031 bonos
432 993 616 1033 omncs
655 978 789 1050 legis
828 979 1071 1050 agrariae
1110 978 1575 1051 maximarumque
1614 978 1959 1050 largitionum

139 1081 288 1132 metu
325 1076 576 1140 liberavi;
616 1096 712 1150 ego
752 1092 943 1150 agrum
980 1078 1339 1150 Campanum,
1378 1078 1424 1132 si
1465 1077 1631 1132 dividi
1673 1095 1778 1133 non
1810 1097 1958 1152 opor-

58 1211 61 1215 -
138 1177 277 1242 tuias
320 1179 655 1232 conservavi:
709 1179 754 1231 si
796 1180 1060 1249 oportuit,
1106 1178 1416 1232 melioribus
1444 1178 1754 1233 auctoribus
1793 1197 1960 1236 reser-

139 1278 275 1332 vavi.
354 1276 528 1332 Nam⁸
571 1276 655 1331 lex
702 1278 915 1348 agraria
954 1284 1064 1331 tota
1097 1294 1130 1332 a
1174 1294 1260 1331 me
1300 1277 1620 1348 reprehensa
1659 1286 1713 1333 ct
1757 1279 1961 1334 abiecta

53 1431 55 1435 ,
138 1383 247 1439 est:
290 1381 423 1442 Ἰιη’,
475 1393 613 1449 quae
654 1375 806 1432 nobis
850 1376 1145 1448 designatis
1199 1376 1459 1431 timebant
1511 1394 1730 1441 omnes,
1782 1396 1843 1433 ea
1898 1397 1961 1434 no

136 1477 379 1536 accidere
411 1484 668 1551 possent,
707 1477 930 1533 consilio
964 1494 1081 1533 meo
1119 1494 1181 1533 ac
1222 1478 1427 1533 ratione
1467 1480 1675 1549 provisa
1703 1488 1847 1535 sunt.

211 1678 297 1735 vl.
382 1683 468 1736 17.
507 1679 702 1736 Nunc⁵
755 1679 1024 1752 reliquum
1075 1680 1414 1735 consulatum
1462 1697 1641 1736 meum
1681 1666 1958 1753 erponam.

134 1779 315 1835 Sunt⁰
360 1785 545 1837 autem
585 1781 851 1835 maximae
903 1797 989 1835 res
1035 1780 1091 1835 in
1137 1780 1237 1836 hac
1277 1782 1534 1836 memoria
1581 1789 1742 1854 atque
1788 1789 1961 1838 actatc

133 1886 351 1936 nostra..
391 1878 597 1937 Plura⁷
634 1882 779 1937 enim
813 1881 1157 1946 acciderunt,
1191 1898 1353 1955 quam
1387 1882 1594 1938 vellem.
1656 1883 1758 1939 Sed
1779 1889 1800 1920 ⁸
1834 1891 1959 1938 sunt

135 1979 265 2041 haec
297 1981 522 2039 leviora:
565 1982 655 2038 illa
693 1999 819 2038 vero
851 1982 1035 2054 gravia
1075 1989 1235 2054 atque
1273 1999 1484 2055 magna.
1568 1983 1747 2039 Sunt⁹
1782 1993 1959 2039 tamen

133 2095 196 2135 ea
245 2082 639 2155 cognoscenda;
691 2083 963 2155 pertinent
1015 2084 1159 2138 enim
1205 2083 1271 2138 ad
1323 2100 1556 2147 annum,
1608 2084 1674 2140 de
1718 2101 1823 2156 quo
1863 2084 1959 2139 hoc

55 2182 58 2186 ’
132 2178 269 2241 libro
300 2181 623 2255 disputatur.
670 2175 675 2180 ’
706 2182 932 2254 Reliqua
964 2182 1215 2255 deinceps
1248 2199 1647 2255 persequemur.

92 2311 97 2316 -
139 2296 151 2302 ’⁴
207 2279 512 2354 Numquam
535 2287 579 2321 ¹⁰
617 2273 990 2337 vehementius
1029 2290 1211 2337 actum
1251 2291 1361 2347 est,
1401 2283 1563 2355 quam
1602 2301 1688 2339 mc
1714 2286 1959 2349 consule,

132 2398 199 2437 ne
241 2381 564 2445 solveretur;
615 2383 782 2438 armis
834 2389 888 2437 et
933 2384 1127 2438 castris
1180 2390 1385 2455 tentata
1432 2400 1518 2439 res
1561 2393 1644 2440 est
1695 2385 1761 2440 ab
1812 2388 1957 2441 omni

128 2496 323 2554 genere
355 2481 720 2537 hominumet
753 2481 956 2537 ordine.
1034 2482 1242 2551 Quibus
1275 2484 1348 2538 ita
1383 2486 1588 2550 restiti,
1628 2493 1690 2540 ut
1717 2485 1814 2540 hoc
1843 2495 1957 2542 tan·

130 2576 247 2638 tum
275 2581 489 2638 malum
527 2582 594 2638 de
626 2582 900 2655 republica
933 2583 1226 2640 tolleretur.
1307 2586 1610 2658 Numquam
1646 2605 1743 2643 nec
1782 2589 1958 2643 maius

128 2699 220 2739 aes
243 2683 515 2743 alienum.
543 2683 683 2750 fuit,
735 2702 834 2740 nec
868 2684 1063 2740 melius
1101 2703 1199 2741 nec
1245 2686 1458 2743 facilius
1497 2688 1817 2744 dissolutum
1858 2699 1954 2746 est.

131 2784 439 2841 Fraudandi
472 2786 615 2841 enim
649 2803 742 2859 spe
780 2786 1020 2852 sublata,
1059 2787 1296 2843 solvendi
1337 2791 1631 2845 necessitas
1670 2799 1986 2847 consecuta*

130 2891 228 2939 cst.
309 2884 540 2944 Tabulae
562 2892 615 2924 ¹¹·
636 2900 763 2942 vero
795 2903 962 2942 novae
988 2887 1117 2959 quid
1152 2887 1350 2944 habent
1381 2891 1715 2961 argumenti,
1757 2892 1858 2945 nisi
1897 2898 1955 2946 ut

129 3001 278 3040 emas
323 3003 441 3042 mea
466 2979 712 3059 'pecunia
747 2986 999 3043 fundum:
1052 3004 1175 3043 eum
1218 2995 1277 3043 tu
1324 2988 1547 3053 habeaS,
1587 3007 1685 3061 ego
1720 3007 1823 3045 non
1866 2992 1953 3046 ha·

180 3203 230 3261 ⁴)
261 3201 315 3248 de
346 3201 376 3249 l.
412 3204 592 3265 Agraria
624 3209 659 3250 l.
696 3222 731 3251 c.
765 3209 806 3251 9.
853 3210 877 3265 §
909 3172 1073 3252 27.ss
1109 3212 1149 3267 ⁹)
1185 3209 1228 3252 in
1266 3208 1399 3251 Pisou.
1434 3223 1467 3251 e.
1504 3211 1546 3252 2.
1582 3211 1606 3266 §
1641 3212 1679 3253 4.
1713 3236 1773 3244 —
1806 3212 1846 3268 ⁵)
1879 3226 1953 3271 pro

52 3339 55 3342 ι
133 3279 257 3326 Sulla
287 3285 414 3327 c.23.
459 3284 582 3340 §65
616 3311 674 3320 —-
707 3287 747 3344 4)
779 3284 833 3330 de
866 3285 894 3331 l.
929 3286 1106 3346 Agraria
1140 3291 1196 3332 11.
1237 3302 1272 3330 c.
1294 3289 1364 3330 37.
1400 3287 1547 3342 §102
1579 3312 1637 3320 -—
1667 3290 1709 3344 ⁵)
1736 3288 1782 3332 in
1816 3288 1951 3333 Pison.

133 3375 168 3421 (ἶ,
188 3363 230 3404 3,
262 3362 348 3418 §7-
382 3387 438 3394 -
473 3363 512 3420 6)
529 3361 581 3406 de
605 3362 747 3424 Legib.
768 3367 804 3408 1.
827 3380 862 3408 c.
883 3367 923 3407 3.
943 3365 967 3421 ᾗ
987 3366 1026 3409 8.
1063 3391 1119 3398 —
1155 3368 1191 3423 7)
1217 3365 1260 3408 in
1283 3364 1415 3408 Pison.
1433 3379 1468 3408 c.
1488 3366 1559 3408 20.
1581 3366 1693 3422 §la
1728 3391 1786 3397 —
1822 3368 1860 3423 ⁸)
1878 3383 1952 3426 pro

126 3436 300 3484 Plancio
321 3455 357 3485 c.
377 3443 447 3484 35.
483 3443 507 3497 ᾗ
528 3444 598 3485 86.
619 3467 674 3475 —-
692 3444 731 3501 9)
748 3441 800 3486 ‹lc
826 3441 909 3486 off.
932 3446 984 3486 11.
1021 3459 1056 3487 c.
1077 3445 1146 3486 25.
1184 3445 1206 3498 ᾗ
1226 3445 1295 3487 90.
1318 3469 1374 3477 -
1395 3444 1450 3500 ¹0)
1472 3439 1580 3485 ibid.
1608 3458 1643 3485 c.
1664 3445 1735 3486 24.
1758 3446 1781 3499 §
1802 3445 1871 3488 84.
1893 3471 1945 3478 —

129 3516 185 3573 ¹¹)
218 3513 327 3562 ibid.
358 3533 395 3563 c..
416 3520 486 3562 23.
523 3521 638 3576 §ar
