2210 3970
537 220 592 274 L.
618 220 679 276 x.
723 218 928 274 axvi.
974 218 1102 291 §41
1148 247 1223 255 -
1262 234 1307 268 ω.
1336 215 1494 270 xvu.
1540 215 1690 287 §45-
1927 218 2030 268 475

278 472 443 530 XVII.
525 475 611 527 42.
636 472 704 527 Et
727 477 741 508 ¹
788 479 847 526 ut
866 470 1018 544 plene
1040 475 1179 526 esset
1200 469 1579 541 cumulateque
1600 466 1835 541 perfecta
1869 482 2028 539 ‹piae-

202 574 308 631 stio
340 573 406 630 de
426 578 621 628 natura
654 573 918 637 Deorum,
960 573 1089 628 item
1128 571 1195 627 de
1228 571 1648 626 Divinatione
1681 570 1910 641 ingressi
1945 585 2032 624 su-

202 690 325 731 mus
345 671 595 730 scribere.
639 671 808 728 Vetus
827 679 849 710 ²
882 674 1060 746 opinio
1080 679 1188 737 est,
1215 672 1321 728 iam
1342 687 1512 744 usque
1532 670 1599 727 ab
1621 669 1851 726 heroicis
1870 670 2034 726 ducta

202 772 562 846 temporibuS,
602 789 771 846 eaque
819 780 873 829 et
919 772 1099 847 populi
1140 772 1367 828 Romani
1405 778 1460 828 et
1505 771 1747 827 omnium
1788 773 2033 843 gentium

203 875 416 931 firmata
453 891 746 938 consensu,
773 877 975 930 versari
999 874 1289 948 quamdam
1310 875 1452 930 inter
1477 873 1719 930 homines
1750 873 2032 928 divinatio·

202 990 325 1031 nem
347 1018 362 1041 ,
411 991 574 1049 quam
608 977 797 1032 Graeci
836 979 1094 1044 μαντικήν
1135 975 1438 1049 appellant,
1487 975 1542 1030 id
1587 982 1669 1030 est
1707 975 2036 1048 praesensio·

200 1094 323 1135 nem
362 1083 416 1133 et
445 1077 728 1133 scientiam
770 1094 954 1134 rerum
983 1078 1310 1134 futurarum.
1389 1076 1671 1149 Magnifica
1696 1076 1915 1149 quidem
1949 1093 2037 1133 res

201 1184 254 1233 et
292 1177 582 1244 salutem,
616 1180 663 1233 si
701 1179 859 1235 modo
899 1186 981 1236 est
1016 1179 1151 1236 ulla:
1192 1195 1406 1252 quaque
1438 1180 1680 1252 proxime
1718 1178 1785 1233 ad
1811 1178 2035 1235 deorum

198 1279 310 1335 vim
363 1285 559 1334 natura
603 1279 849 1334 mortalis
897 1281 1065 1352 possit
1111 1280 1383 1335 accedere.
1463 1279 1653 1350 ltaque
1692 1285 1753 1333 ut
1791 1278 1896 1333 alia
1944 1296 2039 1334 nos

196 1378 392 1435 melius
425 1378 596 1434 multa
650 1375 1073 1451 quam‘Graeci,
1122 1379 1203 1433 sic
1252 1378 1379 1433 huic
1422 1378 1918 1449 praestantissimae
1959 1380 2037 1433 rei

197 1494 391 1536 nomen
425 1479 596 1536 nostri
625 1495 656 1535 a
689 1479 856 1546 divis,
896 1479 1115 1544 Graeci,
1151 1487 1213 1535 ut
1254 1479 1403 1534 Plato
1437 1480 1852 1552 interpretatur,
1893 1494 1924 1533 a
1959 1479 2036 1534 su·

194 1596 318 1637 rore
367 1581 657 1639 duxerunt.
741 1586 829 1637 45.
871 1581 1096 1638 Gentem
1157 1580 1376 1653 quidem
1425 1580 1629 1637 nullam
1671 1580 1824 1636 video
1864 1597 2038 1654 neque

196 1685 309 1737 tam
349 1681 643 1739 humanam
685 1688 848 1755 atque
893 1681 1107 1738 doctam
1132 1724 1147 1747 ‚
1201 1698 1375 1755 neque
1415 1688 1525 1737 tam
1567 1683 1859 1737 immanem
1900 1687 2038 1738 tam·

193 1796 300 1854 que
330 1780 613 1840 barbaram
636 1825 651 1848 ,
692 1799 832 1857 quae
864 1799 970 1838 non
1009 1782 1308 1855 significari
1343 1780 1526 1838 sutura
1559 1788 1614 1837 et
1648 1798 1679 1836 a
1715 1780 2036 1854 quibusdam

194 1882 423 1957 intelligi
461 1883 809 1958 praedicique
855 1900 1010 1957 posse
1049 1890 1282 1940 censeat.
1364 1884 1638 1957 Principio
1677 1883 1924 1957 Assyrii,
1979 1890 2038 1939 ut

193 1983 260 2041 ab
285 1984 497 2042 ultimis
527 1986 910 2042 auctoritatem
950 1992 1221 2059 repetam,
1256 1992 1476 2059 propter
1509 1985 1788 2059 planitiem
1823 1986 2036 2057 magni-

196 2084 549 2160 tudinemque
588 2086 871 2158 regionum
894 2129 909 2152 ,
949 2103 1084 2160 quas
1123 2086 1462 2152 incolebant,
1501 2102 1672 2159 quum
1713 2084 1922 2142 caelum
1970 2102 2036 2142 ex

195 2186 340 2243 omni
379 2193 533 2262 parte
557 2194 748 2260 patens
787 2194 950 2262 atque
982 2195 1230 2262 apertum
1272 2189 1619 2244 intuerentur
1637 2228 1653 2253 ,
1688 2187 2034 2244 traiectiones

193 2292 480 2361 motusque
505 2287 785 2345 stellarum
826 2288 1321 2345 observitaverunt:
1358 2287 1558 2361 quibus
1613 2289 1812 2343 notatis
1831 2331 1847 2354 ,
1898 2289 2030 2362 quid

193 2402 406 2461 quoque
432 2387 834 2460 significaretur
855 2430 871 2455 ,
910 2390 1203 2445 memoriae
1240 2387 1622 2461 prodiderunt„
1692 2389 1809 2457 Qua
1848 2390 1905 2444 in
1939 2407 2033 2447 na·

194 2489 338 2545 tione
364 2487 644 2556 Chaldaei,
669 2506 774 2546 non
795 2506 859 2545 ex
893 2492 1029 2546 artis
1050 2533 1064 2556 ,
1098 2490 1191 2546 sed
1225 2506 1289 2546 ex
1312 2491 1491 2562 gentis
1511 2490 1769 2546 vocabulo
1789 2492 2029 2548 nomina·

189 2588 270 2654 ti,
309 2587 569 2646 diuturna
598 2589 968 2647 observatione
1007 2590 1247 2647 siderum
1278 2592 1562 2647 scientiam
1603 2599 1868 2665 putantur
1906 2592 2029 2650 esse·

188 2688 354 2754 cisse,
375 2695 439 2746 ut
458 2689 696 2764 praedici
724 2699 931 2763 posset,
955 2691 1086 2764 quid
1113 2693 1310 2765 cuique
1342 2699 1667 2749 eventurum
1682 2700 1737 2749 et
1757 2711 1863 2766 quo
1882 2696 2028 2767 quis·

191 2805 296 2861 que
332 2788 443 2845 fato
470 2796 631 2846 natus
653 2797 811 2846 esset.
874 2791 1133 2848 Eamdem
1168 2799 1341 2848 artem
1362 2795 1528 2848 etiam
1549 2794 1802 2869 Aegyptii
1820 2795 2027 2869 longin-

190 2889 398 2962 quitate
429 2897 733 2965 temporum
770 2892 1254 2949 innumerabilibus
1287 2909 1455 2966 paene
1488 2894 1719 2949 saeculis
1750 2900 2028 2953 consecuti

189 2995 468 3062 putantur.
548 2990 777 3047 Cilicum
818 2999 999 3049 autem
1040 3000 1095 3048 et
1135 2993 1440 3049 Pisidarum
1473 3011 1604 3066 gens
1643 3002 1697 3050 et
1736 2995 1823 3051 his
1859 2996 2027 3052 finiti-

189 3105 278 3145 ma
305 3091 656 3166 Pamphylia,
697 3092 895 3164 quibus
936 3093 1245 3149 nationibus
1277 3093 1615 3167 praefuimus
1654 3096 1794 3168 ipsi,
1835 3097 2020 3154 volati-

189 3191 289 3246 bus
321 3193 501 3248 avium
537 3193 892 3265 cantibusque
914 3236 928 3256 ‚
965 3202 1025 3248 ut
1064 3196 1384 3250 certissimis
1405 3196 1611 3266 signi&
1646 3196 1907 3253 declarari
1937 3217 2025 3256 res

190 3291 400 3349 futuras
453 3302 662 3366 putant.
764 3295 934 3361 Quam
996 3313 1119 3352 vero
1175 3297 1397 3371 Graecia
1451 3297 1711 3355 coloniam
1760 3302 1910 3357 misit
1967 3302 2022 3358 iu

258 3531 295 3586 ²)
327 3529 378 3575 de
405 3533 595 3579 Divinat.
623 3537 687 3579 ll.
713 3549 746 3578 c.
770 3537 808 3579 1.
845 3536 927 3590 §3.
961 3560 1019 3568 ——·
1056 3538 1094 3593 ὲ)
1128 3534 1232 3579 ibid.
1263 3538 1296 3580 1.
1331 3554 1363 3580 c.
1387 3539 1424 3580 1.
1462 3538 1544 3593 51.
