2210 3970
566 279 1484 322 suranae—rsaswnus.
1838 268 1949 325 857

133 427 136 431 ’
177 419 420 475 Smyrnae
453 420 713 463 exsulantem
753 422 896 463 Cicero
929 423 1028 465 visit
1059 423 1263 465 Rutilium
1295 424 1449 466 Rufum
1483 437 1526 480 p.
1560 421 1668 469 574.
1715 423 1949 467 Trebonius

108 484 167 526 ibi
196 485 430 529 trucidatur
463 503 487 530 a
519 487 731 529 Dolabella
768 489 876 531 806.

174 553 397 595 Socialis
430 554 533 596 belli
566 555 682 608 origo
720 555 828 597 541.

172 618 423 674 Spinther
456 635 496 662 v.
532 621 749 662 Cornelius
789 622 1007 663 Lentulus.

98 717 101 720 .
172 686 218 727 L.
253 686 526 737 Statilius,
561 688 700 727 socius
734 688 960 740 Catilinae,
996 689 1204 744 supplicio
1236 690 1414 731 affectus
1452 690 1562 732 689.

171 751 369 794 Stellae
403 753 578 794 crinitae
613 754 658 793 in
692 754 809 794 eaelo
837 755 949 795 visae
983 756 1088 796 553.

169 816 501 874 Stipendium
539 819 783 861 decernitur
815 821 1015 862 exercitui
1049 820 1233 862 Caesaris
1266 821 1375 863 698.

168 883 352 926 Strabo
381 899 421 928 ν.
455 885 693 940 Pompeius.

168 951 349 994 Studia
383 952 618 995 Ciceronis:
653 953 697 992 in
732 953 911 1007 pueritia
944 955 1050 994 538.
1087 954 1132 994 ἰιι
1161 953 1443 995 adolescentia
1475 954 1584 996 540.
1608 955 1715 998 544.
1747 952 1840 998 549
1871 970 1938 1011 sq.

105 1017 201 1058 55¹5v
227 1031 320 1073 sqq.
361 1018 453 1059 564
484 1032 577 1073 sqq.
625 1017 716 1059 569
750 1032 814 1072 sq.
855 1017 962 1062 578.
998 1020 1042 1059 ἰη
1089 1019 1199 1060 virili
1242 1025 1386 1063 aetate⁴
1417 1021 1526 1064 599.
1564 1020 1656 1065 657
1689 1033 1783 1077 sqq.
1822 1023 1933 1065 698.

98 1083 145 1125 in
181 1088 404 1126 senectute
440 1082 548 1128 768.
586 1082 694 1128 771.
734 1082 844 1127 788.

165 1149 652 1205 Subscriptores‘in
688 1163 836 1191 caussa
864 1151 1059 1192 Murenae
1092 1149 1201 1195 627.
1236 1154 1281 1193 in
1317 1166 1465 1196 caussa
1497 1154 1549 1195 Η.
1580 1147 1708 1196 Caelii
1745 1155 1857 1198 699.

163 1216 497 1259 Sucronense
531 1216 734 1272 praelium
773 1215 880 1259 578.
1296 1224 1298 1226 ’

162 1282 389 1325 Suffecti
423 1284 646 1325 consules:
682 1285 726 1325 L.
751 1283 969 1324 Cornelius
1004 1285 1161 1327 Merula
1193 1286 1300 1327 551.
1335 1287 1381 1327 L.
1411 1286 1603 1328 Valerius
1632 1287 1804 1329 Flaccus
1827 1290 1937 1331 554.

95 1350 145 1404 Q.
172 1350 323 1393 Fabius
356 1350 552 1392 unximus
587 1354 631 1391 et
664 1351 707 1391 C.
738 1350 970 1391 Trebonius
1008 1350 1116 1394 774.
1164 1353 1208 1394 P.
1238 1352 1457 1394 Cornelius
1498 1353 1709 1395 Dolabella
1747 1352 1855 1398 778.
1891 1355 1936 1398 C.

93 1416 228 1459 Iulius
262 1417 413 1459 Caesar
445 1417 696 1459 Octavianus
732 1420 776 1458 et
811 1418 859 1471 Q.
889 1417 1041 1458 Pedius
1080 1416 1189 1462 817.
1225 1419 1275 1460 11.
1294 1419 1456 1460 Tullius
1491 1420 1636 1461 Cicero
1662 1421 1714 1462 1.
1748 1422 1792 1462 P.
1826 1421 1938 1465 827.

160 1482 311 1526 Sulla
343 1497 383 1525 v,
417 1483 651 1526 Cornelius.

158 1550 204 1592 P.
239 1550 508 1606 Sulpicius
543 1551 672 1592 Galba
705 1563 801 1591 cum
830 1550 1030 1591 Cicerone
1059 1551 1168 1605 petit
1202 1551 1469 1593 consulatum
1507 1552 1618 1594 604.
1652 1558 1878 1609 superatur
1910 1567 1935 1596 a

91 1616 291 1658 Cicerone
323 1615 431 1658 605.

159 1684 204 1724 Ρ.
241 1683 516 1738 Sulpicius
550 1681 684 1725 Rufus
714 1687 885 1724 accusat
919 1683 962 1725 C.
992 1684 1163 1724 Iunium
1196 1683 1436 1725 Norbanum
1469 1684 1580 1727 586.
1613 1685 1713 1728 trib.
1737 1684 1936 1741 pl.'quo-

91 1748 192 1790 ta‘die
226 1749 533 1802 concionatur,
580 1762 657 1804 pro
702 1750 826 1790 Mario
860 1753 1006 1790 contra
1040 1748 1195 1790 Sullam
1235 1750 1439 1792 dimicans
1478 1751 1586 1793 546.
1632 1753 1803 1807 capitali
1836 1753 1935 1795 odio

90 1814 300 1862 dissidens
334 1829 359 1858 a
393 1816 439 1869 Q.
470 1816 696 1870 Pompeio,
732 1815 989 1855 interficitur
1028 1815 1135 1858 547.

156 1882 244 1924 Ser.
281 1881 554 1936 Sulpicius
587 1882 748 1933 Rums,
794 1882 838 1922 in
875 1882 1080 1936 petitione
1120 1882 1367 1924 consulatus
1406 1884 1617 1938 repulsam
1653 1897 1830 1939 passus.
1865 1892 1933 1926 ac-

91 1952 213 1991 cusat
238 1948 451 1989 Murenam
488 1947 597 1992 627.
646 1948 912 1989 consulatum
949 1938 1003 2004 (a.
1038 1942 1149 1998 708)
1184 1949 1293 2001 gerit
1325 1948 1434 1991 721.
1468 1963 1494 1991 a
1533 1950 1707 1992 Caesare
1745 1951 1935 2007 praelici-

90 2019 160 2057 tur
194 2015 390 2056 Graeciae
427 2012 536 2058 759.
584 2015 884 2055 consolatorias
926 2015 1088 2055 litteras
1129 2014 1180 2055 ad
1220 2016 1463 2056 Ciceronem
1509 2017 1657 2058 scribit
1702 2018 1755 2058 de
1796 2023 1932 2060 morte

47 2094 50 2098 ’
89 2081 247 2123 Tulliae
274 2078 383 2125 770.
416 2081 582 2135 legatus
616 2081 669 2122 ad
696 2080 927 2121 Antonium
961 2081 1144 2122 mittitur
1164 2082 1273 2122 800.
1308 2083 1352 2122 in
1383 2082 1593 2135 legatione
1622 2085 1800 2125 moritur
1820 2085 1932 2128 802.

89 2161 217 2202 quem
245 2148 389 2189 Cicero
421 2148 617 2203 sepulcro
650 2147 821 2202 publico
850 2151 894 2187 et
928 2151 1066 2188 statua
1099 2148 1333 2189 ornandum
1368 2154 1517 2190 censet
1553 2149 1662 2191 804.

155 2215 242 2256 Ser.
278 2213 550 2268 Sulpicius
583 2215 717 2254 Rufus
737 2243 749 2266 ,
784 2214 870 2254 Ser.
906 2214 951 2253 1².
982 2213 1245 2268 subscriptor
1276 2215 1321 2254 in
1351 2229 1499 2256 caussa
1533 2217 1729 2257 Iurenae
1766 2215 1877 2260 627.

153 2281 487 2336 Supplicatio
522 2280 691 2321 decreta
724 2280 920 2335 Pompeio
939 2310 951 2332 ,
986 2282 1181 2321 consecto
1214 2280 1328 2321 bello
1357 2281 1635 2324 Mithridatico
1667 2283 1776 2325 615.
1811 2284 1926 2326 Cice-

83 2347 209 2400 roni,
243 2347 410 2389 detecta
446 2348 736 2388 coniuratione
771 2343 1008 2387 Catilinaria
1047 2347 1155 2388 684.
1191 2347 1385 2400 Caesari,
1419 2353 1592 2403 propter
1619 2362 1687 2390 res
1717 2350 1761 2390 in
1794 2351 1927 2393 Gallia

83 2414 263 2456 feliciter
304 2417 444 2468 gestas
477 2413 585 2455 698.
628 2414 840 2465 Ciceroni,
882 2427 958 2467 pro
998 2413 1124 2454 rebus
1164 2413 1275 2454 bene
1310 2415 1442 2468 gestis
1486 2417 1532 2455 in
1566 2417 1781 2471 provincia
1814 2416 1924 2459 780.

83 2480 246 2524 Caesari
287 2484 454 2522 mortuo
490 2477 600 2523 790.
644 2480 803 2532 Hirtio,
846 2481 1003 2520 Pansae
1049 2484 1093 2520 et
1128 2481 1353 2521 Octaviano
1391 2482 1445 2522 ob
1491 2482 1723 2523 Antonium
1758 2483 1926 2525 bostem

81 2549 326 2604 superatum
358 2540 466 2588 818.

148 2615 173 2655 S
182 2627 211 2655 u
220 2626 241 2655 r
248 2626 273 2655 a
306 2626 348 2655 v.
378 2612 596 2654 Cornelius
627 2613 848 2654 Lentulus.

148 2681 173 2722 S
182 2694 208 2735 y
218 2694 238 2721 r
246 2693 302 2721 ac
311 2694 341 2720 u
351 2693 369 2720 s
379 2694 403 2721 a
412 2680 466 2719 ni
476 2692 495 2719 s
536 2679 832 2732 ignorantibus
871 2679 1114 2741 sepulerum
1147 2678 1411 2720 Archimedis
1446 2680 1606 2721 indicat
1637 2682 1782 2722 Cicero
1815 2684 1839 2723 5
1847 2682 1872 2726 7
1881 2682 1924 2725 7.

82 2750 304 2802 Syracusas
331 2746 450 2786 venit
468 2774 480 2796 ,
514 2745 770 2786 traiecturus
805 2745 850 2784 in
886 2745 1100 2784 Graeciam
1132 2744 1224 2786 788
1256 2759 1321 2798 sq.

150 2813 294 2867 Syria
337 2811 551 2866 provincia
585 2811 665 2850 sub
697 2811 874 2850 Gabinio
916 2823 1080 2864 procos.
1119 2811 1228 2851 680.
1281 2812 1362 2851 sub
1406 2813 1553 2853 Crasso
1601 2826 1766 2867 procos.
1812 2815 1922 2858 704.

83 2880 162 2922 sub
196 2878 344 2934 Bibulo
378 2890 543 2933 procos.
575 2875 684 2919 728.
722 2876 801 2917 sub
829 2877 970 2917 Cassio
1004 2881 1229 2930 quaestore
1261 2876 1370 2920 727.

146 3012 374 3054 Tabulae
407 3010 542 3052 Novae
575 3009 683 3051 610.
718 3008 808 3052 755
841 3023 906 3063 sq.

98 3097 101 3101 ·
148 3080 200 3120 de
234 3078 574 3132 Temporibus
611 3077 699 3116 suis
734 3077 878 3116 Cicero
912 3089 1080 3116 carmen
1111 3077 1258 3117 scribit
1293 3075 1428 3134 705..

148 3145 420 3196 Terentia,
466 3158 568 3184 uxor
610 3143 821 3183 Ciceronis
859 3142 969 3184 606.
1017 3156 1132 3184 sacra
1178 3144 1278 3183 facit
1325 3145 1462 3184 Bonae
1507 3145 1617 3185 Deae
1659 3145 1771 3186 domi
1820 3151 1922 3188 suae

80 3225 177 3253 cum
211 3211 458 3252 mulieribus
491 3210 599 3250 635.
648 3209 811 3249 obviam
847 3209 1038 3262 procedit
1070 3210 1260 3250 Ciceroni
1289 3211 1584 3263 Brundisium,
1619 3204 1671 3252 de
1706 3215 1925 3267 provincia

81 3278 303 3319 decedenti
341 3275 449 3319 732.
485 3277 530 3316 in
570 3276 684 3317 bello
721 3276 835 3316 civili
868 3276 1125 3328 relinquitur
1154 3278 1306 3317 Romae
1342 3275 1452 3320 737.
1499 3292 1586 3318 non
1621 3279 1812 3333 procedit
1850 3281 1924 3321 ob-

79 3346 187 3386 viam
218 3344 437 3395 Ciceroni,
472 3342 683 3383 Brundisii
723 3342 895 3395 degenti
928 3341 1036 3384 753.
1083 3357 1107 3383 a
1144 3343 1343 3383 Cicerone
1385 3344 1613 3386 dimittitur
1649 3344 1758 3389 767.
1798 3347 1924 3389 nubit

77 3411 200 3454 vibio
230 3412 340 3452 Rufo
377 3408 486 3453 767.

141 3479 194 3521 Π.
229 3477 514 3518 Terentius
550 3476 680 3516 Varro
714 3474 847 3515 Gibba
877 3475 1067 3516 defendit
1100 3476 1310 3517 Saufeium
1341 3475 1450 3519 718.

142 3544 195 3586 n.
229 3543 514 3586 Terentius
549 3543 680 3585 Varro
714 3542 916 3583 Lucullus
938 3573 949 3595 ,
985 3555 1070 3584 cos.
1105 3531 1159 3599 (a.
1194 3533 1307 3601 681)
1349 3544 1458 3586 581.
1584 3568 1588 3571 -

1525 3610 1584 3653 76
