2150 3990
131 241 235 290 278
709 254 916 292 emano
964 255 1032 290 nr:
1087 254 1222 291 vrrA
1280 253 1384 290 sua

124 387 399 458 frangere,
437 387 541 444 nisi
571 403 695 442 eum
724 387 1005 459 praesidiis
1034 388 1123 451 iis,
1164 403 1300 460 quae
1328 400 1538 456 semper
1565 382 1752 449 habui,
1791 385 1954 440 etiam

124 487 424 559 potentium
464 485 886 542 benevolentiam
918 487 1334 542 coniunxissem.

200 688 439 744 XXXIII.
518 693 607 743 85.
659 688 759 742 Sed
784 696 800 726 ¹
855 695 1185 743 commutata
1245 703 1415 760 quum
1466 691 1609 741 esset
1653 690 1765 739 tota
1817 685 1958 739 ratio

123 795 379 853 senatuS,
431 788 784 853 iudiciorum,
824 791 904 842 rei
945 788 1111 842 totius
1149 787 1393 858 publicae
1414 827 1430 851 ,
1482 786 1671 847 otium,
1692 783 1828 840 mihi
1869 800 1957 839 ex-

123 889 417 961 optandum
450 895 592 943 erat:
645 904 772 942 nam
811 887 1132 958 dignitatem
1171 887 1388 958 quidem
1428 886 1575 942 illam
1619 885 1957 942 consularem

122 987 278 1044 fortis
316 993 370 1041 et
402 986 699 1041 constantis
739 988 1032 1051 senatoriS,
1073 985 1209 1040 nihil
1248 992 1366 1040 erat
1397 985 1539 1057 quod
1577 986 1957 1056 cogitaremus·

124 1088 335 1142 Amissa
375 1093 493 1141 erat
537 1086 695 1160 culpa
732 1103 949 1152 eorum,
1003 1087 1096 1159 qui
1142 1103 1174 1141 a
1213 1093 1406 1142 senatu
1445 1092 1500 1140 et
1544 1085 1788 1141 ordinem
1835 1102 1958 1141 con-

124 1187 528 1243 iunctissimum
562 1194 616 1243 et
654 1187 927 1242 hominem
961 1187 1329 1243 clarissimum
1367 1185 1752 1243 abalienarant.
1832 1185 1958 1255 Qui-

123 1287 224 1343 bus
243 1292 266 1326 2
305 1287 362 1341 in
400 1287 561 1343 rebus
598 1289 750 1343 tenui
788 1304 876 1344 me
896 1330 912 1353 ,
951 1295 1014 1343 ut
1052 1293 1212 1360 puto,
1252 1287 1496 1359 egregie,
1533 1292 1751 1344 tantum
1783 1293 1853 1341 ut
1884 1285 1959 1347 fa.-

123 1403 331 1452 cerem,
371 1394 636 1459 quantum
663 1405 848 1444 omnes
867 1388 992 1443 honi
1018 1387 1325 1461 probarent.
1403 1388 1475 1446 Et
1496 1387 1554 1442 in
1579 1388 1726 1443 omni
1748 1402 1961 1442 summa

122 1487 275 1543 valde
319 1505 406 1543 me
450 1488 519 1543 ad
569 1489 741 1543 otium
786 1506 1081 1561 pacemque
1127 1490 1384 1544 converti.
1482 1488 1618 1546 Nam
1637 1493 1661 1528 ³
1699 1487 1960 1558 cogitanti

123 1589 261 1644 mihi
319 1605 703 1661 saepenumero
754 1595 809 1644 et
859 1589 1121 1644 memoria
1170 1595 1355 1644 vetera
1405 1589 1672 1660 repetenti
1722 1585 1962 1659 perbeati

125 1688 291 1744 fuisse
330 1689 409 1743 illi
447 1688 620 1743 videri
659 1689 936 1755 solebant,
984 1690 1079 1761 qui
1118 1690 1174 1744 in
1208 1688 1412 1762 optima
1448 1687 1752 1760 republica,
1790 1704 1960 1760 quum

121 1795 176 1843 et
202 1788 495 1844 honoribus
527 1795 582 1844 et
613 1805 798 1845 rerum
831 1795 1108 1861 gestarum
1141 1789 1312 1860 gloria
1345 1787 1628 1852 florerent,
1667 1803 1793 1842 eum
1819 1788 1963 1844 vitae

121 1905 345 1944 cursum
383 1897 567 1946 tenere
597 1897 887 1963 potuerant
906 1933 921 1956 ,
970 1897 1032 1946 ut
1070 1890 1153 1945 vel
1193 1891 1250 1944 in
1289 1889 1504 1961 negotio
1540 1888 1659 1944 sine
1691 1889 1958 1961 periculo,

122 1989 205 2044 vel
239 1990 295 2044 in
317 1992 426 2045 otio
454 2007 580 2057 cum
607 1991 870 2063 dignitate
898 2008 1015 2047 esse
1041 1997 1291 2066 possent.»
1355 1993 1446 2045 86.
1487 1989 1564 2045 Ac
1591 1987 1695 2045 fuit
1715 1987 1959 2062 quidem,

119 2106 291 2162 quum
329 2091 465 2147 mihi
499 2109 711 2164 quoque
744 2094 963 2148 initium
1003 2089 1376 2164 requiescendi
1414 2096 1580 2162 atque
1610 2089 1855 2145 animum
1893 2091 1961 2147 ad

121 2191 396 2265 praeclara
433 2193 615 2248 studia
647 2193 915 2250 referendi
942 2193 1055 2249 fore
1093 2194 1300 2248 iustum
1334 2198 1389 2248 et
1421 2207 1590 2265 prope>
1611 2191 1679 2246 ab
1710 2190 1962 2269 omnibus

120 2309 437 2348 concessum
475 2294 780 2351 varbitrarer
798 2337 813 2361 ,
866 2295 914 2350 si
955 2293 1200 2349 infinitus
1241 2292 1539 2349 forensium
1576 2304 1764 2348 rerum
1809 2290 1961 2349 labor

120 2399 175 2446 et
203 2386 512 2450 ambitionis
537 2397 817 2468 occupatio
845 2395 1080 2450 decursu
1105 2393 1371 2450 honorum
1400 2392 1565 2448 etiam
1587 2392 1781 2448 aetatis
1815 2391 1958 2447 flexu

123 2493 470 2549 constitisset.
512 2494 684 2562 Quam
705 2511 854 2566 spem
869 2495 1259 2566 cogitationum
1279 2499 1334 2550 et
1348 2492 1696 2548 consiliorum
1712 2509 1957 2549 meorum

123 2609 291 2664 quum
321 2611 512 2665 graves
538 2597 910 2650 communium
931 2601 1266 2667 temporum,
1295 2599 1414 2648 tum
1443 2592 1582 2649 varii
1600 2594 1772 2648 nostri
1800 2605 1959 2649 casus

124 2691 444 2750 fefellerunt.
542 2695 701 2761 Nam,
753 2696 848 2767 qui
887 2695 1038 2750 locus
1069 2693 1269 2766 quietis
1307 2698 1363 2748 et
1401 2691 1812 2765 tranquillitatis
1850 2692 1957 2764 ple-

121 2795 379 2851 nissimus
411 2795 523 2851 fore
555 2797 861 2862 videbatur,
901 2797 958 2851 in
992 2813 1054 2851 eo
1085 2795 1356 2850 maximae
1387 2792 1554 2848 moles
1585 2791 1957 2850 molestiarum

121 2902 176 2951 et
221 2897 718 2953 turbulentissimae
763 2904 1112 2970 tempestates
1163 2896 1507 2951 exstiterunt.
1604 2894 1787 2967 Neque
1831 2911 1958 2950 vero

120 2996 273 3052 nobis
305 2999 648 3071 cupientibus
680 3006 842 3072 atque
873 2997 1251 3071 exoptantibus
1290 2996 1502 3052 fructus
1540 2997 1636 3052 otii
1676 2995 1837 3052 datus
1875 3001 1956 3051 est

119 3097 186 3153 ad
225 3115 315 3153 eas
354 3106 532 3164 arteS‚
586 3099 782 3171 quibus
821 3115 854 3155 a
898 3100 1081 3171 pueris
1120 3097 1288 3153 dediti
1329 3096 1568 3162 fuimuS‚
1610 3096 1953 3153 celebrandas

121 3204 174 3250 et
206 3198 530 3255 recolendas
612 3200 743 3255 Nam
785 3201 957 3271 prima
1000 3206 1172 3255 aetate
1213 3197 1506 3253 incidimus
1533 3199 1588 3253 in
1630 3199 1800 3270 ipsam
1835 3214 1951 3271 per-

183 3467 220 3522 1)
255 3465 387 3525 Epist.
408 3465 462 3509 ad
487 3466 726 3510 Lentulum
745 3467 819 3523 (ad
845 3470 962 3512 Fam.
990 3472 1021 3513 1.
1045 3471 1082 3513 8.
1106 3471 1128 3525 ᾗ
1152 3472 1212 3526 4,)
1247 3497 1303 3502 -—
1339 3473 1379 3529 2)
1412 3468 1460 3514 ad
1491 3472 1539 3526 Q.
1559 3466 1740 3515 fratrem
1760 3470 1837 3514 111.
1865 3470 1891 3512 5
1916 3469 1949 3510 8:

122 3547 162 3586 6.
199 3543 282 3600 §5.
310 3568 367 3577 -—
400 3544 439 3597 5)
474 3542 525 3587 dc
552 3546 668 3589 Orat.
704 3549 735 3590 Ι.
768 3549 806 3591 1.
843 3549 926 3603 §t
