2150 3990
244 241 346 288 148
846 250 1057 288 menno
1096 250 1165 287 nu
1209 250 1341 288 vl'rA
1370 250 1486 288 'sua

244 386 364 439 ficio
402 383 611 456 placare
658 386 841 454 possis,
923 384 1097 451 Quare
1137 383 1269 438 mihi
1303 401 1428 438 eum
1479 379 1701 454 perditis
1735 380 2054 438 civibus‘ae-

242 491 457 540 ternum
491 483 686 539 bellum
719 491 1027 557 susceptum
1062 502 1176 540 esse
1209 484 1468 539 videbam.

316 686 549 741 XXXIV.
635 689 756 740 106.
797 685 867 739 Et
889 691 904 721 ¹
935 685 1044 739 iam
1076 685 1332 739 extremis
1359 682 1545 737 diebus
1577 683 1888 738 consulatus
1919 685 2055 747 mei,

240 803 324 840 res
363 803 482 850 eas,
535 802 666 856 quas
718 800 1018 855 gesseram,
1077 800 1269 838 vexare
1307 782 1594 853 cupiebant
1637 782 1844 836 tribuni
1890 783 2057 854 plebis

237 887 375 940 novi.
456 886 602 955 Ego2
660 889 871 947 autem,
923 889 985 936 ut
1034 883 1198 937 semel
1247 882 1520 937 Nonarum
1564 882 1793 947 >illarum
1839 883 2055 938 Decem·
2106 907 2126 926 ·

237 985 445 1049 brinul,
487 985 728 1038 iunctam
774 981 976 1036 invidia
1007 999 1069 1037 ac
1103 982 1409 1037 multorum,
1431 982 1761 1046 inimicitiiS,
1804 984 2057 1037 eximiam

235 1083 522 1155 quamdam
556 1088 716 1154 atque
755 1081 1113 1136 immortalem
1153 1082 1380 1153 gloriam
1417 1087 1737 1136 consecutus
1763 1099 1913 1146 sum,
1951 1099 2057 1136 non

231 1185 414 1239 destiti
447 1183 633 1238 eadem
661 1183 828 1237 animi
860 1182 1233 1253 magnitudine
1260 1183 1316 1236 in
1355 1182 1629 1254 republica
1648 1183 1876 1248 versari,
1912 1188 1965 1237 et
1998 1180 2057 1236 il-

233 1285 338 1340 lam
378 1286 687 1339 institutam
733 1290 1133 1355 aclsusceptam
1166 1283 1483 1354 dignitatem
1516 1285 1675 1338 tueri.
1755 1283 2059 1339 Metellum³

233 1402 357 1439 vero
396 1401 564 1455 quum
606 1383 998 1455 ‚comperissem
1049 1378 1262 1438 omnem
1301 1385 1387 1438 sui
1444 1384 1753 1438 tribunatus
1805 1391 2058 1438 conatum

236 1487 291 1538 in
326 1500 500 1538 meam
537 1484 831 1554 perniciem
871 1499 1062 1554 parare
1092 1489 1254 1553 atque
1294 1483 1572 1545 meditari;
1625 1485 1710 1554 egi
1745 1500 1870 1537 cum
1909 1482 2056 1538 Glau-

172 1595 174 1597 '
231 1585 349 1649 dia,
388 1600 554 1637 uxore
581 1583 806 1647 CeleriS,
846 1588 898 1636 et
932 1599 1058 1636 cum
1091 1581 1423 1636 Metellorum
1454 1598 1634 1636 sorore
1659 1582 1865 1648 Mucia,
1903 1584 2060 1638 cuius

233 1702 361 1755 erga
407 1700 494 1738 me
534 1683 811 1748 studium,
861 1699 958 1754 pro
988 1681 1082 1737 Cn.
1124 1682 1360 1752 Pompeii
1394 1682 1825 1748 necessitudine,
1872 1683 2063 1738 multis

234 1785 290 1838 in
324 1784 484 1838 rebus
512 1799 899 1855 perspexeram
918 1824 934 1848 ,
989 1789 1049 1837 ut
1082 1798 1205 1837 eum
1245 1781 1311 1836 ab
1349 1781 1440 1836 illa
1477 1782 1680 1836 iniuria
1711 1782 2060 1851 deterrerent.

236 1889 358 1939 107.
401 1885 470 1938 At
504 1883 592 1940 ille
624 1883 797 1955 pridie
825 1882 940 1937 Kal.
970 1883 1203 1946 Ianuar.,
1242 1897 1348 1953 qua
1380 1881 1581 1936 iniuria
1613 1898 1768 1949 nemo
1801 1899 2058 1954 umquam

238 1987 292 2038 in
338 1983 516 2055 aliquo
556 1984 880 2054 magistratu
919 1981 1348 2054 improbissimus
1376 1982 1532 2051 ,civis
1571 1981 1795 2054 affectus
1839 1990 1950 2048 est,
2000 2000 2062 2038 ea

234 2102 319 2138 me
369 2085 643 2139 consulem
702 2083 915 2148 affecit,
986 2098 1155 2155 quum
1201 2083 1588 2155 rempublicam
1633 2100 2060 2147 conservassem,

234 2191 394 2256 atque
445 2185 731 2238 abeuntem
781 2183 1106 2254 magistratu
1156 2183 1428 2237 concionis
1474 2181 1748 2238 habendae
1802 2189 2062 2254 potestate

234 2286 491 2357 privavit:
533 2285 690 2339 cuius
712 2284 913 2338 iniuria
939 2281 1072 2336 mihi
1100 2288 1281 2337 tamen
1314 2282 1502 2354 honori
1529 2299 1742 2338 summo
1763 2281 1881 2337 fuit.
1927 2284 2059 2339 Nam

234 2401 402 2455 quum
435 2384 522 2438 ille
543 2384 676 2438 mihi
716 2383 881 2448 nihil,
923 2383 1026 2436 nisi
1063 2389 1122 2437 ut
1148 2383 1422 2448 iurarem,
1461 2384 1828 2455 permitteret,
1867 2382 2077 2456 magna*
2136 2363 2150 2451 Ξ

236 2502 363 2540 voce
427 2485 599 2539 iuravi
658 2484 1001 2537 verissimum
1066 2483 1597 2555 pulcherrimumque
1655 2485 2060 2541 iusiurandum:
2134 2478 2150 2520 ’ἶ

2139 2531 2150 2591 l

235 2586 642 2656 rempublicam
681 2592 834 2655 alque
873 2583 1004 2637 hanc
1042 2584 1223 2638 urbem
1262 2603 1377 2638 mea
1414 2586 1568 2653 unius
1594 2603 1766 2656 ‘opera
1806 2604 1914 2640 esse
1959 2587 2060 2641 sal·

235 2705 354 2740 vam
376 2706 392 2747 ‚·
453 2683 629 2755 quod5
674 2683 900 2755 populus
940 2683 1082 2737 idem
1133 2701 1329 2755 magna
1368 2701 1495 2739 voce
1545 2701 1630 2739 me
1675 2702 1797 2739 vere
1856 2686 2062 2740 iurasse

2125 2727 2150 2764 43²

237 2788 454 2842 iuravit.
534 2785 704 2839 Mihi⁶
751 2786 898 2839 enim
952 2785 1179 2858 populus
1218 2786 1491 2840 Romanus
1536 2787 1821 2840 universus
1872 2786 1964 2840 illa
2007 2787 2062 2841 in

238 2890 492 2943 concione
532 2904 636 2940 non
689 2887 850 2940 unius
902 2886 1007 2940 diei
1054 2887 1497 2958 gratulationem,
1556 2888 1648 2942 secl
1688 2889 2060 2944 aeternitatem

241 2986 806 3057 immortalitatemque
839 2986 1084 3051 donavit,
1122 3004 1290 3058 quum
1329 3006 1509 3043 meum
1543 2989 1918 3043 iusiurandum
1958 2990 2062 3044 tale
2139 3010 2150 3027 ‘-

237 3095 396 3160 atque
434 3093 646 3142 vtantum
682 3087 891 3140 iuratus
910 3086 1037 3158 ipse
1070 3103 1175 3140 una
1202 3105 1328 3143 voce
1357 3096 1695 3145 etconsensu
1727 3089 2054 3161 approbavit.
2121 3099 2143 3140 ,τ

2119 3116 2145 3201 i:

301 3375 338 3430 ¹)
371 3386 447 3432 pro
486 3368 628 3412 Sextio
670 3385 705 3413 c.
736 3373 777 3412 5.
806 3370 831 3426 §
866 3372 936 3413 11.
968 3396 1025 3402 —-
1059 3371 1099 3427 Ω)
1130 3369 1182 3414 ad
1226 3374 1320 3415 Att.
1354 3375 1386 3416 1.
1420 3373 1493 3415 19.
1528 3372 1552 3428 §
1582 3374 1623 3415 6.
1659 3397 1718 3404 —-
1757 3374 1796 3431 5)
1830 3373 1963 3434 Epist.
2004 3373 2057 3419 ad

239 3449 397 3496 Metell.
427 3445 617 3492 Celerem
641 3446 715 3504 (ad
734 3449 851 3490 Fam.
869 3449 917 3490 V.
943 3448 983 3489 2.
1009 3447 1116 3505 §6.)
1148 3473 1207 3480 -
1238 3449 1280 3505 4)
1298 3448 1342 3491 in
1375 3449 1561 3494 Pison.c.
1589 3453 1630 3493 3.
1658 3452 1742 3507 §6.
1779 3477 1833 3483 ·—-
1866 3453 1906 3509 5)
1925 3452 2058 3511 Epist.

234 3528 289 3574 ad
322 3525 478 3571 Metell.
509 3524 696 3567 Celerem
729 3523 803 3580 (ad
838 3525 956 3567 Fam.
995 3526 1039 3568 V.
1071 3525 1114 3567 2.
1138 3526 1161 3579 ᾗ
1183 3527 1248 3582 7.)
1283 3551 1339 3559 --
1372 3527 1412 3583 6)
1445 3527 1490 3570 in
1519 3527 1652 3572 Pison.
1687 3543 1723 3572 e.
1764 3532 1804 3572 3.
1841 3531 1923 3585 §7.
