2210 3970
241 239 346 288 456
839 252 1048 289 menno
1096 253 1165 289 DE
1213 250 1351 287 vim
1401 250 1507 287 sua

232 386 334 439 bus
379 384 570 439 aetatis
610 390 793 440 nostra
841 387 1087 440 voluntas
1143 384 1494 455 studiumque
1536 401 1631 438 nos
1686 385 2065 456 compulisset,

235 486 321 540 his
354 485 690 556 gravissimis
720 486 933 541 casibus
965 487 1021 540 in
1055 486 1303 541 eumdem
1325 491 1570 557 portum,
1612 502 1676 539 ex
1708 502 1812 557 quo
1851 502 2065 541 eramus

234 587 471 657 egressi,
511 602 706 658 magna
738 587 924 642 iactati
963 593 1282 659 tempestate
1315 585 1673 657 confugimus,
1753 591 1804 640 5.
1845 585 1888 641 Ο
1926 579 2069 641 vita'e

232 685 567 759 philosophia
618 686 753 751 dux,
812 704 844 741 o
881 687 1101 740 virtutis
1140 686 1446 757 indagatrix
1492 685 1870 757 expultrixque
1912 686 2066 741 vitio-

237 788 394 841 rum!
435 786 568 859 quid
606 803 713 842 non
751 786 907 842 modo
947 803 1078 852 nos,
1118 787 1212 842 sed
1243 787 1460 842 omnino
1491 787 1604 841 vita
1641 786 1924 842 hominum
1953 789 2071 842 sine

235 892 291 942 te
329 903 445 942 esse
470 888 763 959 potuisset!
847 887 929 941 Tu
966 886 1129 941 urbes
1168 886 1449 958 peperisti:
1489 892 1551 940 tu
1585 885 1867 957 dissipatos
1900 886 2070 942 homi-

237 1003 332 1041 nes
367 988 424 1041 in
473 989 785 1043 societatem
819 988 961 1042 vitae
1005 987 1338 1041 convocasti:
1397 993 1458 1040 tu
1500 976 1589 1040 eos
1628 987 1771 1041 inter
1808 1004 1865 1042 se
1896 987 2069 1059 primo

239 1084 555 1153 domiciliiS‚
595 1087 787 1142 deinde
820 1088 1112 1158 coniugiiS‚
1152 1093 1270 1140 tum
1303 1085 1610 1140 litterarum
1632 1092 1686 1140 et
1716 1103 1909 1142 vocum
1931 1103 2070 1142 com-

153 1171 158 1174 *
236 1187 494 1243 munione
526 1187 781 1243 iunxisti:
821 1193 884 1242 tu
910 1187 1181 1242 inventrix
1218 1186 1429 1258 legum,
1468 1193 1531 1241 tu
1569 1187 1829 1258 magistra
1857 1204 2070 1242 morum

235 1294 289 1344 et
319 1288 634 1362 disciplinae
653 1288 825 1343 fuisti.
888 1287 969 1343 Ad
989 1294 1043 1343 te
1070 1287 1434 1359 confugimus;
1474 1304 1505 1342 a
1536 1294 1592 1343 te
1624 1305 1778 1360 opem
1805 1289 2070 1360 petimus;

230 1388 336 1454 vtibi
376 1406 499 1455 neS,
558 1396 621 1444 ut
663 1396 819 1445 antea
853 1405 1049 1460 magna
1089 1405 1152 1443 ex
1199 1395 1382 1460 parte,
1441 1389 1519 1443 sic
1561 1405 1705 1443 nunc
1737 1389 1953 1461 penitus
1992 1395 2068 1442 to-

237 1495 426 1561 tosque
466 1489 750 1544 tradimus,
830 1490 928 1544 Est
965 1496 1147 1543 autem
1188 1505 1331 1544 unus
1376 1488 1518 1553 dies,
1558 1488 1692 1543 bene
1731 1495 1785 1543 et
1817 1506 1881 1545 ex
1920 1505 2069 1560 prae-

238 1590 408 1661 ceptis
465 1590 576 1644 tuis
632 1596 786 1644 actus
808 1631 823 1653 ‚
899 1589 1144 1661 peccanti
1203 1588 1599 1643 immortalitati
1648 1587 2070 1661 anteponendus,

238 1686 407 1743 Cuius
448 1690 615 1760 igitur
667 1690 846 1761 potius
885 1688 1075 1761 opibus
1128 1694 1347 1743 utamur
1368 1730 1384 1749 ,
1439 1703 1601 1760 quam
1640 1688 1751 1743 tuis
1772 1731 1787 1753 ,
1845 1705 1982 1761 quae
2021 1695 2075 1744 et

239 1790 381 1845 vitae
418 1790 872 1863 tranquillitatem
907 1790 1102 1861 largita
1143 1789 1294 1845 nobis
1332 1806 1423 1853 eS‚
1484 1795 1536 1845 et
1581 1797 1842 1846 terrorem
1883 1792 2073 1846 mortis

240 1890 543 1946 sustulisti?

313 2092 408 2147 ΙΙΙ.
489 2098 538 2148 6.
583 2094 715 2149 Sed¹
758 2095 823 2149 ab
853 2095 1075 2167 antiqua
1094 2092 1430 2166 philosophia
1462 2109 1633 2165 usque
1666 2093 1733 2149 ad
1775 2094 2080 2162 Socratem,

243 2194 336 2264 qui
370 2193 693 2249 Archelaum
713 2237 728 2260 ,
769 2196 1116 2266 Anaxagorae
1156 2191 1512 2266 discipulum,
1550 2193 1824 2262 audierat,
1865 2197 2078 2252 numeri

242 2300 528 2366 motusque
570 2295 980 2362 tractabantur,
1027 2302 1083 2351 et
1123 2296 1266 2353 unde
1310 2298 1491 2354 omnia
1541 2298 1816 2354 orirentur
1835 2339 1851 2364 ,
1911 2313 2082 2369 quove

240 2394 577 2450 reciderent:
631 2395 978 2468 studioseque
1009 2395 1077 2452 ab
1114 2396 1201 2453 his
1242 2397 1483 2455 siderum
1522 2398 1924 2472 magnitudines
1944 2441 1961 2464 ,
1999 2400 2079 2454 in·

243 2494 465 2548 tervalla
486 2536 501 2558 ,
542 2510 735 2549 cursus
769 2495 1196 2567 anquirebantur
1228 2505 1284 2553 et
1321 2507 1521 2555 cuncta
1549 2499 1815 2556 caelestia.
1896 2494 2085 2556 Socrass

244 2599 325 2648 tes
378 2599 560 2648 autem
613 2594 824 2665 primus
867 2594 1259 2668 philosophiam
1300 2597 1578 2654 devocavit
1629 2617 1659 2655 e
1697 2600 1873 2665 caelo,
1933 2608 1987 2656 et
2027 2601 2084 2655 in

243 2693 469 2748 urbibus
499 2693 812 2760 collocavit,
853 2702 907 2750 et
949 2696 1005 2750 in
1037 2696 1223 2753 domos
1251 2700 1416 2755 etiam
1449 2699 1751 2756 introduxit
1770 2743 1786 2765 ,
1826 2708 1879 2756 et
1910 2703 2086 2773 coegit

244 2793 310 2848 de
341 2794 456 2848 vita
486 2801 541 2848 et
574 2794 815 2850 moribus
853 2794 1121 2868 rebusque
1152 2797 1305 2853 bonis
1332 2806 1387 2854 et
1418 2800 1577 2855 malis
1605 2817 1879 2873 quaerere.
1921 2801 2086 2857 Cuius

245 2892 528 2965 multiplex
576 2895 715 2950 ratio
766 2894 1076 2968 disputandi
1139 2915 1436 2972 rerumque
1486 2902 1720 2956 varietas
1777 2908 1832 2956 et
1880 2901 2084 2973 ingenii

247 2994 591 3064 magnitudo,
643 2995 882 3051 Platonis
921 2999 1182 3053 memoria
1214 3006 1269 3054 et
1307 2999 1506 3055 litteris
1537 3008 1850 3057 consecrata
1871 3044 1887 3064 ‚
1929 3002 2085 3075 plura

248 3110 445 3164 genera
473 3094 651 3151 effecit
678 3096 1114 3154 dissentientium
1148 3100 1603 3175 philosophorum.
1683 3103 1727 3158 E
1762 3102 1956 3175 quibus
1980 3119 2084 3156 nos

247 3194 301 3248 id
341 3196 682 3265 potissimum
736 3200 1011 3253 consecuti
1051 3218 1275 3267 sumUS,
1336 3219 1440 3274 quo
1481 3203 1755 3258 Socratem
1795 3219 1954 3257 usum
1996 3220 2080 3258 ar-

245 3295 604 3362 bitrabamur,
648 3305 707 3353 ut
744 3306 981 3356 nostram
1018 3302 1115 3372 ipsi
1160 3306 1483 3359 sententiam
1518 3312 1822 3374 tegeremus
1844 3348 1857 3369 ,
1900 3321 2078 3359 errore

303 3543 339 3597 ¹)
377 3539 482 3586 [bid.
518 3558 552 3586 c.
579 3544 617 3589 4.
652 3545 765 3599 §1st
