2210 3970
566 248 618 302 L.
646 246 781 302 v111.
826 263 871 299 ο.
897 246 968 301 ιι.
1011 243 1106 317 §4
1147 274 1221 283 -
1261 262 1306 296 υ.
1332 243 1417 297 1v.
1463 243 1501 315 g
1532 247 1580 296 9.
1885 248 1987 297 551

167 399 369 454 rectius
411 396 544 465 suit,
596 398 652 453 id
691 397 826 454 mihi
865 395 1108 453 fraudem
1148 392 1291 450 tulit.
1371 393 1516 464 Ergo
1539 399 1555 432 ⁸
1598 392 1810 464 negotio
1849 407 1996 464 prae·

169 516 317 556 eram
346 514 455 554 non
482 497 818 562 turbulento,
857 503 911 553 et
943 512 1112 568 vagus
1134 510 1255 550 esse
1287 493 1607 564 cogitabam.
1689 497 1740 548 7.
1782 491 2002 548 Volebat

167 606 350 654 autem
394 614 482 653 me
527 598 811 669 Pompeius
862 612 1013 662 esse,
1071 611 1232 667 quem
1285 600 1398 649 tota
1450 593 1582 648 haec
1628 592 1898 664 Campana
1949 600 2004 647 et

170 699 445 756 maritima
495 712 590 752 ora
648 697 868 752 haberet
926 697 1216 753 ἐπίσκοπον
1235 737 1250 761 ,
1308 693 1376 750 ad
1433 710 1596 766 quem
1651 692 1894 748 delectus
1950 700 2006 748 et

171 813 383 862 summa
428 798 629 869 negotii
662 797 975 854 referretur.
1067 796 1315 853 Delectus
1334 801 1358 836 ²
1407 796 1554 851 enim
1586 811 1811 866 magnos
1849 793 2005 849 babe—

172 900 390 955 bamus:
444 897 876 971 putabamusque
927 898 1212 955 Caesarem
1262 903 1506 953 metuere
1526 938 1541 961 ‚
1593 897 1640 951 si
1690 895 1758 951 ad
1811 894 2006 951 Urbem

172 1001 252 1055 ire
297 998 594 1071 coepisset,
653 1014 720 1052 ne
766 997 964 1053 Gallias
1009 999 1310 1053 amitteret:
1364 1014 1499 1070 quas
1543 996 1729 1052 ambas
1779 994 2008 1051 babebat

174 1099 608 1164 inimicissimaS‚
660 1106 875 1171 praeter
915 1098 1351 1172 Transpadanos:
1404 1114 1472 1153 ex
1515 1097 1879 1170 Hispaniaque
1915 1113 2009 1152 sex

174 1199 445 1271 legiones,
484 1206 539 1255 et
576 1216 774 1272 magna
812 1199 1014 1267 auxilia
1046 1199 1267 1256 Afranio
1304 1207 1360 1256 et
1401 1199 1610 1256 Petreio
1647 1198 1878 1254 ducibus
1917 1197 2009 1253 ha-

172 1299 330 1356 bebat
361 1315 392 1356 a
423 1305 592 1372 tergo.

206 1540 208 1543 ψ
252 1493 342 1557 [V.
421 1501 474 1555 8.
516 1497 749 1570 ltaque⁸
799 1513 970 1570 quum
1008 1497 1204 1554 Caesar
1254 1499 1493 1554 amentia
1531 1497 1764 1571 quadam
1803 1512 2013 1570 rapere·
2071 1524 2074 1527 ·

178 1604 308 1664 tur,
333 1605 434 1665 cet,
474 1597 695 1654 oblitus
729 1598 964 1658 nominis
992 1605 1165 1671 atque
1204 1598 1469 1654 honorum
1507 1615 1731 1655 suorum
1747 1641 1762 1663 ,
1819 1598 2015 1655 Arimi·

178 1710 340 1765 num,
359 1699 691 1765 Pisaurum,
729 1699 1034 1764 Anconam,
1074 1699 1350 1756 Arretium
1383 1701 1779 1773 occupavisset,
1818 1697 2015 1754 Urbem

179 1798 524 1872 reliquimus:
556 1814 722 1871 quam
755 1800 1029 1872 sapienter
1060 1806 1156 1855 aut
1187 1816 1351 1872 quam
1385 1800 1627 1865 sortiter,
1661 1799 1796 1855 nibil
1822 1799 2020 1854 attinet

179 1898 474 1972 disputare.
565 1898 670 1956 Sed
689 1904 711 1939 ⁴
751 1915 858 1972 quo
896 1900 952 1954 in
991 1899 1309 1956 discrimine
1347 1907 1657 1956 versaretur
1705 1899 1853 1954 salus
1899 1914 2019 1954 mea

182 1983 529 2057 abonorum
553 2001 798 2056 omnium
825 1998 993 2073 atque'
1018 2001 1302 2055 universae
1328 2000 1684 2073 reipublicae,
1704 2017 1771 2056 ex
1798 2016 1863 2055 eo
1888 1999 2018 2054 sciri

183 2105 387 2172 potest,
425 2100 569 2173 quod
600 2101 786 2157 domos
817 2107 1054 2166 nostraS,
1092 2107 1150 2156 et
1178 2102 1413 2173 patriam
1445 2102 1619 2173 ipsam
1650 2100 1735 2156 vel
1761 2100 2019 2171 diripien-

183 2199 323 2257 dam.
358 2201 441 2257 vel
484 2201 928 2257 inflammandam
974 2201 1312 2273 reliquimus.
1413 2203 1477 2258 In
1529 2218 1656 2257 eum
1707 2200 1886 2256 locum
1931 2215 2021 2256 res

183 2300 413 2358 deducta
450 2307 598 2366 erat,
643 2307 734 2367 ut,
780 2301 887 2357 nisi
923 2302 1018 2374 qui
1058 2301 1192 2357 deus
1224 2301 1307 2356 vel
1346 2318 1505 2357 casus
1536 2301 1734 2374 aliquis
1770 2301 2020 2356 subvenie

186 2407 294 2467 ret,
320 2400 455 2457 salvi
474 2417 592 2456 esse
611 2402 976 2473 nequiremus,
1039 2405 1091 2457 9.
1130 2401 1423 2474 Equidem,
1457 2409 1519 2458 ut
1547 2402 1669 2457 veni
1698 2401 1767 2457 ad
1797 2400 2019 2467 Urbem,

186 2518 306 2558 nonv
327 2501 516 2570 destiti
559 2502 741 2557 omnia
777 2508 832 2557 et
871 2503 1074 2558 sentire
1110 2509 1166 2559 et
1198 2502 1378 2558 dicere
1410 2509 1465 2559 et
1511 2501 1717 2567 iacere,
1768 2518 1907 2575 quae
1951 2502 2019 2558 ad

185 2600 527 2658 concordiam
575 2602 944 2674 pertinerent:
994 2603 1091 2659 sed
1150 2604 1325 2659 mirus
1384 2605 1655 2660 invaserat
1706 2603 1859 2659 furor
1914 2620 2020 2659 non

186 2701 360 2759 solum
404 2702 694 2776 improbiS,
741 2703 836 2760 sed
879 2705 1044 2761 etiam
1084 2705 1154 2760 iis
1174 2748 1189 2771 ,
1240 2706 1334 2778 qui
1373 2705 1499 2760 boni
1539 2705 1875 2760 habebantur
1895 2748 1909 2769 ,
1962 2713 2025 2760 ut

189 2816 429 2874 pugnare
455 2811 725 2876 :cuperent
743 2846 759 2870 ,
799 2821 886 2861 me
917 2806 1184 2862 clamante
1205 2850 1219 2871 ‚
1259 2805 1394 2861 nihil
1427 2822 1544 2861 esse
1574 2806 1712 2862 bello
1743 2807 1891 2862 civili
1924 2808 2022 2862 mi·

192 2904 384 2959 seriuS.
460 2904 637 2977 Atque
655 2912 677 2943 ⁵
718 2906 861 2962 idem
901 2925 1029 2979 ego,
1060 2925 1230 2980 quum
1266 2909 1373 2963 iam
1406 2924 1593 2962 omnes
1625 2925 1751 2980 opes
1766 2950 1782 2974 ,
1809 2915 1865 2964 et
1894 2925 2025 2963 suas

191 3010 246 3060 et
273 3003 455 3077 populi
481 3004 733 3071 Romani,
766 3008 1050 3080 Pompeius
1069 3009 1137 3064 ad
1157 3010 1439 3065 Gaesarem
1462 3008 1771 3074 detulisset,
1798 3026 2023 3081 seroque

193 3120 257 3160 ea
307 3105 510 3160 sentire
559 3107 848 3179 coepisset,
900 3125 1037 3180 quae
1089 3127 1187 3182 ego
1233 3109 1404 3165 multo
1448 3115 1574 3164 ante
1622 3109 2023 3182 praevideram,

196 3199 488 3278 inferrique
539 3209 746 3279 patriae
798 3208 996 3266 bellum
1049 3211 1317 3266 nefarium
1368 3210 1632 3272 viderem:
1684 3211 1856 3283 paciS,
1901 3229 2023 3267 con-

262 3475 299 3531 ι)
328 3472 382 3517 ad
411 3477 503 3519 Att.
536 3475 642 3524 Vll.
671 3478 742 3520 11.
778 3477 862 3533 §5.
897 3502 956 3511 —
988 3481 1028 3536 2)
1062 3479 1196 3539 Epist.
1226 3477 1278 3523 ad
1313 3478 1513 3522 Tironem
1545 3477 1621 3536 (ad
1652 3481 1772 3523 Fam.
1805 3481 1915 3524 XVI.
1953 3483 2023 3526 12.

202 3551 307 3609 M.)
342 3577 397 3584 -
432 3554 469 3611 5)
502 3552 611 3598 lhid.
641 3555 725 3610 §a
762 3580 817 3586 -
851 3555 892 3613 4)
926 3555 1035 3601 thid.
1071 3558 1153 3613 §r
1192 3583 1246 3589 -
1281 3558 1321 3615 ⁵)
1355 3556 1535 3618 Philipp.
1573 3561 1625 3601 ιι.
1659 3574 1691 3601 c.
1715 3561 1784 3602 10.
1817 3560 1932 3614 §24.
