2210 3970
285 221 392 272 824
750 229 1083 268 ANNALES
1141 228 1654 268 cxcnnoumm.

281 377 360 407 nec
390 360 525 406 aliter
555 359 617 404 ad
644 358 879 404 videndum
906 375 1005 404 eum
1021 391 1036 416 ‚
1067 375 1204 420 quam
1231 356 1403 402 solebat
1427 357 1490 401 ad
1511 356 1781 402 audiendum
1797 390 1811 414 ‚
1842 373 2115 405 concurrere«

280 445 370 483 tur.
415 437 525 482 Livii
555 435 711 498 fragm.
739 453 807 498 ap.
830 440 1047 497 'Senecam
1071 439 1240 482 Suasor.
1269 418 1355 480 vlf.
1386 452 1430 497 p.
1459 437 1534 480 39.
1601 436 1689 480 Via·
1717 434 1975 489 attollentes
1997 454 2113 497 prae

280 515 479 561 lacrimis
510 515 661 559 oculos
693 515 891 559 homines
920 514 1092 559 intueri
1122 512 1352 559 trucidata
1387 513 1580 558 membra
1615 513 1714 558 eius
1744 521 1970 574 poterant.
2018 518 2117 560 Cre·
2170 528 2177 531 “

280 593 450 638 mutius
488 591 649 637 Cordus
685 608 750 653 ap.
782 594 929 639 Senec.
971 592 1003 637 l.
1026 608 1064 638 c.
1104 609 1148 654 p.
1177 595 1250 638 40.
1312 594 1475 653 Itaque
1506 607 1593 652 quo
1623 584 1805 651 saepius
1833 591 1914 635 ille
1945 592 2116 653 ingenti

279 670 584 730 circumfusus
613 669 745 715 turba
767 678 1076 732 processerat,
1108 686 1223 732 quae
1246 669 1411 732 paullo
1440 676 1545 713 ante
1585 667 1783 713 coluerat
1815 670 1916 730 piis
1945 671 2114 715 concio·

276 748 410 796 nibus
426 780 440 806 ‚
472 748 636 808 quibus
668 747 912 794 multorum
936 749 1090 810 capita
1120 754 1398 803 servaverat,
1431 752 1529 792 tum
1545 761 1634 807 per
1664 753 1794 790 artus
1829 761 1936 790 suos
1967 746 2115 792 laetus

276 827 413 872 aliter
437 843 489 871 ac
515 826 679 871 solitus
706 834 804 871 erat
833 843 864 871 a
889 826 1060 871 civibus
1089 826 1192 871 suis
1217 833 1478 886 conspectus
1503 831 1573 867 est
1587 856 1601 880 ,
1625 823 1940 884 praetendenti
1972 825 2117 885 capiti

276 901 431 965 orique
466 904 565 948 eius
590 904 790 964 impensa
815 904 967 960 sanie,
1000 903 1120 947 brevi
1145 910 1249 946 ante
1278 902 1488 962 princeps
1519 908 1704 945 senatus
1739 902 2010 963 Romanique
2039 917 2116 946 no·

276 982 414 1034 minis
440 980 606 1025 titulus
622 1013 636 1036 ‚
680 988 777 1025 tum
799 981 999 1042 pretium
1029 979 1335 1039 interfectoris
1366 978 1455 1022 sui.
1517 978 1764 1038 Praecipue
1796 985 1942 1024 tamen
1977 979 2117 1024 solvit

267 1067 454 1122 pectora
495 1058 690 1103 omnium
730 1059 780 1103 in
813 1058 1024 1103 lacrimas
1060 1058 1346 1119 gemitusque
1372 1057 1473 1100 visa
1508 1054 1571 1099 ad
1607 1063 1744 1116 caput
1775 1057 1873 1101 eius
1914 1057 2114 1119 deligata

275 1152 436 1182 manus
478 1135 661 1181 dextera
677 1168 693 1193 .,
739 1134 916 1180 divinae
973 1135 1250 1196 eloquentiae
1295 1131 1507 1179 ministra
1521 1151 1538 1176 .-
1585 1140 1912 1197 ceterorumque
1959 1135 2115 1181 caedes

267 1216 476 1278 privatos
503 1213 652 1259 luctus
678 1214 1008 1270 excitaverunt,
1040 1212 1127 1258 illa
1156 1228 1249 1257 una
1279 1225 1558 1256 communem.
1592 1211 1827 1272 Brutidius·
1847 1212 1975 1274 Niger
2005 1212 2114 1259 ibid.

275 1309 320 1356 p.
349 1296 408 1338 40
439 1308 501 1354 sq.
569 1293 627 1336 Ut
650 1307 750 1336 vero
781 1293 914 1338 iussu
937 1292 1123 1337 Antonii
1157 1291 1277 1336 inter
1305 1290 1420 1335 duas
1451 1306 1611 1336 manus
1628 1291 1833 1352 positum
1863 1291 1913 1336 in
1939 1292 2117 1336 Rostris

277 1378 416 1433 caput
457 1377 736 1431 conspectum
765 1377 835 1415 est
850 1403 864 1427 ‚
896 1385 983 1431 quo
1020 1370 1154 1415 toties
1188 1368 1396 1413 auditum
1426 1376 1524 1414 erat
1556 1368 1675 1424 loco,
1722 1367 1828 1413 dato
1869 1369 2042 1430 gemitu
2071 1377 2118 1415 et

265 1450 392 1512 fletu
425 1449 611 1493 maximi
640 1448 731 1492 viri
770 1447 996 1507 inferiae,
1030 1463 1108 1491 nec
1143 1454 1199 1491 ut
1223 1445 1363 1503 solet,
1394 1445 1465 1490 ita
1492 1445 1686 1507 depositi
1725 1446 1775 1490 in
1806 1448 1986 1492 Rostris
2021 1464 2117 1492 cor·

268 1529 401 1590 poris
431 1527 578 1571 concio
610 1524 816 1582 audivit,
859 1524 942 1569 sed
977 1524 1082 1585 ipsa
1122 1523 1340 1569 narravit.
1403 1523 1541 1568 Nulla
1576 1540 1663 1569 non
1688 1539 1803 1584 pars
1823 1523 1931 1582 fori
1961 1524 2115 1587 aliquo

275 1608 469 1654 actionis
515 1605 700 1651 inclitae
730 1602 913 1663 signata
952 1601 1142 1662 vestigio
1173 1608 1285 1645 erat.
1347 1602 1480 1646 Nemo
1519 1617 1607 1646 non
1637 1602 1827 1663 aliquod
1860 1604 1958 1648 eius
1993 1604 2042 1649 in
2068 1619 2116 1649 se
2184 1634 2191 1653 2

276 1670 485 1731 meritum
505 1683 776 1744 fatebatur:
820 1678 900 1723 hoc
937 1685 1054 1723 certe
1082 1678 1319 1740 publicum
1351 1666 1631 1742 beneficium⁸
1643 1679 1801 1742 palam
1832 1689 1953 1738 erat,
1985 1681 2115 1728 illam
2183 1686 2195 1718 ὅ

277 1763 517 1809 miserrimi
557 1759 767 1822 temporis
798 1755 1058 1802 servitutem
1091 1771 1144 1800 ac
1182 1756 1406 1802 lanienam
1447 1756 1636 1802 dilatam
1666 1758 1716 1802 in
1746 1758 1999 1805 Antonium.
2043 1762 2115 1806 Se·

276 1859 382 1889 neca
411 1844 581 1885 Suasor.
609 1851 694 1884 vn.
738 1854 780 1899 p.
805 1839 878 1882 40.
940 1836 1009 1880 Et
1040 1835 1112 1879 laic
1142 1835 1287 1880 voluit
1311 1835 1458 1896 positi
1489 1835 1539 1880 iu
1575 1836 1753 1880 Rostris
1787 1837 1954 1897 capitis
1983 1839 2115 1883 mise-

274 1919 462 1966 rabilem
483 1917 659 1978 faciem
688 1912 931 1960 describere
962 1911 1225 1972 (Brutidius
1247 1912 1425 1974 Niger),
1458 1911 1540 1956 sed
1562 1913 1870 1975 magnitudine
1895 1916 1962 1960 rei
1987 1915 2115 1962 obru-
2184 1924 2206 1975 ’ᾖ

276 2005 354 2042 tus
385 2003 466 2040 est.
514 1991 680 2039 Cornel.
712 1993 893 2036 Severus
918 1994 1222 2058 apssenecam
1253 1990 1283 2036 l.
1311 2005 1347 2035 c.
1381 2006 1423 2052 p.
1449 1993 1508 2036 43
1538 2005 1600 2054 sq.
1644 1989 1776 2051 (conf.
1807 1991 1987 2040 Anthol.
2019 1997 2115 2041 Lat.
2188 1982 2210 2026 5

275 2079 427 2121 Burm.
458 2075 506 2118 T.
534 2075 569 2117 Ι.
602 2087 644 2132 p.
674 2073 763 2115 334
794 2071 879 2132 sq.)

526 2151 701 2210 Oraque
731 2146 1060 2209 magnanimum
1091 2146 1318 2208 spirantia
1348 2161 1481 2207 saepe
1511 2146 1707 2191 virorum

458 2231 515 2274 In
544 2226 724 2271 Rostris
753 2226 930 2270 iacuere
960 2225 1059 2269 suis
1075 2245 1094 2280 ;
1123 2223 1204 2267 sed
1232 2223 1348 2268 enim
1377 2223 1569 2268 abstulit
1600 2239 1772 2282 omnes,

463 2309 703 2366 Tamquam
734 2303 833 2347 sola
855 2303 987 2363 foret
1003 2335 1017 2359 ,
1049 2301 1174 2363 rapti
1208 2301 1430 2347 Ciceronis
1460 2302 1622 2364 imago.

526 2386 644 2427 Tunc
674 2380 860 2426 redeunt
890 2380 1055 2424 animis
1085 2379 1288 2441 ingentia
1318 2378 1519 2424 consulis
1548 2387 1680 2437 acta,

458 2464 727 2521 Iurataeque
756 2473 916 2503 manus
932 2490 947 2514 .,
980 2455 1282 2518 deprensaque
1302 2455 1496 2515 foedera
1525 2473 1695 2514 noxae,
2179 2467 2205 2519 ξ

458 2539 797 2598 Patriciumque
827 2535 962 2594 nefas
993 2534 1262 2578 exstinctum
1279 2567 1293 2591 ,
1326 2543 1370 2580 et
1393 2551 1540 2596 poena
1575 2534 1785 2597 Cethegi,
2182 2526 2210 2595 ᾖ

459 2617 755 2676 Deiectusque
785 2612 903 2658 redit
933 2612 1051 2656 votis
1087 2611 1285 2656 Catilina
1315 2612 1541 2672 nefandis.
2174 2598 2210 2672 ,ἒ

525 2691 648 2752 Quid
665 2691 837 2750 favor,
869 2697 951 2734 aut
982 2690 1171 2733 coetus?
1195 2689 1325 2750 pleni
1355 2689 1468 2752 quid
1493 2690 1735 2738 *honoribus
1766 2692 1875 2737 anni
2171 2671 2210 2784 ξ

458 2770 774 2829 profuerunt?
806 2768 950 2813 sacris
982 2773 1142 2811 exacta
1173 2766 1287 2828 quid
1313 2767 1493 2812 artibus
1524 2775 1650 2813 aetas
1666 2769 1694 2812 ‚⁹
2174 2750 2206 2799 's

459 2848 661 2895 Abstulit
687 2858 789 2892 una·
811 2845 907 2891 dies
938 2845 1038 2889 aevi
1068 2844 1201 2889 decus
1212 2865 1231 2900 ,·
1262 2845 1440 2907 ictaque
1472 2845 1598 2891 luctu
2173 2799 2199 2927 ξ

463 2927 689 2973 Conticuit
719 2926 878 2971 Latiae
910 2924 1062 2968 tristis
1083 2922 1312 2983 facundia
1345 2922 1548 2984 linguae,

462 3006 598 3052 Unica
630 3002 845 3048 sollicitis
876 2999 1098 3062 quondam
1129 2999 1274 3044 tutela
1304 2998 1518 3060 salusque
1528 3021 1547 3056 ,·
1590 3057 1592 3059 Ι

458 3084 706 3146 Egregium
737 3095 907 3141 semper
931 3078 1114 3139 patriae
1144 3084 1310 3138 caput:
1342 3076 1426 3121 ille
1456 3086 1640 3123 senatus

462 3161 660 3218 Vindex,
687 3159 769 3205 ille
790 3158 896 3218 fori
911 3190 926 3214 ‚
961 3157 1107 3218 legum
1126 3188 1140 3212 ‚
1171 3155 1400 3216 iurisque,
1433 3162 1646 3217 togaeque
1661 3173 1678 3199 .-

457 3238 648 3283 Publica
678 3252 764 3280 vox
795 3235 941 3279 saevis
973 3240 1199 3277 aeternum
1231 3232 1453 3276 obmutuit
1483 3234 1635 3278 armis.

515 3316 739 3374 Informes
769 3311 952 3367 vultus,
985 3324 1274 3371 sparsamque
1305 3325 1459 3354 cruore
1488 3309 1682 3369 nefando

461 3393 675 3437 Canitiem
695 3423 708 3447 ,
741 3397 979 3450 sa'crasque
1009 3402 1168 3432 manus
1185 3419 1198 3443 ,
1231 3403 1496 3448 operumque
1527 3388 1762 3434 ministras

459 3473 498 3516 T
494 3478 698 3516 autorum
718 3508 731 3533 ,
756 3454 948 3530 pedibus
979 3465 1092 3511 civis
1114 3464 1319 3527 proiecta
1350 3464 1555 3527 superbis
