<?xml version="1.0" encoding="UTF-8"?>
<!DOCTYPE html PUBLIC "-//W3C//DTD XHTML 1.0 Transitional//EN"
    "http://www.w3.org/TR/xhtml1/DTD/xhtml1-transitional.dtd">
<html xmlns="http://www.w3.org/1999/xhtml" xml:lang="en" lang="en">
 <head>
  <title>
</title>
<meta http-equiv="Content-Type" content="text/html;charset=utf-8" />
  <meta name='ocr-system' content='tesseract 3.04.00' />
  <meta name='ocr-capabilities' content='ocr_page ocr_carea ocr_par ocr_line ocrx_word'/>
</head>
<body>
  <div class='ocr_page' id='page_1' title='image "./mtulliiciceronis00suriuoft/mtulliiciceronis00suriuoft_0537.png"; bbox 0 0 2210 3970; ppageno 0'>
   <div class='ocr_carea' id='block_1_1' title="bbox 0 587 13 656">
    <p class='ocr_par' dir='ltr' id='par_1_1' title="bbox 0 587 13 656">
     <span class='ocr_line' id='line_1_1' title="bbox 0 587 13 656; baseline 0 -65"><span class='ocrx_word' id='word_1_1' title='bbox 0 587 13 656; x_wconf 41' lang='grc' dir='ltr'>ἰ</span> 
     </span>
    </p>
   </div>
   <div class='ocr_carea' id='block_1_2' title="bbox 0 652 17 744">
    <p class='ocr_par' dir='ltr' id='par_1_2' title="bbox 0 652 17 754">
     <span class='ocr_line' id='line_1_2' title="bbox 0 652 17 744; baseline 0 0"><span class='ocrx_word' id='word_1_2' title='bbox 0 652 17 744; x_wconf 64' lang='lat' dir='ltr'><strong>f</strong></span> 
     </span>
    </p>
   </div>
   <div class='ocr_carea' id='block_1_3' title="bbox 0 758 85 3970">
    <p class='ocr_par' dir='ltr' id='par_1_3' title="bbox 0 758 85 3970">
     <span class='ocr_line' id='line_1_3' title="bbox 0 758 85 3970; baseline 0 0"><span class='ocrx_word' id='word_1_3' title='bbox 0 758 85 3970; x_wconf 95' lang='lat' dir='ltr'> </span> 
     </span>
    </p>
   </div>
   <div class='ocr_carea' id='block_1_4' title="bbox 44 3166 65 3312">
    <p class='ocr_par' dir='ltr' id='par_1_4' title="bbox 44 3166 65 3312">
     <span class='ocr_line' id='line_1_4' title="bbox 44 3166 65 3312; baseline 0 -11"><span class='ocrx_word' id='word_1_4' title='bbox 44 3166 65 3312; x_wconf 62' lang='grc' dir='ltr'>ἐξ</span> 
     </span>
    </p>
   </div>
   <div class='ocr_carea' id='block_1_5' title="bbox 955 208 1250 243">
    <p class='ocr_par' dir='ltr' id='par_1_5' title="bbox 955 208 1250 243">
     <span class='ocr_line' id='line_1_5' title="bbox 955 208 1250 243; baseline 0 0"><span class='ocrx_word' id='word_1_5' title='bbox 955 223 1027 235; x_wconf 85' lang='grc'>--·</span> <span class='ocrx_word' id='word_1_6' title='bbox 1070 208 1139 243; x_wconf 79' lang='lat' dir='ltr'>vn</span> <span class='ocrx_word' id='word_1_7' title='bbox 1179 220 1250 232; x_wconf 58' lang='lat'>-&lt;</span> 
     </span>
    </p>
   </div>
   <div class='ocr_carea' id='block_1_6' title="bbox 177 332 2018 670">
    <p class='ocr_par' dir='ltr' id='par_1_6' title="bbox 177 332 2018 670">
     <span class='ocr_line' id='line_1_6' title="bbox 183 332 2018 407; baseline -0.006 -12"><span class='ocrx_word' id='word_1_8' title='bbox 183 357 299 404; x_wconf 88' lang='lat' dir='ltr'>eos,</span> <span class='ocrx_word' id='word_1_9' title='bbox 332 340 421 407; x_wconf 89' lang='lat' dir='ltr'>qui</span> <span class='ocrx_word' id='word_1_10' title='bbox 454 338 579 390; x_wconf 91' lang='lat' dir='ltr'>mihi</span> <span class='ocrx_word' id='word_1_11' title='bbox 615 345 734 388; x_wconf 89' lang='lat' dir='ltr'>sunt</span> <span class='ocrx_word' id='word_1_12' title='bbox 767 335 1031 387; x_wconf 80' lang='lat' dir='ltr'>carissimi!</span> <span class='ocrx_word' id='word_1_13' title='bbox 1100 334 1171 385; x_wconf 85' lang='lat' dir='ltr'>De</span> <span class='ocrx_word' id='word_1_14' title='bbox 1205 332 1390 398; x_wconf 90' lang='lat' dir='ltr'>quibus</span> <span class='ocrx_word' id='word_1_15' title='bbox 1436 333 1668 382; x_wconf 87' lang='lat' dir='ltr'>omnibus</span> <span class='ocrx_word' id='word_1_16' title='bbox 1708 334 1859 384; x_wconf 89' lang='lat' dir='ltr'>rebus</span> <span class='ocrx_word' id='word_1_17' title='bbox 1902 338 2018 386; x_wconf 87' lang='lat' dir='ltr'>scri-</span> 
     </span>
     <span class='ocr_line' id='line_1_7' title="bbox 177 420 2013 494; baseline -0.004 -10"><span class='ocrx_word' id='word_1_18' title='bbox 177 433 350 484; x_wconf 85' lang='lat' dir='ltr'>berem</span> <span class='ocrx_word' id='word_1_19' title='bbox 383 429 447 480; x_wconf 93' lang='lat' dir='ltr'>ad</span> <span class='ocrx_word' id='word_1_20' title='bbox 483 428 552 479; x_wconf 91' lang='lat' dir='ltr'>Te</span> <span class='ocrx_word' id='word_1_21' title='bbox 586 427 816 494; x_wconf 89' lang='lat' dir='ltr'>pluribus</span> <span class='ocrx_word' id='word_1_22' title='bbox 849 425 1015 478; x_wconf 86' lang='lat' dir='ltr'>verbis</span> <span class='ocrx_word' id='word_1_23' title='bbox 1033 463 1047 483; x_wconf 88' lang='lat'><strong>,</strong></span> <span class='ocrx_word' id='word_1_24' title='bbox 1083 424 1124 474; x_wconf 91' lang='lat' dir='ltr'>si</span> <span class='ocrx_word' id='word_1_25' title='bbox 1140 432 1143 437; x_wconf 81' lang='grc'><em>’</em></span> <span class='ocrx_word' id='word_1_26' title='bbox 1159 430 1250 473; x_wconf 86' lang='lat' dir='ltr'>aut</span> <span class='ocrx_word' id='word_1_27' title='bbox 1284 431 1373 472; x_wconf 89' lang='lat' dir='ltr'>tua</span> <span class='ocrx_word' id='word_1_28' title='bbox 1413 420 1702 474; x_wconf 88' lang='lat' dir='ltr'>humanitas</span> <span class='ocrx_word' id='word_1_29' title='bbox 1736 425 2013 491; x_wconf 79' lang='lat' dir='ltr'>longiorem</span> 
     </span>
     <span class='ocr_line' id='line_1_8' title="bbox 182 513 2018 583; baseline -0.004 -9"><span class='ocrx_word' id='word_1_30' title='bbox 182 521 462 573; x_wconf 87' lang='lat' dir='ltr'>orationem</span> <span class='ocrx_word' id='word_1_31' title='bbox 499 525 812 583; x_wconf 76' lang='lat' dir='ltr'><strong>exspectaret</strong></span> <span class='ocrx_word' id='word_1_32' title='bbox 831 555 843 576; x_wconf 93' lang='lat'>‚</span> <span class='ocrx_word' id='word_1_33' title='bbox 887 523 978 566; x_wconf 89' lang='lat' dir='ltr'>aut</span> <span class='ocrx_word' id='word_1_34' title='bbox 1011 514 1064 566; x_wconf 93' lang='lat' dir='ltr'>id</span> <span class='ocrx_word' id='word_1_35' title='bbox 1097 513 1208 564; x_wconf 83' lang='lat' dir='ltr'>fieri</span> <span class='ocrx_word' id='word_1_36' title='bbox 1255 521 1424 563; x_wconf 88' lang='lat' dir='ltr'>nostra</span> <span class='ocrx_word' id='word_1_37' title='bbox 1470 514 1689 564; x_wconf 89' lang='lat' dir='ltr'>amicitia</span> <span class='ocrx_word' id='word_1_38' title='bbox 1728 524 2018 580; x_wconf 83' lang='lat' dir='ltr'>pateretur,</span> 
     </span>
     <span class='ocr_line' id='line_1_9' title="bbox 183 603 1817 670; baseline -0.005 -7"><span class='ocrx_word' id='word_1_39' title='bbox 183 622 272 662; x_wconf 84' lang='lat' dir='ltr'>aut</span> <span class='ocrx_word' id='word_1_40' title='bbox 300 626 382 662; x_wconf 87' lang='lat' dir='ltr'>res</span> <span class='ocrx_word' id='word_1_41' title='bbox 410 607 562 660; x_wconf 83' lang='lat' dir='ltr'>verba</span> <span class='ocrx_word' id='word_1_42' title='bbox 595 605 905 656; x_wconf 75' lang='lat' dir='ltr'>desideraret</span> <span class='ocrx_word' id='word_1_43' title='bbox 938 619 995 654; x_wconf 87' lang='lat' dir='ltr'>ac</span> <span class='ocrx_word' id='word_1_44' title='bbox 1024 618 1125 654; x_wconf 91' lang='lat' dir='ltr'>non</span> <span class='ocrx_word' id='word_1_45' title='bbox 1158 617 1248 670; x_wconf 89' lang='lat' dir='ltr'>pro</span> <span class='ocrx_word' id='word_1_46' title='bbox 1283 618 1336 652; x_wconf 88' lang='lat' dir='ltr'>se</span> <span class='ocrx_word' id='word_1_47' title='bbox 1370 603 1474 668; x_wconf 89' lang='lat' dir='ltr'>ipsa</span> <span class='ocrx_word' id='word_1_48' title='bbox 1510 603 1817 668; x_wconf 90' lang='lat' dir='ltr'>loqueretur.</span> 
     </span>
    </p>
   </div>
   <div class='ocr_carea' id='block_1_7' title="bbox 178 782 2025 1475">
    <p class='ocr_par' dir='ltr' id='par_1_7' title="bbox 178 782 2025 1475">
     <span class='ocr_line' id='line_1_10' title="bbox 243 782 2017 841; baseline -0.003 0"><span class='ocrx_word' id='word_1_49' title='bbox 243 787 344 841; x_wconf 85' lang='lat' dir='ltr'>Sed</span> <span class='ocrx_word' id='word_1_50' title='bbox 388 787 530 838; x_wconf 82' lang='lat' dir='ltr'>nefas</span> <span class='ocrx_word' id='word_1_51' title='bbox 580 792 750 835; x_wconf 89' lang='lat' dir='ltr'>tamen</span> <span class='ocrx_word' id='word_1_52' title='bbox 786 784 851 834; x_wconf 91' lang='lat' dir='ltr'>sit</span> <span class='ocrx_word' id='word_1_53' title='bbox 886 783 1013 834; x_wconf 91' lang='lat' dir='ltr'>nihil</span> <span class='ocrx_word' id='word_1_54' title='bbox 1048 784 1250 834; x_wconf 90' lang='lat' dir='ltr'>omnino</span> <span class='ocrx_word' id='word_1_55' title='bbox 1284 782 1472 833; x_wconf 83' lang='lat' dir='ltr'>dixisse</span> <span class='ocrx_word' id='word_1_56' title='bbox 1506 782 1571 832; x_wconf 89' lang='lat' dir='ltr'>de</span> <span class='ocrx_word' id='word_1_57' title='bbox 1605 785 1903 835; x_wconf 86' lang='lat' dir='ltr'>commercio</span> <span class='ocrx_word' id='word_1_58' title='bbox 1937 786 2017 837; x_wconf 90' lang='lat' dir='ltr'>lit·</span> 
     </span>
     <span class='ocr_line' id='line_1_11' title="bbox 180 871 2017 943; baseline -0.003 -11"><span class='ocrx_word' id='word_1_59' title='bbox 180 877 368 932; x_wconf 88' lang='lat' dir='ltr'>terario</span> <span class='ocrx_word' id='word_1_60' title='bbox 387 916 400 936; x_wconf 89' lang='lat'><em>,</em></span> <span class='ocrx_word' id='word_1_61' title='bbox 448 874 584 943; x_wconf 90' lang='lat' dir='ltr'>quod</span> <span class='ocrx_word' id='word_1_62' title='bbox 635 872 760 924; x_wconf 91' lang='lat' dir='ltr'>mihi</span> <span class='ocrx_word' id='word_1_63' title='bbox 813 872 999 932; x_wconf 86' lang='lat' dir='ltr'>Tecum</span> <span class='ocrx_word' id='word_1_64' title='bbox 1046 871 1358 923; x_wconf 79' lang='lat' dir='ltr'>intercedere</span> <span class='ocrx_word' id='word_1_65' title='bbox 1405 873 1531 923; x_wconf 92' lang='lat' dir='ltr'>solet</span> <span class='ocrx_word' id='word_1_66' title='bbox 1566 872 2017 934; x_wconf 81' lang='lat' dir='ltr'>iucundissimum:</span> 
     </span>
     <span class='ocr_line' id='line_1_12' title="bbox 181 962 2019 1037; baseline -0.002 -17"><span class='ocrx_word' id='word_1_67' title='bbox 181 966 477 1037; x_wconf 84' lang='lat' dir='ltr'>praesertim</span> <span class='ocrx_word' id='word_1_68' title='bbox 522 963 659 1031; x_wconf 91' lang='lat' dir='ltr'>quod</span> <span class='ocrx_word' id='word_1_69' title='bbox 705 963 945 1029; x_wconf 87' lang='lat' dir='ltr'>epistolae</span> <span class='ocrx_word' id='word_1_70' title='bbox 993 971 1111 1012; x_wconf 89' lang='lat' dir='ltr'>tuae</span> <span class='ocrx_word' id='word_1_71' title='bbox 1157 962 1382 1027; x_wconf 81' lang='lat' dir='ltr'>proxime</span> <span class='ocrx_word' id='word_1_72' title='bbox 1426 962 1724 1014; x_wconf 88' lang='lat' dir='ltr'>coniunctae</span> <span class='ocrx_word' id='word_1_73' title='bbox 1758 965 1860 1015; x_wconf 91' lang='lat' dir='ltr'>sint</span> <span class='ocrx_word' id='word_1_74' title='bbox 1903 981 2019 1016; x_wconf 84' lang='lat' dir='ltr'>cum</span> 
     </span>
     <span class='ocr_line' id='line_1_13' title="bbox 178 1051 2022 1120; baseline -0.002 -10"><span class='ocrx_word' id='word_1_75' title='bbox 178 1059 365 1110; x_wconf 82' lang='lat' dir='ltr'>horum</span> <span class='ocrx_word' id='word_1_76' title='bbox 411 1053 683 1107; x_wconf 83' lang='lat' dir='ltr'>Annalium</span> <span class='ocrx_word' id='word_1_77' title='bbox 721 1052 959 1103; x_wconf 77' lang='lat' dir='ltr'>editione.</span> <span class='ocrx_word' id='word_1_78' title='bbox 1033 1051 1246 1103; x_wconf 84' lang='lat' dir='ltr'>Mentiar</span> <span class='ocrx_word' id='word_1_79' title='bbox 1291 1051 1426 1102; x_wconf 88' lang='lat' dir='ltr'>enim</span> <span class='ocrx_word' id='word_1_80' title='bbox 1456 1053 1497 1102; x_wconf 89' lang='lat' dir='ltr'>si</span> <span class='ocrx_word' id='word_1_81' title='bbox 1534 1068 1715 1120; x_wconf 88' lang='lat' dir='ltr'>negem</span> <span class='ocrx_word' id='word_1_82' title='bbox 1755 1064 1808 1106; x_wconf 92' lang='lat' dir='ltr'>et</span> <span class='ocrx_word' id='word_1_83' title='bbox 1841 1055 1935 1106; x_wconf 87' lang='lat' dir='ltr'>hac</span> <span class='ocrx_word' id='word_1_84' title='bbox 1969 1057 2022 1106; x_wconf 89' lang='lat' dir='ltr'>in</span> 
     </span>
     <span class='ocr_line' id='line_1_14' title="bbox 179 1142 2022 1212; baseline -0.003 -12"><span class='ocrx_word' id='word_1_85' title='bbox 179 1164 236 1200; x_wconf 85' lang='lat' dir='ltr'>re</span> <span class='ocrx_word' id='word_1_86' title='bbox 270 1162 354 1199; x_wconf 86' lang='lat' dir='ltr'>mo</span> <span class='ocrx_word' id='word_1_87' title='bbox 386 1145 608 1198; x_wconf 90' lang='lat' dir='ltr'>multum</span> <span class='ocrx_word' id='word_1_88' title='bbox 653 1142 920 1209; x_wconf 77' lang='lat' dir='ltr'>profecisse</span> <span class='ocrx_word' id='word_1_89' title='bbox 938 1180 951 1199; x_wconf 91' lang='lat'>‚</span> <span class='ocrx_word' id='word_1_90' title='bbox 988 1142 1091 1192; x_wconf 87' lang='lat' dir='ltr'>tuis</span> <span class='ocrx_word' id='word_1_91' title='bbox 1134 1142 1367 1193; x_wconf 89' lang='lat' dir='ltr'>adiutum</span> <span class='ocrx_word' id='word_1_92' title='bbox 1401 1144 1634 1195; x_wconf 90' lang='lat' dir='ltr'>consiliis.</span> <span class='ocrx_word' id='word_1_93' title='bbox 1703 1142 1898 1196; x_wconf 86' lang='lat' dir='ltr'>Gratias</span> <span class='ocrx_word' id='word_1_94' title='bbox 1931 1146 2022 1212; x_wconf 91' lang='lat' dir='ltr'>igi·</span> 
     </span>
     <span class='ocr_line' id='line_1_15' title="bbox 184 1231 2021 1304; baseline -0.004 -12"><span class='ocrx_word' id='word_1_95' title='bbox 184 1248 296 1301; x_wconf 84' lang='lat' dir='ltr'>tur,</span> <span class='ocrx_word' id='word_1_96' title='bbox 329 1251 456 1304; x_wconf 87' lang='lat' dir='ltr'>quas</span> <span class='ocrx_word' id='word_1_97' title='bbox 487 1250 631 1286; x_wconf 87' lang='lat' dir='ltr'>mens</span> <span class='ocrx_word' id='word_1_98' title='bbox 664 1232 923 1297; x_wconf 88' lang='lat' dir='ltr'>concipere</span> <span class='ocrx_word' id='word_1_99' title='bbox 957 1231 1200 1282; x_wconf 84' lang='lat' dir='ltr'>maximas</span> <span class='ocrx_word' id='word_1_100' title='bbox 1235 1242 1432 1297; x_wconf 88' lang='lat' dir='ltr'>potest,</span> <span class='ocrx_word' id='word_1_101' title='bbox 1467 1233 1578 1283; x_wconf 90' lang='lat' dir='ltr'>Tibi</span> <span class='ocrx_word' id='word_1_102' title='bbox 1613 1249 1707 1299; x_wconf 88' lang='lat' dir='ltr'>ago</span> <span class='ocrx_word' id='word_1_103' title='bbox 1741 1242 1851 1284; x_wconf 88' lang='lat' dir='ltr'>tum</span> <span class='ocrx_word' id='word_1_104' title='bbox 1885 1235 2021 1300; x_wconf 90' lang='lat' dir='ltr'>quod</span> 
     </span>
     <span class='ocr_line' id='line_1_16' title="bbox 185 1319 2025 1395; baseline -0.002 -17"><span class='ocrx_word' id='word_1_105' title='bbox 185 1327 384 1395; x_wconf 77' lang='lat' dir='ltr'>saepius</span> <span class='ocrx_word' id='word_1_106' title='bbox 412 1319 448 1375; x_wconf 70' lang='lat' dir='ltr'>&#39;a</span> <span class='ocrx_word' id='word_1_107' title='bbox 480 1339 563 1375; x_wconf 91' lang='lat' dir='ltr'>me</span> <span class='ocrx_word' id='word_1_108' title='bbox 603 1322 864 1373; x_wconf 82' lang='lat' dir='ltr'>consultus</span> <span class='ocrx_word' id='word_1_109' title='bbox 910 1320 974 1369; x_wconf 88' lang='lat' dir='ltr'>de</span> <span class='ocrx_word' id='word_1_110' title='bbox 1008 1319 1190 1377; x_wconf 87' lang='lat' dir='ltr'>rebus,</span> <span class='ocrx_word' id='word_1_111' title='bbox 1232 1337 1357 1385; x_wconf 89' lang='lat' dir='ltr'>quas</span> <span class='ocrx_word' id='word_1_112' title='bbox 1391 1321 1682 1387; x_wconf 79' lang='lat' dir='ltr'>ignorabam</span> <span class='ocrx_word' id='word_1_113' title='bbox 1701 1361 1714 1380; x_wconf 88' lang='lat'><em>,</em></span> <span class='ocrx_word' id='word_1_114' title='bbox 1760 1324 2025 1375; x_wconf 86' lang='lat' dir='ltr'>certiorem</span> 
     </span>
     <span class='ocr_line' id='line_1_17' title="bbox 182 1409 2025 1475; baseline -0.002 -6"><span class='ocrx_word' id='word_1_115' title='bbox 182 1432 267 1470; x_wconf 84' lang='lat' dir='ltr'>mo</span> <span class='ocrx_word' id='word_1_116' title='bbox 299 1414 505 1471; x_wconf 82' lang='lat' dir='ltr'>feceris;</span> <span class='ocrx_word' id='word_1_117' title='bbox 541 1420 653 1462; x_wconf 91' lang='lat' dir='ltr'>tum</span> <span class='ocrx_word' id='word_1_118' title='bbox 686 1424 807 1461; x_wconf 84' lang='lat' dir='ltr'>vero</span> <span class='ocrx_word' id='word_1_119' title='bbox 841 1409 977 1474; x_wconf 91' lang='lat' dir='ltr'>quod</span> <span class='ocrx_word' id='word_1_120' title='bbox 1012 1418 1291 1475; x_wconf 89' lang='lat' dir='ltr'>opportune</span> <span class='ocrx_word' id='word_1_121' title='bbox 1323 1426 1405 1461; x_wconf 92' lang='lat' dir='ltr'>me</span> <span class='ocrx_word' id='word_1_122' title='bbox 1431 1412 1690 1461; x_wconf 88' lang='lat' dir='ltr'>monueris</span> <span class='ocrx_word' id='word_1_123' title='bbox 1723 1421 1783 1463; x_wconf 92' lang='lat' dir='ltr'>ut</span> <span class='ocrx_word' id='word_1_124' title='bbox 1815 1413 1879 1463; x_wconf 90' lang='lat' dir='ltr'>ad</span> <span class='ocrx_word' id='word_1_125' title='bbox 1914 1430 2025 1465; x_wconf 89' lang='lat' dir='ltr'>eam</span> 
     </span>
    </p>
   </div>
   <div class='ocr_carea' id='block_1_8' title="bbox 139 1498 2028 1570">
    <p class='ocr_par' dir='ltr' id='par_1_8' title="bbox 139 1498 2028 1570">
     <span class='ocr_line' id='line_1_18' title="bbox 139 1498 2028 1570; baseline -0.002 -12"><span class='ocrx_word' id='word_1_126' title='bbox 139 1528 154 1538; x_wconf 84' lang='lat'><strong>·</strong></span> <span class='ocrx_word' id='word_1_127' title='bbox 185 1506 435 1559; x_wconf 86' lang='lat' dir='ltr'>rationem</span> <span class='ocrx_word' id='word_1_128' title='bbox 478 1501 573 1553; x_wconf 85' lang='lat' dir='ltr'>hos</span> <span class='ocrx_word' id='word_1_129' title='bbox 619 1498 838 1550; x_wconf 89' lang='lat' dir='ltr'>Annales</span> <span class='ocrx_word' id='word_1_130' title='bbox 892 1498 1207 1565; x_wconf 86' lang='lat' dir='ltr'>disponerem</span> <span class='ocrx_word' id='word_1_131' title='bbox 1227 1538 1239 1560; x_wconf 91' lang='lat'>,</span> <span class='ocrx_word' id='word_1_132' title='bbox 1285 1515 1414 1564; x_wconf 89' lang='lat' dir='ltr'>quae</span> <span class='ocrx_word' id='word_1_133' title='bbox 1466 1516 1601 1551; x_wconf 90' lang='lat' dir='ltr'>nunc</span> <span class='ocrx_word' id='word_1_134' title='bbox 1659 1501 1783 1552; x_wconf 90' lang='lat' dir='ltr'>mihi</span> <span class='ocrx_word' id='word_1_135' title='bbox 1825 1514 2028 1570; x_wconf 87' lang='lat' dir='ltr'>apparet</span> 
     </span>
    </p>
   </div>
   <div class='ocr_carea' id='block_1_9' title="bbox 183 1589 2033 3459">
    <p class='ocr_par' dir='ltr' id='par_1_9' title="bbox 183 1589 2033 3459">
     <span class='ocr_line' id='line_1_19' title="bbox 185 1589 2030 1655; baseline -0.002 -7"><span class='ocrx_word' id='word_1_136' title='bbox 185 1595 352 1648; x_wconf 90' lang='lat' dir='ltr'>multo</span> <span class='ocrx_word' id='word_1_137' title='bbox 396 1591 575 1644; x_wconf 84' lang='lat' dir='ltr'>melior</span> <span class='ocrx_word' id='word_1_138' title='bbox 620 1605 729 1641; x_wconf 88' lang='lat' dir='ltr'>esse</span> <span class='ocrx_word' id='word_1_139' title='bbox 748 1629 761 1648; x_wconf 92' lang='lat'><em>,</em></span> <span class='ocrx_word' id='word_1_140' title='bbox 808 1605 960 1655; x_wconf 87' lang='lat' dir='ltr'>quam</span> <span class='ocrx_word' id='word_1_141' title='bbox 1006 1605 1107 1654; x_wconf 90' lang='lat' dir='ltr'>qua</span> <span class='ocrx_word' id='word_1_142' title='bbox 1157 1589 1392 1653; x_wconf 88' lang='lat' dir='ltr'>equidem</span> <span class='ocrx_word' id='word_1_143' title='bbox 1438 1605 1546 1639; x_wconf 89' lang='lat' dir='ltr'>rem</span> <span class='ocrx_word' id='word_1_144' title='bbox 1582 1590 1737 1642; x_wconf 74' lang='lat' dir='ltr'>istam</span> <span class='ocrx_word' id='word_1_145' title='bbox 1783 1594 2030 1645; x_wconf 84' lang='lat' dir='ltr'>conficere</span> 
     </span>
     <span class='ocr_line' id='line_1_20' title="bbox 186 1678 2028 1750; baseline -0.001 -14"><span class='ocrx_word' id='word_1_146' title='bbox 186 1683 314 1736; x_wconf 90' lang='lat' dir='ltr'>mihi</span> <span class='ocrx_word' id='word_1_147' title='bbox 349 1695 718 1750; x_wconf 87' lang='lat' dir='ltr'>proposueram.</span> <span class='ocrx_word' id='word_1_148' title='bbox 788 1678 896 1746; x_wconf 85' lang='lat' dir='ltr'>Ego</span> <span class='ocrx_word' id='word_1_149' title='bbox 930 1679 1066 1730; x_wconf 91' lang='lat' dir='ltr'>enim</span> <span class='ocrx_word' id='word_1_150' title='bbox 1100 1694 1259 1744; x_wconf 89' lang='lat' dir='ltr'>quum</span> <span class='ocrx_word' id='word_1_151' title='bbox 1293 1680 1591 1746; x_wconf 80' lang='lat' dir='ltr'>cogitassem</span> <span class='ocrx_word' id='word_1_152' title='bbox 1637 1681 1855 1733; x_wconf 83' lang='lat' dir='ltr'>Annales</span> <span class='ocrx_word' id='word_1_153' title='bbox 1895 1684 2028 1736; x_wconf 87' lang='lat' dir='ltr'>Cice·</span> 
     </span>
     <span class='ocr_line' id='line_1_21' title="bbox 186 1767 2025 1836; baseline -0.001 -10"><span class='ocrx_word' id='word_1_154' title='bbox 186 1772 449 1830; x_wconf 82' lang='lat' dir='ltr'>ronianos,</span> <span class='ocrx_word' id='word_1_155' title='bbox 501 1769 676 1836; x_wconf 84' lang='lat' dir='ltr'>quales</span> <span class='ocrx_word' id='word_1_156' title='bbox 715 1785 745 1819; x_wconf 89' lang='lat' dir='ltr'>a</span> <span class='ocrx_word' id='word_1_157' title='bbox 789 1767 1103 1820; x_wconf 84' lang='lat' dir='ltr'>Schiitzio</span> <span class='ocrx_word' id='word_1_158' title='bbox 1150 1769 1368 1835; x_wconf 89' lang='lat' dir='ltr'>primum</span> <span class='ocrx_word' id='word_1_159' title='bbox 1400 1770 1647 1828; x_wconf 80' lang='lat' dir='ltr'>consecti,</span> <span class='ocrx_word' id='word_1_160' title='bbox 1682 1770 1745 1821; x_wconf 92' lang='lat' dir='ltr'>ab</span> <span class='ocrx_word' id='word_1_161' title='bbox 1788 1772 1899 1823; x_wconf 87' lang='lat' dir='ltr'>aliis</span> <span class='ocrx_word' id='word_1_162' title='bbox 1940 1774 2025 1824; x_wconf 88' lang='lat' dir='ltr'>de·</span> 
     </span>
     <span class='ocr_line' id='line_1_22' title="bbox 184 1858 2026 1925; baseline -0.001 -8"><span class='ocrx_word' id='word_1_163' title='bbox 184 1863 308 1917; x_wconf 72' lang='lat' dir='ltr'>inde</span> <span class='ocrx_word' id='word_1_164' title='bbox 340 1859 596 1915; x_wconf 80' lang='lat' dir='ltr'>emendati</span> <span class='ocrx_word' id='word_1_165' title='bbox 623 1866 676 1909; x_wconf 88' lang='lat' dir='ltr'>et</span> <span class='ocrx_word' id='word_1_166' title='bbox 710 1859 998 1925; x_wconf 88' lang='lat' dir='ltr'>nuperrime</span> <span class='ocrx_word' id='word_1_167' title='bbox 1029 1876 1057 1909; x_wconf 92' lang='lat' dir='ltr'>a</span> <span class='ocrx_word' id='word_1_168' title='bbox 1092 1858 1344 1909; x_wconf 87' lang='lat' dir='ltr'>Nobbio</span> <span class='ocrx_word' id='word_1_169' title='bbox 1378 1861 1636 1925; x_wconf 85' lang='lat' dir='ltr'>praemissi</span> <span class='ocrx_word' id='word_1_170' title='bbox 1666 1872 1788 1913; x_wconf 89' lang='lat' dir='ltr'>sunt</span> <span class='ocrx_word' id='word_1_171' title='bbox 1815 1863 2026 1915; x_wconf 89' lang='lat' dir='ltr'>editioni</span> 
     </span>
     <span class='ocr_line' id='line_1_23' title="bbox 185 1948 2025 2015; baseline 0.001 -12"><span class='ocrx_word' id='word_1_172' title='bbox 185 1950 439 2008; x_wconf 78' lang='lat' dir='ltr'>Ciceronis</span> <span class='ocrx_word' id='word_1_173' title='bbox 486 1956 804 2014; x_wconf 82' lang='lat' dir='ltr'>stereotypae</span> <span class='ocrx_word' id='word_1_174' title='bbox 822 1988 837 2011; x_wconf 90' lang='lat'>‚</span> <span class='ocrx_word' id='word_1_175' title='bbox 887 1948 1172 2015; x_wconf 89' lang='lat' dir='ltr'>appendicis</span> <span class='ocrx_word' id='word_1_176' title='bbox 1227 1949 1337 1999; x_wconf 92' lang='lat' dir='ltr'>loco</span> <span class='ocrx_word' id='word_1_177' title='bbox 1381 1960 1655 2002; x_wconf 74' lang='lat' dir='ltr'>‘annectere</span> <span class='ocrx_word' id='word_1_178' title='bbox 1712 1952 2025 2005; x_wconf 89' lang='lat' dir='ltr'>Commenta·</span> 
     </span>
     <span class='ocr_line' id='line_1_24' title="bbox 185 2038 2027 2109; baseline -0.001 -13"><span class='ocrx_word' id='word_1_179' title='bbox 185 2043 294 2095; x_wconf 71' lang='lat' dir='ltr'>riis</span> <span class='ocrx_word' id='word_1_180' title='bbox 320 2058 350 2094; x_wconf 84' lang='lat' dir='ltr'>a</span> <span class='ocrx_word' id='word_1_181' title='bbox 387 2056 470 2093; x_wconf 87' lang='lat' dir='ltr'>me</span> <span class='ocrx_word' id='word_1_182' title='bbox 505 2038 662 2100; x_wconf 85' lang='lat' dir='ltr'>fictis,</span> <span class='ocrx_word' id='word_1_183' title='bbox 710 2038 798 2089; x_wconf 88' lang='lat' dir='ltr'>sed</span> <span class='ocrx_word' id='word_1_184' title='bbox 837 2039 1003 2090; x_wconf 88' lang='lat' dir='ltr'>nudos</span> <span class='ocrx_word' id='word_1_185' title='bbox 1046 2039 1161 2089; x_wconf 91' lang='lat' dir='ltr'>illos</span> <span class='ocrx_word' id='word_1_186' title='bbox 1207 2039 1342 2088; x_wconf 92' lang='lat' dir='ltr'>omni</span> <span class='ocrx_word' id='word_1_187' title='bbox 1388 2041 1725 2091; x_wconf 88' lang='lat' dir='ltr'>annotationis</span> <span class='ocrx_word' id='word_1_188' title='bbox 1760 2053 2027 2109; x_wconf 87' lang='lat' dir='ltr'>apparatu,</span> 
     </span>
     <span class='ocr_line' id='line_1_25' title="bbox 186 2128 2028 2199; baseline 0.001 -16"><span class='ocrx_word' id='word_1_189' title='bbox 186 2132 342 2183; x_wconf 87' lang='lat' dir='ltr'>citato</span> <span class='ocrx_word' id='word_1_190' title='bbox 405 2136 606 2182; x_wconf 86' lang='lat' dir='ltr'>tantum</span> <span class='ocrx_word' id='word_1_191' title='bbox 665 2128 751 2179; x_wconf 71' lang='lat' dir='ltr'>ad·</span> <span class='ocrx_word' id='word_1_192' title='bbox 788 2128 984 2195; x_wconf 87' lang='lat' dir='ltr'>singula</span> <span class='ocrx_word' id='word_1_193' title='bbox 1035 2130 1273 2179; x_wconf 89' lang='lat' dir='ltr'>lemmata</span> <span class='ocrx_word' id='word_1_194' title='bbox 1323 2130 1432 2179; x_wconf 90' lang='lat' dir='ltr'>loco</span> <span class='ocrx_word' id='word_1_195' title='bbox 1489 2146 1554 2180; x_wconf 90' lang='lat' dir='ltr'>ex</span> <span class='ocrx_word' id='word_1_196' title='bbox 1616 2130 2028 2199; x_wconf 77' lang='lat' dir='ltr'>Commentariis3</span> 
     </span>
     <span class='ocr_line' id='line_1_26' title="bbox 190 2218 2028 2293; baseline 0 -19"><span class='ocrx_word' id='word_1_197' title='bbox 190 2222 277 2274; x_wconf 76' lang='lat' dir='ltr'>Tu.</span> <span class='ocrx_word' id='word_1_198' title='bbox 300 2220 427 2272; x_wconf 92' lang='lat' dir='ltr'>mihi</span> <span class='ocrx_word' id='word_1_199' title='bbox 462 2226 579 2293; x_wconf 80' lang='lat' dir='ltr'>ante</span> <span class='ocrx_word' id='word_1_200' title='bbox 613 2218 876 2269; x_wconf 91' lang='lat' dir='ltr'>biennium</span> <span class='ocrx_word' id='word_1_201' title='bbox 910 2219 1016 2268; x_wconf 83' lang='lat' dir='ltr'>fere</span> <span class='ocrx_word' id='word_1_202' title='bbox 1050 2219 1272 2269; x_wconf 91' lang='lat' dir='ltr'>melioris</span> <span class='ocrx_word' id='word_1_203' title='bbox 1307 2219 1625 2285; x_wconf 80' lang='lat' dir='ltr'>cogitationis</span> <span class='ocrx_word' id='word_1_204' title='bbox 1658 2221 1862 2272; x_wconf 93' lang='lat' dir='ltr'>initium</span> <span class='ocrx_word' id='word_1_205' title='bbox 1897 2231 2028 2274; x_wconf 86' lang='lat' dir='ltr'>attu-</span> 
     </span>
     <span class='ocr_line' id='line_1_27' title="bbox 186 2308 2029 2377; baseline 0 -14"><span class='ocrx_word' id='word_1_206' title='bbox 186 2311 306 2365; x_wconf 85' lang='lat' dir='ltr'>listi.</span> <span class='ocrx_word' id='word_1_207' title='bbox 377 2309 547 2369; x_wconf 86' lang='lat' dir='ltr'>Quum</span> <span class='ocrx_word' id='word_1_208' title='bbox 582 2309 717 2359; x_wconf 89' lang='lat' dir='ltr'>enim</span> <span class='ocrx_word' id='word_1_209' title='bbox 751 2317 804 2360; x_wconf 89' lang='lat' dir='ltr'>et</span> <span class='ocrx_word' id='word_1_210' title='bbox 838 2308 948 2358; x_wconf 86' lang='lat' dir='ltr'>Tibi</span> <span class='ocrx_word' id='word_1_211' title='bbox 985 2308 1203 2358; x_wconf 89' lang='lat' dir='ltr'>Annales</span> <span class='ocrx_word' id='word_1_212' title='bbox 1244 2309 1328 2359; x_wconf 89' lang='lat' dir='ltr'>isti</span> <span class='ocrx_word' id='word_1_213' title='bbox 1362 2325 1546 2376; x_wconf 87' lang='lat' dir='ltr'>magno</span> <span class='ocrx_word' id='word_1_214' title='bbox 1583 2326 1730 2375; x_wconf 90' lang='lat' dir='ltr'>opere</span> <span class='ocrx_word' id='word_1_215' title='bbox 1764 2312 2029 2377; x_wconf 87' lang='lat' dir='ltr'>probaren-</span> 
     </span>
     <span class='ocr_line' id='line_1_28' title="bbox 188 2398 2030 2468; baseline 0.001 -15"><span class='ocrx_word' id='word_1_216' title='bbox 188 2409 276 2452; x_wconf 91' lang='lat' dir='ltr'>tur</span> <span class='ocrx_word' id='word_1_217' title='bbox 292 2399 688 2464; x_wconf 80' lang='lat' dir='ltr'>viderenturque</span> <span class='ocrx_word' id='word_1_218' title='bbox 723 2398 1005 2464; x_wconf 88' lang='lat' dir='ltr'>dignissimi</span> <span class='ocrx_word' id='word_1_219' title='bbox 1040 2399 1127 2463; x_wconf 93' lang='lat' dir='ltr'>qui</span> <span class='ocrx_word' id='word_1_220' title='bbox 1163 2398 1423 2448; x_wconf 91' lang='lat' dir='ltr'>commode</span> <span class='ocrx_word' id='word_1_221' title='bbox 1442 2415 1471 2448; x_wconf 91' lang='lat' dir='ltr'>a</span> <span class='ocrx_word' id='word_1_222' title='bbox 1499 2415 1580 2449; x_wconf 90' lang='lat' dir='ltr'>me</span> <span class='ocrx_word' id='word_1_223' title='bbox 1614 2411 1816 2465; x_wconf 88' lang='lat' dir='ltr'>possent</span> <span class='ocrx_word' id='word_1_224' title='bbox 1843 2404 2030 2468; x_wconf 86' lang='lat' dir='ltr'>repeti,</span> 
     </span>
     <span class='ocr_line' id='line_1_29' title="bbox 186 2469 2029 2554; baseline 0.001 -12"><span class='ocrx_word' id='word_1_225' title='bbox 186 2499 247 2542; x_wconf 84' lang='lat' dir='ltr'>ut</span> <span class='ocrx_word' id='word_1_226' title='bbox 276 2469 629 2542; x_wconf 79' lang='lat' dir='ltr'>Annotationis</span> <span class='ocrx_word' id='word_1_227' title='bbox 663 2487 1053 2554; x_wconf 84' lang='lat' dir='ltr'>Chronologicae</span> <span class='ocrx_word' id='word_1_228' title='bbox 1089 2488 1248 2537; x_wconf 89' lang='lat' dir='ltr'>instar</span> <span class='ocrx_word' id='word_1_229' title='bbox 1277 2496 1445 2537; x_wconf 86' lang='lat' dir='ltr'>essent</span> <span class='ocrx_word' id='word_1_230' title='bbox 1473 2487 1558 2544; x_wconf 90' lang='lat' dir='ltr'>iis,</span> <span class='ocrx_word' id='word_1_231' title='bbox 1594 2490 1682 2554; x_wconf 87' lang='lat' dir='ltr'>qui</span> <span class='ocrx_word' id='word_1_232' title='bbox 1717 2490 2029 2544; x_wconf 89' lang='lat' dir='ltr'>Commenta·</span> 
     </span>
     <span class='ocr_line' id='line_1_30' title="bbox 183 2576 2029 2646; baseline 0.001 -14"><span class='ocrx_word' id='word_1_233' title='bbox 183 2579 286 2632; x_wconf 88' lang='lat' dir='ltr'>rios</span> <span class='ocrx_word' id='word_1_234' title='bbox 320 2579 581 2646; x_wconf 78' lang='lat' dir='ltr'>legerent3</span> <span class='ocrx_word' id='word_1_235' title='bbox 620 2576 822 2629; x_wconf 90' lang='lat' dir='ltr'>suasisti</span> <span class='ocrx_word' id='word_1_236' title='bbox 857 2585 1027 2628; x_wconf 90' lang='lat' dir='ltr'>tamen</span> <span class='ocrx_word' id='word_1_237' title='bbox 1062 2576 1214 2626; x_wconf 92' lang='lat' dir='ltr'>simul</span> <span class='ocrx_word' id='word_1_238' title='bbox 1250 2585 1309 2626; x_wconf 92' lang='lat' dir='ltr'>ut</span> <span class='ocrx_word' id='word_1_239' title='bbox 1343 2585 1396 2627; x_wconf 90' lang='lat' dir='ltr'>et</span> <span class='ocrx_word' id='word_1_240' title='bbox 1428 2577 1724 2629; x_wconf 89' lang='lat' dir='ltr'>lemmatum</span> <span class='ocrx_word' id='word_1_241' title='bbox 1758 2595 2029 2634; x_wconf 89' lang='lat' dir='ltr'>numerum</span> 
     </span>
     <span class='ocr_line' id='line_1_31' title="bbox 185 2666 2030 2737; baseline 0.002 -16"><span class='ocrx_word' id='word_1_242' title='bbox 185 2684 426 2737; x_wconf 85' lang='lat' dir='ltr'>augerem</span> <span class='ocrx_word' id='word_1_243' title='bbox 477 2682 566 2734; x_wconf 88' lang='lat' dir='ltr'>pro</span> <span class='ocrx_word' id='word_1_244' title='bbox 621 2667 816 2735; x_wconf 86' lang='lat' dir='ltr'>ratione</span> <span class='ocrx_word' id='word_1_245' title='bbox 860 2682 1070 2723; x_wconf 87' lang='lat' dir='ltr'>eorum,</span> <span class='ocrx_word' id='word_1_246' title='bbox 1123 2682 1252 2731; x_wconf 87' lang='lat' dir='ltr'>quae</span> <span class='ocrx_word' id='word_1_247' title='bbox 1304 2666 1358 2715; x_wconf 91' lang='lat' dir='ltr'>in</span> <span class='ocrx_word' id='word_1_248' title='bbox 1404 2666 1786 2721; x_wconf 87' lang='lat' dir='ltr'>Commentariis</span> <span class='ocrx_word' id='word_1_249' title='bbox 1829 2682 2030 2724; x_wconf 88' lang='lat' dir='ltr'>narrata</span> 
     </span>
     <span class='ocr_line' id='line_1_32' title="bbox 191 2756 2031 2823; baseline 0.003 -13"><span class='ocrx_word' id='word_1_250' title='bbox 191 2767 360 2810; x_wconf 86' lang='lat' dir='ltr'>essent</span> <span class='ocrx_word' id='word_1_251' title='bbox 378 2797 392 2818; x_wconf 86' lang='lat'><em>,</em></span> <span class='ocrx_word' id='word_1_252' title='bbox 427 2765 480 2809; x_wconf 86' lang='lat' dir='ltr'>et</span> <span class='ocrx_word' id='word_1_253' title='bbox 515 2756 611 2808; x_wconf 91' lang='lat' dir='ltr'>sub</span> <span class='ocrx_word' id='word_1_254' title='bbox 646 2756 844 2822; x_wconf 84' lang='lat' dir='ltr'>singula</span> <span class='ocrx_word' id='word_1_255' title='bbox 876 2756 1113 2806; x_wconf 88' lang='lat' dir='ltr'>lemmata</span> <span class='ocrx_word' id='word_1_256' title='bbox 1149 2756 1449 2807; x_wconf 89' lang='lat' dir='ltr'>subiicerem</span> <span class='ocrx_word' id='word_1_257' title='bbox 1483 2774 1642 2823; x_wconf 90' lang='lat' dir='ltr'>quum</span> <span class='ocrx_word' id='word_1_258' title='bbox 1676 2759 1927 2814; x_wconf 89' lang='lat' dir='ltr'>Ciceronis</span> <span class='ocrx_word' id='word_1_259' title='bbox 1961 2766 2031 2815; x_wconf 93' lang='lat' dir='ltr'>lo·</span> 
     </span>
     <span class='ocr_line' id='line_1_33' title="bbox 190 2845 2031 2914; baseline 0.002 -13"><span class='ocrx_word' id='word_1_260' title='bbox 190 2863 274 2901; x_wconf 90' lang='lat' dir='ltr'>cos</span> <span class='ocrx_word' id='word_1_261' title='bbox 292 2887 306 2907; x_wconf 91' lang='lat'><strong><em>,</em></strong></span> <span class='ocrx_word' id='word_1_262' title='bbox 353 2847 442 2914; x_wconf 92' lang='lat' dir='ltr'>qui</span> <span class='ocrx_word' id='word_1_263' title='bbox 485 2847 538 2897; x_wconf 93' lang='lat' dir='ltr'>in</span> <span class='ocrx_word' id='word_1_264' title='bbox 573 2845 954 2897; x_wconf 90' lang='lat' dir='ltr'>Commentariis</span> <span class='ocrx_word' id='word_1_265' title='bbox 987 2861 1088 2896; x_wconf 92' lang='lat' dir='ltr'>non</span> <span class='ocrx_word' id='word_1_266' title='bbox 1131 2855 1299 2896; x_wconf 90' lang='lat' dir='ltr'>essent</span> <span class='ocrx_word' id='word_1_267' title='bbox 1334 2846 1574 2906; x_wconf 87' lang='lat' dir='ltr'>adhibiti,</span> <span class='ocrx_word' id='word_1_268' title='bbox 1613 2857 1723 2900; x_wconf 90' lang='lat' dir='ltr'>tum</span> <span class='ocrx_word' id='word_1_269' title='bbox 1757 2868 1883 2903; x_wconf 84' lang='lat' dir='ltr'>vero</span> <span class='ocrx_word' id='word_1_270' title='bbox 1918 2855 2031 2905; x_wconf 90' lang='lat' dir='ltr'>reli-</span> 
     </span>
     <span class='ocr_line' id='line_1_34' title="bbox 189 2936 2031 3006; baseline 0.002 -16"><span class='ocrx_word' id='word_1_271' title='bbox 189 2953 406 3005; x_wconf 88' lang='lat' dir='ltr'>quorum</span> <span class='ocrx_word' id='word_1_272' title='bbox 433 2945 664 2988; x_wconf 86' lang='lat' dir='ltr'>veterum</span> <span class='ocrx_word' id='word_1_273' title='bbox 693 2937 994 3003; x_wconf 90' lang='lat' dir='ltr'>scriptorum</span> <span class='ocrx_word' id='word_1_274' title='bbox 1018 2936 1329 2986; x_wconf 87' lang='lat' dir='ltr'>testimonia:</span> <span class='ocrx_word' id='word_1_275' title='bbox 1365 2937 1603 2987; x_wconf 87' lang='lat' dir='ltr'>adderem</span> <span class='ocrx_word' id='word_1_276' title='bbox 1633 2938 1852 3006; x_wconf 88' lang='lat' dir='ltr'>denique</span> <span class='ocrx_word' id='word_1_277' title='bbox 1877 2944 2031 2994; x_wconf 85' lang='lat' dir='ltr'>etiam</span> 
     </span>
     <span class='ocr_line' id='line_1_35' title="bbox 189 3025 2031 3095; baseline 0.002 -14"><span class='ocrx_word' id='word_1_278' title='bbox 189 3045 280 3088; x_wconf 86' lang='lat' dir='ltr'>ea,</span> <span class='ocrx_word' id='word_1_279' title='bbox 327 3043 488 3094; x_wconf 87' lang='lat' dir='ltr'>quae,</span> <span class='ocrx_word' id='word_1_280' title='bbox 536 3042 695 3091; x_wconf 91' lang='lat' dir='ltr'>quum</span> <span class='ocrx_word' id='word_1_281' title='bbox 740 3026 794 3076; x_wconf 91' lang='lat' dir='ltr'>in</span> <span class='ocrx_word' id='word_1_282' title='bbox 829 3025 1211 3077; x_wconf 89' lang='lat' dir='ltr'>Commentariis</span> <span class='ocrx_word' id='word_1_283' title='bbox 1256 3042 1358 3077; x_wconf 90' lang='lat' dir='ltr'>non</span> <span class='ocrx_word' id='word_1_284' title='bbox 1403 3026 1687 3092; x_wconf 89' lang='lat' dir='ltr'>potuissent</span> <span class='ocrx_word' id='word_1_285' title='bbox 1730 3035 2031 3095; x_wconf 86' lang='lat' dir='ltr'>memorari,</span> 
     </span>
     <span class='ocr_line' id='line_1_36' title="bbox 189 3116 2030 3187; baseline 0.002 -17"><span class='ocrx_word' id='word_1_286' title='bbox 189 3134 338 3186; x_wconf 88' lang='lat' dir='ltr'>aegre</span> <span class='ocrx_word' id='word_1_287' title='bbox 374 3126 544 3168; x_wconf 88' lang='lat' dir='ltr'>tamen</span> <span class='ocrx_word' id='word_1_288' title='bbox 574 3116 628 3165; x_wconf 92' lang='lat' dir='ltr'>in</span> <span class='ocrx_word' id='word_1_289' title='bbox 655 3117 757 3168; x_wconf 84' lang='lat' dir='ltr'>vita</span> <span class='ocrx_word' id='word_1_290' title='bbox 787 3116 1038 3168; x_wconf 91' lang='lat' dir='ltr'>Ciceronis</span> <span class='ocrx_word' id='word_1_291' title='bbox 1072 3117 1493 3168; x_wconf 87' lang='lat' dir='ltr'>desiderarentur.</span> <span class='ocrx_word' id='word_1_292' title='bbox 1563 3117 1693 3168; x_wconf 90' lang='lat' dir='ltr'>Huic</span> <span class='ocrx_word' id='word_1_293' title='bbox 1726 3120 1885 3187; x_wconf 85' lang='lat' dir='ltr'>igitur</span> <span class='ocrx_word' id='word_1_294' title='bbox 1917 3139 2030 3174; x_wconf 89' lang='lat' dir='ltr'>con-</span> 
     </span>
     <span class='ocr_line' id='line_1_37' title="bbox 193 3205 2032 3273; baseline 0.003 -13"><span class='ocrx_word' id='word_1_295' title='bbox 193 3207 304 3260; x_wconf 91' lang='lat' dir='ltr'>silio</span> <span class='ocrx_word' id='word_1_296' title='bbox 334 3207 638 3266; x_wconf 81' lang='lat' dir='ltr'>obsecutuS,</span> <span class='ocrx_word' id='word_1_297' title='bbox 674 3205 769 3255; x_wconf 87' lang='lat' dir='ltr'>feci</span> <span class='ocrx_word' id='word_1_298' title='bbox 805 3205 1074 3271; x_wconf 88' lang='lat' dir='ltr'>equidem,</span> <span class='ocrx_word' id='word_1_299' title='bbox 1110 3208 1245 3272; x_wconf 94' lang='lat' dir='ltr'>quod</span> <span class='ocrx_word' id='word_1_300' title='bbox 1286 3207 1453 3273; x_wconf 88' lang='lat' dir='ltr'>potui:</span> <span class='ocrx_word' id='word_1_301' title='bbox 1482 3206 1571 3256; x_wconf 90' lang='lat' dir='ltr'>sed</span> <span class='ocrx_word' id='word_1_302' title='bbox 1607 3217 1782 3260; x_wconf 88' lang='lat' dir='ltr'>utrum</span> <span class='ocrx_word' id='word_1_303' title='bbox 1815 3211 1868 3262; x_wconf 89' lang='lat' dir='ltr'>id</span> <span class='ocrx_word' id='word_1_304' title='bbox 1903 3230 2032 3266; x_wconf 86' lang='lat' dir='ltr'>asse-</span> 
     </span>
     <span class='ocr_line' id='line_1_38' title="bbox 193 3294 2033 3364; baseline 0.003 -15"><span class='ocrx_word' id='word_1_305' title='bbox 193 3306 343 3350; x_wconf 89' lang='lat' dir='ltr'>cutus</span> <span class='ocrx_word' id='word_1_306' title='bbox 383 3297 510 3359; x_wconf 91' lang='lat' dir='ltr'>sim,</span> <span class='ocrx_word' id='word_1_307' title='bbox 543 3295 691 3364; x_wconf 65' lang='lat' dir='ltr'>[quod</span> <span class='ocrx_word' id='word_1_308' title='bbox 733 3294 810 3345; x_wconf 88' lang='lat' dir='ltr'>Tu</span> <span class='ocrx_word' id='word_1_309' title='bbox 845 3295 1070 3355; x_wconf 86' lang='lat' dir='ltr'>volebas,</span> <span class='ocrx_word' id='word_1_310' title='bbox 1106 3298 1206 3347; x_wconf 88' lang='lat' dir='ltr'>iam</span> <span class='ocrx_word' id='word_1_311' title='bbox 1248 3298 1323 3347; x_wconf 91' lang='lat' dir='ltr'>Tu</span> <span class='ocrx_word' id='word_1_312' title='bbox 1369 3298 1474 3363; x_wconf 85' lang='lat' dir='ltr'>ipse</span> <span class='ocrx_word' id='word_1_313' title='bbox 1515 3297 1775 3351; x_wconf 65' lang='lat' dir='ltr'>iudicabis</span> <span class='ocrx_word' id='word_1_314' title='bbox 1845 3302 2033 3361; x_wconf 89' lang='lat' dir='ltr'>Quodsi</span> 
     </span>
     <span class='ocr_line' id='line_1_39' title="bbox 195 3385 2032 3459; baseline 0.004 -20"><span class='ocrx_word' id='word_1_315' title='bbox 195 3396 365 3440; x_wconf 84' lang='lat' dir='ltr'>tamen</span> <span class='ocrx_word' id='word_1_316' title='bbox 407 3387 529 3440; x_wconf 90' lang='lat' dir='ltr'>satis</span> <span class='ocrx_word' id='word_1_317' title='bbox 571 3386 681 3438; x_wconf 89' lang='lat' dir='ltr'>Tibi</span> <span class='ocrx_word' id='word_1_318' title='bbox 712 3385 915 3438; x_wconf 85' lang='lat' dir='ltr'>fecerim</span> <span class='ocrx_word' id='word_1_319' title='bbox 956 3395 1007 3440; x_wconf 89' lang='lat' dir='ltr'>et</span> <span class='ocrx_word' id='word_1_320' title='bbox 1035 3387 1174 3439; x_wconf 85' lang='lat' dir='ltr'>labor</span> <span class='ocrx_word' id='word_1_321' title='bbox 1208 3403 1383 3449; x_wconf 82' lang='lat' dir='ltr'>meuS,</span> <span class='ocrx_word' id='word_1_322' title='bbox 1430 3388 1565 3454; x_wconf 89' lang='lat' dir='ltr'>quod</span> <span class='ocrx_word' id='word_1_323' title='bbox 1599 3389 1684 3442; x_wconf 86' lang='lat' dir='ltr'>vix</span> <span class='ocrx_word' id='word_1_324' title='bbox 1719 3407 1915 3459; x_wconf 84' lang='lat' dir='ltr'>sperare</span> <span class='ocrx_word' id='word_1_325' title='bbox 1947 3412 2032 3447; x_wconf 86' lang='lat' dir='ltr'>au-</span> 
     </span>
    </p>
   </div>
  </div>
 </body>
</html>
