2150 3990
435 234 487 288 L.
512 233 598 288 ιν.
641 229 893 288 0.xx1V.
935 230 976 304 5
1001 236 1073 286 co
1110 261 1185 271 -
1225 230 1479 288 mxxvi
1523 233 1673 306 §65.
1867 239 1970 292 185

163 386 312 457 prius
334 382 550 440 tribuno
569 382 736 456 plebis
750 381 1006 439 afflictam
1027 388 1081 437 ct
1094 382 1442 438 constrictam
1462 382 1848 456 rempublicam
1872 392 1977 441 tra·

158 484 452 541 didissent:
493 484 547 540 id
569 491 748 541 autem
769 482 952 540 foedus
978 499 1097 538 meo
1114 483 1378 555 sanguine
1405 483 1575 539 ictum
1607 484 1808 539 sanciri
1829 501 1981 557 posse

159 583 424 640 dicebant.
503 583 619 652 Qua
658 600 718 640 re
755 582 1040 657 patefacta,
1094 583 1289 658 (neque
1326 584 1472 639 enim
1504 583 1834 640 dissimulari
1867 591 1980 640 tan·

160 690 278 739 tum
309 681 486 739 scelus
522 690 759 756 poterat,
798 700 897 740 nec
938 682 1127 758 latere)
1167 683 1581 758 promulgantur
1630 701 1739 741 uno
1774 684 1982 741 eodem·

157 800 264 858 que
296 790 535 858 tempore
566 785 870 857 rogationes
905 783 974 841 ab
1003 784 1188 842 eodem
1221 786 1440 842 tribuno
1477 785 1544 843 de
1588 802 1708 843 mea
1746 786 1985 860 pernicie

159 890 216 941 et
253 883 319 942 de
357 885 649 959 provinciis
681 885 962 941 consulum
1002 886 1336 942 nominatim.
1415 890 1508 943 65.
1548 885 1649 943 Hic
1676 893 1796 942 tum
1833 902 1981 943 sena-

152 991 250 1042 tus
287 984 579 1052 sollicitae,
636 1002 823 1043 omnes
860 986 1068 1060 equites
1106 987 1362 1053 excitati,
1413 984 1569 1043 Italia
1616 993 1815 1045 cuncta
1865 1003 1981 1061 pcr-

158 1092 304 1143 mota
323 1125 339 1153 ,
395 1102 582 1143 omnes
626 1086 856 1160 denique
907 1087 1149 1143 omnium
1200 1103 1460 1159 generum
1525 1094 1688 1160 atque
1733 1086 1985 1144 ordinum

152 1187 304 1243 cives
335 1201 578 1243 summae
617 1185 943 1259 reipublicae
967 1203 1000 1242 a
1036 1185 1347 1242 consulibus
1382 1192 1545 1258 atque
1582 1202 1615 1242 a
1640 1202 1854 1243 summo
1886 1188 1984 1244 im·

158 1286 309 1361 perio
343 1284 633 1359 petendum
659 1300 777 1340 esse
798 1284 1066 1340 auxilium
1103 1283 1511 1340 arbitrabantur
1529 1324 1545 1349 ,
1583 1300 1753 1356 quum
1776 1285 1854 1340 illi
1886 1286 1984 1342 soli

152 1389 367 1450 essent,
402 1388 618 1459 praeter
649 1381 914 1439 furiosum
958 1381 1112 1438 illum
1139 1381 1439 1453 ,tribunum
1459 1423 1476 1448 ,
1521 1382 1630 1439 duo
1660 1383 1987 1456 reipublicae

158 1483 431 1551 turbines,
481 1483 577 1559 qui
608 1499 716 1541 non
754 1482 915 1541 modo
949 1483 1328 1558 praecipitanti
1360 1484 1568 1557 patriae
1599 1501 1707 1541 non
1737 1485 1985 1543 subveni-

154 1590 280 1642 rent
297 1625 313 1651 ,
364 1582 465 1643 sed
507 1599 627 1642 eam
664 1584 830 1641 etiam
868 1584 1101 1641 nimium
1141 1582 1294 1641 tarde
1337 1583 1620 1641 concidere
1658 1594 1984 1644 maererent.

157 1683 528 1758 Flagitabatur
575 1683 643 1742 ab
676 1683 766 1742 his
808 1683 1049 1759 quotidie
1080 1700 1249 1757 quum
1290 1683 1525 1757 querelis
1563 1683 1823 1744 bonorum
1874 1703 1985 1744 om-

155 1787 308 1844 nium
328 1828 344 1854 ‚
382 1793 502 1844 tum
532 1786 697 1844 etiam
730 1785 982 1861 precibus
1005 1792 1256 1852 senatus,
1297 1792 1360 1843 ut
1390 1802 1566 1843 meam
1592 1802 1841 1843 caussam
1868 1804 1983 1846 sus·

157 1886 427 1962 ciperent,
479 1893 702 1962 agerent
739 1885 978 1961 aliquid:
1034 1885 1267 1961 denique
1305 1885 1374 1943 ad
1413 1893 1660 1943 senatum
1706 1887 1987 1944 referrent.

162 1986 230 2046 Hi
265 2004 377 2047 non
413 1988 572 2047 modo
615 1987 860 2062 negando
878 2030 895 2055 ‚
933 1986 1028 2044 sed
1063 1987 1230 2044 etiam
1281 1985 1557 2044 irridendo
1594 1986 1988 2062 amplissimum

156 2104 428 2164 quemque
466 2088 614 2146 illius
642 2087 848 2145 ordinis
885 2085 1324 2160 insequebantur.

217 2283 424 2348 ‘XXVL
502 2293 592 2348 64.
633 2289 734 2347 Hic
777 2289 956 2346 subito
994 2304 1164 2362 quum
1197 2285 1530 2346 incredibilis
1566 2288 1623 2344 in
1665 2288 1988 2364 Capitolium

150 2389 452 2449 multitudo
468 2406 541 2447 ex.
560 2395 683 2467 xtota
707 2389 847 2447 Urbe
865 2395 1169 2462 cunctaque
1196 2387 1357 2446 Italia
1381 2388 1746 2456 convenisset,
1785 2399 1988 2449 vestem

161 2490 476 2558 mutandam
514 2475 701 2549 omnes
719 2530 736 2556 ,
774 2505 968 2562 meque
1014 2488 1123 2544 iam
1154 2487 1304 2544 omni
1342 2487 1550 2544 ratione
1569 2529 1585 2555 ,
1621 2490 1834 2563 privato
1865 2508 1987 2548 con·

151 2593 280 2651 silio
319 2592 595 2669 (quoniam
632 2590 863 2666 publicis
906 2589 1136 2648 ducibus
1185 2588 1489 2663 respublica
1537 2590 1769 2665 careret)
1807 2590 1986 2649 desen·

158 2693 395 2750 dendum
432 2699 711 2767 putarunt.
792 2692 932 2748 Tum
983 2692 1192 2765 equites
1237 2690 1465 2748 Romani
1517 2697 1573 2747 et
1607 2707 1796 2748 omnes
1827 2691 1950 2749 boni
1970 2737 1986 2759 ‚

161 2798 321 2850 veste
339 2799 590 2859 mutata„
610 2808 669 2850 se
701 2809 799 2867 pro
834 2809 955 2849 meo
991 2793 1167 2865 capite
1200 2791 1268 2848 ad
1300 2791 1462 2864 pedes
1495 2791 1701 2848 lenonis
1736 2794 1985 2866 impuris·

161 2894 286 2951 simi
317 2894 684 2968 proiecerunt:
724 2894 964 2966 quicum
993 2892 1243 2967 precibus
1263 2893 1377 2948 suis
1396 2909 1583 2948 omnes
1603 2908 1636 2947 a
1654 2891 1862 2952 latrone
1892 2893 1984 2949 illo

161 2992 430 3068 repudiati
468 2999 612 3048 sunt.
691 2996 780 3048 65.
820 2993 951 3050 Erat
987 2992 1175 3050 eodem
1219 3000 1461 3067 tempore
1502 2999 1723 3048 senatus
1762 2994 1818 3047 in
1855 2993 1986 3054 aede

145 3094 513 3160 Concordiae,
553 3093 694 3167 quod
716 3095 895 3167 ipsum
920 3094 1181 3168 templum
1203 3093 1637 3168 repraesentabat
1667 3095 1982 3156 memoriam

148 3194 475 3253 -consulatus
513 3195 619 3250 mei
640 3238 655 3260 ,
705 3211 873 3268 quum
927 3194 1061 3251 flens
1110 3196 1395 3251 universus
1439 3193 1568 3249 ordo
1612 3195 1981 3252 cincinnatum

166 3295 437 3366 consulem
489 3295 694 3352 orabat:
750 3313 872 3352 nam
908 3295 1042 3352 alter
1075 3295 1162 3352 ille
1213 3295 1464 3352 horridus
1501 3302 1555 3350 et
1598 3313 1816 3351 severus
1862 3314 1981 3353 con-

167 3396 306 3452 sulto
337 3413 393 3452 se
426 3396 567 3452 domi
603 3396 921 3453 continebat.
1005 3397 1117 3466 Qua
1151 3405 1266 3453 tum
1307 3396 1555 3469 superbia
1587 3415 1810 3454 coenum
1853 3398 1981 3453 illud

167 3515 227 3552 ac
255 3497 396 3555 labes
419 3499 734 3573 amplissimi
775 3499 975 3559 ordinis
1011 3517 1192 3572 preces
1227 3506 1276 3555 ct
1321 3498 1740 3558 clarissimorum
1780 3501 1979 3555 civium
