2158 4030
555 240 608 296 1..
634 243 697 297 ιι.
742 242 874 296 0211.
919 243 957 313 §
984 245 1013 295 5
1058 272 1130 280 -
1169 260 1211 294 ο.
1237 241 1301 295 11.
1346 241 1457 313 §a
1851 245 1918 296 57

106 395 386 451 Biennium
419 394 749 466 provinciam
778 392 1039 456 obtinuit,
1067 409 1233 463 quum
1262 391 1397 446 alter
1417 406 1590 445 annus
1613 391 1666 444 in
1690 392 1926 457 vilitate,

102 497 240 551 alter
280 497 334 550 in
379 512 591 550 summa
623 494 847 548 caritate
881 492 1060 546 suerit.
1141 491 1279 546 Num
1313 498 1408 544 aut
1443 492 1497 544 in
1532 490 1737 544 vilitate
1772 507 1923 546 num-

105 613 254 651 mum
287 601 467 650 arator
491 596 776 666 quisquam
797 592 971 656 dedit,
999 599 1092 646 aut
1120 593 1174 646 in
1202 594 1427 646 caritate
1461 591 1525 646 de
1554 592 1926 646 aestimatione

106 696 362 750 frumenti
384 702 607 766 questus
633 696 748 750 est?
828 693 966 762 Quid
990 699 1005 730 ¹
1042 709 1228 747 eorum
1262 692 1564 746 scribarum
1599 693 1923 747 mentionem

102 795 325 859 faciam,
353 811 486 866 quos
512 799 723 850 constat
749 794 1115 849 sanctissimos
1145 792 1387 847 homines
1420 781 1926 864 atque'innocentis-

105 895 272 951 simos
306 894 505 951 fuisse?
572 897 684 966 Ego
718 896 783 951 de
815 896 949 950 meis
983 895 1081 950 hoc
1115 894 1264 959 dice,
1303 911 1472 966 quum
1513 894 1568 948 in
1609 893 1794 949 Sicilia
1833 912 1928 967 pro

107 995 376 1052 frumento
421 997 732 1052 civitatibus
788 996 1074 1069 pecuniam
1124 995 1384 1050 solverem
1436 1001 1491 1049 et
1543 1011 1755 1049 mecum
1795 994 1930 1050 duos

106 1095 496 1168 frugalissimos
530 1096 772 1151 homines
803 1096 1008 1151 scribas
1047 1095 1328 1160 haberem,
1367 1095 1423 1149 L.
1446 1095 1743 1150 Mamilium
1782 1103 1837 1151 et
1870 1096 1927 1151 1..

29 1233 36 1243 ·
104 1198 381 1270 Sergium:
423 1214 527 1252 non
557 1197 712 1251 modo
741 1198 871 1251 istas
899 1197 1033 1250 duas
1053 1197 1554 1268 quinquagesimaS,
1595 1196 1686 1251 sed
1714 1198 1932 1252 omnino

108 1296 652 1353 nummumnullum
698 1296 952 1367 cuiquam
998 1313 1114 1350 esse
1166 1295 1477 1350 deductum.
1575 1301 1626 1350 ὕ.
1669 1297 1814 1351 Sed²
1855 1300 1929 1352 ita

104 1396 277 1454 multa
327 1397 526 1452 Romae
565 1403 860 1468 geruntur,
914 1401 975 1450 ut
1010 1396 1098 1449 vix
1138 1411 1235 1459 ea,
1274 1411 1412 1467 quae
1445 1394 1584 1450 liunt
1625 1396 1678 1450 in
1719 1399 1930 1468 provin·

99 1499 236 1565 ciis,
276 1497 584 1554 audiantur.
665 1496 841 1552 Vere³
894 1494 1228 1551 mehercules
1279 1494 1380 1550 hoc
1431 1494 1643 1551 dicam:
1695 1497 1774 1551 sic
1817 1504 1931 1552 tum

99 1598 506 1665 existimabam,
547 1598 681 1654 nihil
708 1597 951 1653 homines
975 1597 1124 1653 aliud
1150 1598 1378 1662 Romae,
1419 1598 1523 1652 nisi
1550 1596 1617 1652 de
1643 1606 1932 1670 quaestura

104 1718 225 1758 mea
259 1699 426 1775 loqui.
501 1699 784 1756 Frumenti
818 1699 874 1753 in
913 1714 1126 1753 summa
1158 1699 1385 1754 caritate
1417 1698 1713 1753 maximum
1749 1715 1932 1754 nume·

104 1820 228 1860 rum
264 1803 547 1859 miseram:
589 1800 1013 1873 negotiatoribus
1051 1800 1219 1855 comis
1242 1842 1256 1865 ,
1297 1801 1687 1856 mercatoribus
1727 1802 1933 1866 iustus,

103 1904 468 1977 municipibus
499 1902 765 1967 liberaliS,
805 1902 964 1957 sociis
997 1901 1301 1965 abstinenS‚
1336 1901 1584 1955 omnibus
1611 1919 1757 1957 eram
1787 1903 1934 1957 visus

106 2007 167 2062 in
207 2005 357 2060 omni
394 2003 568 2060 officio
619 2002 1083 2075 diligentissimus.
1176 2003 1480 2073 Excogitati
1521 2002 1739 2075 quidam
1779 2011 1935 2058 erant

103 2125 135 2163 a
174 2106 372 2163 Siculis
395 2105 630 2161 *honores
663 2105 720 2159 in
759 2121 845 2159 me
885 2103 1132 2158 inauditi.
1213 2106 1264 2156 6.
1307 2103 1495 2174 ltaque
1527 2102 1626 2157 hac
1660 2121 1752 2175 spe
1785 2104 1934 2159 dece·

104 2197 326 2272 debam,
365 2213 429 2262 ut
460 2206 594 2261 mihi
621 2204 877 2279 populum
911 2205 1212 2259 Romanum
1243 2203 1385 2258 ultro
1416 2205 1595 2259 omnia
1627 2203 1933 2261 delaturum

102 2315 368 2383 putarem.
447 2308 517 2363 At
554 2324 681 2378 ego,
723 2323 891 2378 quum
930 2322 1060 2360 casu
1099 2304 1287 2360 (liebus
1321 2305 1412 2370 iis,
1452 2306 1665 2360 itineris
1704 2305 1933 2362 faciendi

105 2427 326 2475 caussa,
383 2407 644 2464 decedens
701 2424 731 2462 e
788 2407 1093 2479 provincia,
1152 2405 1398 2460 Puteolos
1450 2405 1587 2461 sorte
1638 2408 1934 2470 venissem,

103 2527 271 2584 quum
303 2508 524 2583 plurimi
556 2514 610 2563 et
642 2507 932 2562 lautissimi
966 2506 1138 2561 solent
1171 2522 1287 2561 esse
1322 2507 1375 2560 in
1419 2507 1485 2563 iis
1525 2506 1689 2566 locis:
1723 2508 1933 2563 concidi

103 2627 301 2686 paene,
351 2625 520 2682 quum
565 2623 631 2662 ex
681 2623 768 2662 me
819 2606 1039 2679 quidam
1091 2608 1423 2678 quaesisset,
1475 2625 1583 2679 quo
1633 2608 1721 2663 die
1766 2609 1933 2664 Roma

39 2756 42 2757 ν
107 2713 334 2769 exissem
350 2753 364 2778 ,
385 2717 440 2767 et
459 2709 852 2782 numquidnam
867 2715 1008 2763 esset
1024 2709 1165 2763 novi.
1198 2710 1294 2763 Cui
1317 2725 1487 2781 quum
1508 2710 1932 2782 respondissem,

107 2832 194 2871 me
218 2830 249 2870 e
278 2812 556 2887 provincia
575 2810 857 2867 decedere:
886 2811 1043 2865 etiam
1063 2810 1386 2875 mehercule,
1414 2812 1620 2883 inquit,
1648 2822 1704 2866 ut
1725 2812 1904 2884 opinor
1921 2856 1933 2877 ‚

108 2934 174 2971 ex
213 2915 415 2989 Africa.
494 2914 634 2968 Huic
672 2930 769 2984 ego
809 2913 917 2967 iam
951 2912 1293 2967 stomachans
1333 2910 1635 2977 fastidiose,
1673 2914 1833 2967 immo
1866 2932 1933 2967 ex

34 3010 39 3013 ’
109 3018 320 3082 Sicilia,
361 3017 597 3088 inquam.
689 3015 827 3068 Tum
862 3014 1116 3085 quidam,
1170 3014 1323 3085 quasi
1377 3014 1469 3084 qui
1516 3014 1695 3067 omnia
1739 3015 1933 3078 sciret,

107 3119 272 3192 quid?
316 3126 370 3171 ιιι
402 3116 595 3179 nesciri,
637 3115 841 3186 inquit,
882 3115 1016 3168 hune
1057 3114 1332 3186 Syracuse-'s
1365 3122 1686 3185 quaestorem
1724 3115 1932 3187 fuisse?

110 3218 248 3287 Quid
288 3217 491 3272 multa?
546 3215 729 3270 destiti
769 3216 1129 3280 stomachari,
1172 3222 1225 3270 et
1266 3231 1350 3268 me
1392 3231 1561 3268 unum
1601 3231 1664 3269 ex
1706 3216 1772 3269 iis
1802 3215 1933 3279 feci,

105 3321 197 3393 qui
230 3319 297 3373 ad
330 3335 496 3390 aquas
528 3317 814 3371 venissent.

167 3553 204 3609 ¹)
237 3548 345 3595 lbid.
378 3565 413 3596 c,
433 3552 503 3593 78.
529 3551 672 3607 §182
709 3575 762 3582 -—
800 3551 839 3608 2)
864 3565 934 3612 pro
960 3547 1130 3592 Plancio
1154 3564 1188 3592 c.
1207 3550 1279 3592 26.
1308 3549 1423 3606 §63.
1458 3575 1515 3584 -
1547 3551 1587 3606 5)
1606 3546 1717 3594 lbid.
1750 3549 1865 3605 §64
