2210 3970
570 237 623 295 L.
648 239 735 296 IX.
778 236 935 294 c.1V.
979 238 1019 311 §
1050 239 1115 290 12
1154 265 1229 274 —
1266 251 1313 288 c.
1341 229 1399 287 V.
1443 233 1483 308 §
1513 237 1594 288 15.
1888 230 2000 288 399

170 407 338 449 eram.
416 390 598 461 Quum
637 390 842 465 aliquid
881 387 1163 444 videbatur
1200 385 1378 440 caveri
1406 399 1589 457 posse,
1628 384 1747 437 tum
1781 380 1835 436 id
1874 397 2004 453 nege

173 490 268 563 ligi
307 487 575 547 dolebam:
637 498 821 563 postea
859 505 1014 554 vero,
1065 486 1265 543 eversis
1304 483 1554 539 omnibus
1592 481 1782 547 rebus,
1833 497 2004 554 quum

174 591 396 648 consilio
427 590 615 664 profici
652 589 787 645 nihil
820 595 1035 662 posset,
1073 604 1182 643 una
1220 587 1359 641 ratio
1392 584 1702 648 videbatur,
1742 580 2006 654 quidquid

170 693 437 757 eveniret,
470 689 611 746 serre
639 690 941 755 moderate,
974 688 1319 762 praesertim,
1350 701 1518 758 quum
1546 684 1790 739 omnium
1822 698 2008 738 rerum

173 807 319 847 mors
369 790 444 846 sit
491 796 827 853 extremum,
880 796 935 845 et
991 788 1126 844 mihi
1177 788 1281 843 sim
1321 787 1601 850 consciuS,
1659 800 1775 849 me,
1834 780 2009 855 quoad

166 891 420 956 licuerit,
478 890 732 963 dignitati
782 889 1108 963 reipublicae
1143 888 1514 953 consuluisse,
1552 893 1609 942 et
1659 885 1759 941 hac
1811 884 2011 939 amissa

174 990 407 1048 salutem
438 992 674 1048 retinere
718 992 969 1047 noluisse.
1049 991 1162 1063 Ego
1182 997 1199 1030 ¹
1240 990 1386 1046 enim
1438 990 1486 1044 is
1536 1004 1687 1099 suta„
1733 987 1827 1059 qui
1876 983 2012 1041 nihil

176 1107 436 1165 umquam
482 1110 604 1150 mea
643 1095 851 1167 potiuS‚
901 1109 1066 1165 quam
1102 1108 1347 1147 meorum
1403 1091 1606 1146 civium
1653 1104 1845 1145 caussa
1877 1086 2011 1142 sece-

177 1192 310 1248 rim:
370 1194 460 1248 cui
514 1194 619 1249 nisi
671 1193 953 1248 invidisset
990 1194 1304 1265 PompeiuS,
1355 1199 1410 1248 et
1466 1193 1581 1264 ipse
1637 1173 1827 1246 beatus
1873 1193 2021 1244 esset

174 1299 233 1350 'et
271 1308 457 1350 omnes
494 1292 637 1347 boni.
716 1291 832 1347 Non
852 1298 874 1330 ²
911 1292 1058 1347 enim
1098 1308 1224 1346 cum
1264 1308 1449 1346 socero
1486 1290 1685 1345 bellum
1728 1290 2017 1361 gessisset;

178 1409 287 1450 non
330 1393 634 1464 imparatus
675 1406 827 1446 arma
873 1392 1225 1462 sumpsisset;
1266 1406 1370 1445 non
1410 1390 1630 1445 domum
1678 1389 2021 1461 reliquisset;

179 1508 286 1550 non
306 1508 373 1548 ex
405 1490 560 1549 ltalia
581 1489 831 1563 fugissem
872 1505 980 1545 non
1001 1533 1016 1556 ,
1053 1491 1298 1547 exercitu
1337 1493 1564 1557 amisso,
1605 1490 1786 1545 nudus
1819 1490 1875 1544 in
1907 1505 2021 1544 ser-

179 1606 371 1650 vorum
409 1590 614 1648 ferrum
647 1597 703 1648 et
741 1608 936 1647 manus
970 1590 1278 1657 incidisset;
1316 1608 1422 1646 non
1462 1591 1616 1647 liberi
1655 1590 1872 1653 defleti:
1912 1605 2018 1645 non

178 1692 427 1751 fortunae
453 1709 639 1750 omnes
659 1709 691 1750 a
720 1692 1017 1749 victoribus
1050 1693 1471 1766 possiderentur.
1556 1697 1641 1748 14.
1674 1693 1788 1766 Ego
1806 1699 1828 1732 ⁸
1858 1708 1980 1749 aum
2003 1734 2020 1757 ,

181 1794 277 1867 qui
316 1792 519 1850 nullius
557 1793 669 1848 vim
707 1792 828 1865 plus
861 1793 1040 1849 valere
1072 1794 1214 1849 volui
1237 1837 1253 1860 ,
1292 1808 1456 1867 quam
1491 1793 1777 1850 honestum
1817 1794 2018 1849 otium:

183 1891 463 1966 idemque,
515 1908 685 1966 quum
739 1892 831 1948 illa
876 1894 992 1966 ipsa
1030 1910 1217 1960 arma,
1269 1911 1406 1967 quae
1445 1912 1657 1969 semper
1695 1897 1984 1950 timueram
2006 1936 2025 1959 ,

184 1993 307 2069 plus
343 2008 498 2067 posse
535 1994 710 2059 sensi,
759 2009 923 2066 quam
965 1994 1117 2050 illum
1158 2012 1481 2052 consensum
1521 1996 1812 2062 bonorum,
1860 2012 2023 2068 quem

186 2108 285 2166 ego
316 2093 460 2150 idem
485 2092 796 2157 effeceram;
836 2096 1025 2166 quavis
1063 2102 1184 2151 tuta
1222 2096 1527 2152 conditione
1559 2113 1746 2169 pacem
1779 2098 2030 2168 accipere

188 2193 386 2260 malui,
439 2210 602 2267 quam
639 2195 848 2250 viribus
886 2211 1016 2250 cum
1053 2196 1347 2252 valentiore
1385 2213 1644 2269 pugnare.
1724 2197 1796 2252 lis
1816 2202 1837 2236 ⁴
1877 2197 2024 2252 enim

189 2295 350 2352 rebus
399 2294 805 2368 praestabamus
824 2338 840 2360 ,
895 2313 1032 2369 quae
1078 2314 1188 2352 non
1228 2297 1520 2376 prodeunt·
1556 2299 1615 2352 in
1666 2299 1867 2353 aciem:
1919 2313 2026 2353 usu

187 2402 371 2452 autem
436 2411 712 2452 armorum
777 2402 834 2451 et
890 2396 1127 2451 militum
1185 2397 1375 2452 robore
1441 2396 1722 2453 inferiores
1786 2413 2027 2453 eramus,

190 2495 295 2554 Sed
313 2502 338 2535 ⁸
381 2495 690 2552 mehercule
728 2502 782 2551 et
820 2502 939 2551 tum
980 2496 1371 2569 rempublicam
1410 2496 1690 2570 lugebam,
1742 2514 1880 2571 quae
1918 2514 2026 2555 non

188 2596 363 2654 solum
400 2597 516 2653 suis
547 2612 676 2668 erga
708 2613 819 2662 me,
858 2596 953 2653 sed
985 2598 1150 2653 etiam
1183 2599 1320 2654 meis
1350 2615 1481 2671 erga
1513 2614 1571 2655 se
1602 2598 1877 2655 beneficiis
1908 2607 2029 2656 erat

190 2697 327 2755 mihi
370 2698 580 2763 carior,
639 2704 694 2752 et
744 2697 844 2753 hoc
889 2705 1159 2772 tempore,
1211 2717 1548 2773 quamquam·
1594 2717 1682 2756 me
1730 2717 1837 2756 non
1888 2703 2036 2757 ratio

193 2798 368 2856 solum
399 2797 734 2863 consolatur,
775 2815 913 2870 quae
951 2799 1248 2872 plurimum
1287 2801 1445 2857 debet
1482 2801 1660 2858 valere
1679 2844 1695 2868 ‚
1735 2801 1827 2857 sed
1861 2803 2031 2858 etiam

193 2898 336 2964 dies,
388 2915 527 2972 quae
569 2899 752 2955 stultis
796 2917 1007 2973 quoque
1045 2902 1250 2959 mederi
1290 2903 1452 2969 solet,
1505 2910 1686 2958 tamen
1725 2902 1876 2958 doleo
1896 2945 1910 2968 ,
1951 2904 2035 2958 ita

197 3016 314 3058 rem
345 3016 688 3057 communem
721 3017 838 3057 esse
871 3001 1157 3075 dilapsam,
1195 3011 1260 3060 ut
1292 3022 1367 3060 ne*
1398 3022 1528 3078 spes·
1552 3004 1795 3078 quidem,
1834 3003 2038 3059 melius

196 3100 483 3174 aliquando
527 3101 639 3157 fore
660 3145 674 3168 ,
730 3101 1085 3176 relinquatur.
1182 3110 1268 3161 15.
1309 3106 1417 3161 Nec
1465 3122 1590 3160 vero
1631 3111 1759 3160 tunc
1810 3104 2035 3177 quidem

263 3323 302 3379 ι)
333 3319 471 3382 Epist.
501 3319 556 3364 ad
588 3322 631 3364 1..
658 3319 910 3364 Mescinium
944 3320 1018 3378 (ad
1053 3324 1172 3367 Fam.
1196 3326 1246 3367 V.
1275 3326 1348 3367 21.
1382 3323 1490 3380 §2.)
1521 3349 1580 3358 —-
1610 3326 1651 3382 ⁹)
1683 3325 1806 3368 Tusc.
1838 3325 1872 3368 1.
1899 3337 1935 3367 c.
1954 3325 2035 3366 35-

200 3398 319 3455 §860
350 3422 409 3431 -——
438 3398 480 3457 ³)
511 3396 646 3458 Epist.
674 3397 728 3443 ad
757 3400 801 3442 L.
819 3398 1070 3444 Mescinium
1099 3400 1175 3459 (ad
1201 3405 1317 3446 Fam.
1343 3403 1391 3445 V.
1418 3403 1490 3444 21.
1517 3403 1624 3460 §2.)
1658 3428 1716 3435 —
1747 3402 1791 3460 4)
1816 3399 1950 3462 Epist.
1975 3399 2035 3444 ad

203 3475 253 3519 A.
285 3477 556 3537 Torquatum
600 3474 674 3534 (ad
700 3477 818 3521 Fam.
851 3477 987 3522 v1.1.
1024 3479 1133 3539 §5.)
1164 3504 1223 3514 -
1257 3480 1299 3537 ⁵)
1332 3478 1466 3540 Epist.
1495 3478 1547 3525 ad
1582 3480 1763 3526 Curium
1800 3481 1871 3538 (ad
1907 3483 2024 3525 Fam,

204 3553 296 3597 vn.
329 3553 401 3597 28.
435 3554 543 3611 §3.)
