2210 3970
270 238 378 290 648
736 250 1065 289 ANNALES
1123 250 1632 290 elcERoMANt.

343 380 432 455 (1¹)
475 382 520 435 A
559 379 867 434 consulibus
898 379 1061 434 huius
1097 381 1222 435 anni
1256 380 1367 436 lata
1398 380 1502 438 suit
1533 381 1619 436 lex
1656 380 1814 436 lunia
1850 383 2090 446 Licinia.

266 477 333 536 ab
365 481 648 552 utriusque
684 480 899 534 nomine
933 479 1112 545 dicta,
1152 481 1308 535 cuius
1340 482 1541 535 mentio
1572 481 1632 535 fit
1664 499 1738 536 111.
1781 499 1826 536 c.
1850 487 1902 543 9.
1944 487 2032 538 27.

326 579 464 624 Schol.
508 579 611 624 Bob.
650 579 704 624 ad
735 582 854 625 Orat.
886 596 963 642 pro
988 580 1132 625 Sextio
1163 598 1203 642 p.
1239 583 1343 626 310.
1376 580 1553 625 Licinia
1587 588 1632 625 et
1665 581 1798 629 Iunia
1839 582 2095 628 consulibus

265 657 520 706 auctoribus
559 658 732 702 Licinio
763 660 949 702 Murena
981 665 1025 702 et
1057 659 1188 702 Iunio
1228 657 1384 702 Silano
1408 656 1592 719 perlata
1622 657 1744 703 illud
1787 659 1994 716 cavebat,
2039 676 2094 704 ne

263 731 380 779 clam
409 735 583 780 aerario
628 735 765 797 legem
805 734 972 795 inferri
1005 735 1182 796 liceret,
1230 735 1439 797 quoniam
1473 733 1590 796 leges
1631 736 1681 779 in
1728 738 1901 780 aerario
1941 735 2094 781 conde-

263 811 438 858 bantur.
502 811 618 858 Conf.
642 813 726 858 Cic.
745 811 855 858 Phil.
875 826 921 860 v.
947 829 985 858 c.
1004 817 1045 858 3.
1076 816 1116 858 8.
1148 811 1205 857 ad
1235 817 1330 859 Att.
1358 825 1410 857 11.
1439 814 1483 858 9.
1510 816 1552 857 1.
1586 824 1653 859 lv.
1687 817 1763 859 16.
1795 818 1836 860 5.
1866 812 1913 858 in
1946 813 2092 859 Vatia.

261 907 298 936 ο.
316 894 391 936 14.
420 894 494 935 33.

339 992 426 1067 (¹²)
468 992 725 1047 Extremo
782 1009 922 1047 anno
978 993 1035 1047 P.
1087 992 1337 1058 Clodius,
1398 995 1532 1066 App.
1578 993 1755 1059 filius,
1809 994 2090 1066 Pompeiae

262 1076 502 1149 Geesaris
541 1093 726 1148 uxoris
761 1109 941 1148 amore
979 1100 1202 1165 captuS‚
1257 1110 1426 1166 quum
1465 1094 1521 1148 in
1560 1093 1677 1148 eius
1715 1092 2087 1170 domofBonae

259 1194 400 1249 Deae
442 1210 539 1265 pro
575 1191 769 1265 populo
809 1192 988 1258 fieret,
1040 1193 1178 1248 clam
1219 1201 1367 1250 veste
1419 1193 1672 1250 muliebri
1711 1194 1989 1265 ingressus
2034 1199 2089 1248 et

262 1294 480 1366 agnitus
515 1292 656 1348 foras
695 1293 928 1350 eiicitur.
972 1311 1040 1348 1v.
1084 1311 1129 1348 ο.
1157 1299 1207 1348 7.
1244 1299 1331 1349 15.
1368 1312 1417 1349 v.
1446 1312 1491 1349 c.
1517 1299 1604 1349 55.
1642 1297 1731 1348 92.

322 1389 471 1430 Asoon.
503 1384 551 1428 in
577 1383 722 1430 Milon.
750 1401 789 1446 p.
809 1387 882 1430 52.
916 1387 969 1430 P.
1003 1384 1183 1429 Clodius
1200 1418 1215 1443 ‚
1246 1402 1384 1447 quum
1414 1385 1561 1430 adhuc
1591 1392 1803 1446 quaestor
1829 1384 2090 1447 desig-natus

262 1469 401 1519 esset,
435 1460 730 1523 deprehensus
756 1469 851 1521 est,
883 1480 1019 1524 quum
1050 1464 1267 1508 intrasset
1293 1478 1367 1520 eo,
1398 1462 1478 1507 ubi
1507 1464 1786 1526 sacrificium
1807 1481 1894 1527 pro
1917 1465 2088 1527 populo

259 1543 454 1586 Romano
476 1540 635 1602 fiebat.
704 1539 833 1598 Quod
845 1540 1030 1599 factum
1055 1547 1261 1585 notatum
1292 1547 1362 1584 est
1386 1555 1416 1584 a
1446 1548 1605 1588 senatu
1621 1577 1635 1600 ,
1668 1543 1975 1607 decretumque
1990 1577 2004 1601 ,
2036 1551 2092 1589 ut

260 1626 391 1663 extra
421 1617 617 1662 ordinem
638 1617 855 1662 iudicium
878 1618 1031 1679 fieret.
1095 1618 1235 1663 Schol.
1271 1615 1373 1662 Bob.
1397 1617 1453 1663 ad
1478 1607 1599 1666 Orat.
1627 1620 1674 1665 in
1699 1620 1818 1666 Clod.
1847 1629 1893 1666 et
1913 1620 2088 1668 Curion-

260 1714 304 1759 p.
321 1699 426 1742 329.
464 1697 597 1741 Visus
628 1702 698 1740 est
731 1697 808 1754 (P.
840 1696 1040 1757 Clodius)
1076 1698 1126 1741 in
1158 1695 1283 1741 domo
1309 1695 1550 1757 pontificis
1581 1699 1769 1744 maximi
1808 1701 1854 1744 G.
1884 1701 2089 1745 Caesaris

260 1773 541 1835 eiuedemque
566 1775 791 1836 praetoris
815 1774 1032 1820 incestum
1049 1774 1224 1833 fecisse
1254 1789 1354 1818 cum
1381 1774 1478 1818 eius
1507 1790 1647 1820 uxore
1677 1778 1889 1838 Pompeia
1902 1812 1917 1836 ,
1951 1795 2088 1839 quum

261 1855 309 1897 eo
353 1858 545 1914 tempore
567 1867 654 1913 per
695 1850 892 1896 Vestales
927 1851 1124 1913 virgines
1161 1858 1205 1895 et
1235 1858 1462 1895 matronas
1495 1850 1830 1898 honestissimas
1862 1856 1912 1900 in
1938 1862 2086 1916 operto

258 1933 409 1975 Bonae
437 1932 555 1973 Deae
580 1929 860 1990 sacrificium
892 1930 1005 1973 viris
1031 1929 1232 1974 omnibus
1257 1930 1530 1974 inaccessum
1551 1929 1713 1990 fiebat.
1781 1931 1900 1975 Unde
1936 1931 2089 1993 elapso

261 2017 409 2054 tamen
439 2006 614 2064 Clodio,
645 2022 809 2067 maqna
837 2005 1009 2050 invidia
1028 2007 1285 2067 percrebuit
1311 2015 1356 2052 et
1385 2007 1581 2067 infamia
1612 2008 2000 2066 caerimoniarum,
2033 2017 2087 2054 ut

260 2094 444 2132 senatus
470 2085 694 2130 decernere
725 2091 973 2144 cogeretur,
1004 2084 1125 2133 omni
1149 2082 1387 2146 diligentia
1417 2084 1649 2131 consulum
1665 2086 2086 2147 pervestigandum,

257 2166 301 2209 si
350 2162 470 2225 quod
499 2169 615 2207 esset
636 2160 838 2222 publicis
878 2161 1171 2223 religionibus
1213 2162 1407 2208 inlatum
1427 2163 1684 2227 flagitium.
1747 2163 1967 2210 Plutarch.
2000 2165 2085 2211 cie.

263 2259 300 2287 c.
319 2246 392 2287 28.
422 2247 463 2288 1.
513 2236 613 2286 εἷΗν
644 2238 872 2294 Κλώδιος
903 2239 1020 2304 ἀνήρ
1051 2240 1279 2305 εὐγενής,
1332 2245 1390 2302 τῇ
1423 2239 1512 2304 μὲν
1545 2241 1715 2303 ἡλικίᾳ
1746 2240 1884 2300 νέος,
1931 2244 1996 2306 τῷ
2028 2242 2084 2291 δὲ

259 2320 532 2384 φρονήματι
572 2322 768 2384 θρασύς
795 2325 878 2368 καὶ
917 2322 1159 2381 αὐθάδης.
1223 2312 1380 2375 Οὗτος
1409 2322 1533 2385 ἐρῶν
1563 2324 1823 2382 Πομπηίας
1850 2325 1933 2380 τῆς
1963 2326 2088 2371 Καί-

260 2415 406 2465 σαρος
423 2399 646 2464 γυναικὸς
661 2403 734 2453 εἰς
756 2401 840 2460 τήν
857 2405 1018 2449 οἰκίαν
1037 2402 1194 2448 αὐτοῦ
1213 2387 1696 2464 παρεισῆλθεκρύφα
1713 2403 1872 2464 λαβὼν
1895 2405 2083 2465 ἐσθῆτα

258 2485 342 2529 καὶ
373 2483 547 2540 σκευήν
578 2483 817 2544 ψαλτρίας
836 2499 847 2509 ·
892 2481 1042 2528 ἔθυον
1073 2482 1245 2544 γάροῑ
1279 2489 1498 2544 γυναῖκες
1531 2482 1615 2541 τήν
1655 2483 1929 2548 ἀπόρρητον
1961 2488 2085 2535 ἐκεί-

259 2580 347 2621 νην
386 2564 469 2607 καὶ
512 2559 727 2607 ἀθέατον
770 2559 977 2622 ἀνδράσι
1010 2564 1195 2607 θυσίαν
1223 2559 1275 2606 ἐν
1307 2565 1364 2620 τῇ
1405 2563 1495 2606 τοῦ
1525 2565 1775 2626 Καίσαρος
1804 2568 1964 2628 οἰκίᾳ,
1997 2571 2081 2613 καὶ

258 2643 413 2703 παρῆν
455 2639 573 2702 ἀνήρ
608 2639 805 2691 οὐδεὶς·
856 2640 978 2687 ἀλλά
1010 2641 1264 2703 μειράκιον
1304 2638 1372 2685 ὢν
1403 2638 1478 2685 ἔτι
1517 2643 1600 2687 καὶ
1642 2644 1781 2704 μήπω
1824 2647 2020 2708 γενειῶν
2057 2647 2083 2693 ό

258 2720 480 2775 Κλώδιος
521 2719 692 2780 ,ἤλπιζε
739 2719 984 2777 λήσεσθαι
1032 2720 1210 2774 διαδυς
1241 2718 1361 2781 πρὸς
1393 2717 1477 2777 τήν
1517 2722 1779 2782 Πομπηίαν
1821 2727 1944 2786 μετὰ
1989 2728 2083 2773 τῶν

258 2801 511 2865 γυναικῶν.
579 2801 668 2851 Ὣς
687 2798 730 2844 δ’
747 2801 954 2856 εἰσῆλθε
981 2800 1156 2853 νυκτὸς
1180 2802 1252 2852 εἰς
1280 2801 1441 2846 οἰκίαν
1466 2802 1698 2863 μεγάλην,
1733 2805 1960 2866 ἠπορεῖτο
1985 2807 2083 2852 τῶν

259 2881 472 2928 διόδων·
520 2880 602 2925 καὶ
634 2877 946 2939 πλανώμενον
992 2879 1147 2941 αὐτὸν
1179 2879 1356 2928 ἰδοῦσα
1386 2879 1639 2942 Αὐρηλίας
1669 2885 1965 2947 θεραπαινὶς
1998 2889 2082 2944 τῆς

258 2965 506 3023 Καίσαρος
551 2958 733 3021 μητρὸς
775 2959 950 3018 ᾔτησεν
995 2959 1166 3022 ὄνομα.
1240 2958 1560 3023 Φθέγξασθαι
1601 2962 1645 3008 δ’
1687 2950 2080 3027 ἀναγκασθέντος

258 3041 446 3088 ἐκείνου
478 3042 560 3091 καὶ
586 3037 830 3098 φήσαντος
853 3038 1129 3087 ἀκόλουθον
1143 3043 1403 3100 Πομπηίας
1432 3035 1582 3088 οὖσαν
1601 3041 1829 3106 ἀνέκραγε
1854 3044 1944 3091 καὶ
1969 3062 2078 3092 συν-

253 3125 418 3170 εκάλει
454 3122 539 3174 τὰς
581 3127 819 3183 γυναῖκας.
893 3119 962 3165 Αἱ
991 3119 1036 3165 δ’
1073 3120 1428 3170 ἀποκλείσασαι
1475 3123 1562 3176 τὰς
1593 3124 1759 3185 θύρας
1791 3127 1872 3170 καὶ
1920 3125 2078 3172 πάντα

254 3199 625 3265 διερευνώμεναι
666 3197 966 3258 λαμβάνουσι
1012 3198 1095 3245 τὸν
1131 3199 1360 3247 Κλώδιον
1392 3203 1465 3254 εἷς
1503 3194 1680 3265 οἴκημα
1716 3202 2011 3262 παιδίσκης,
2045 3197 2073 3263 ᾗ

253 3284 576 3340 συνεισῆλθε,
613 3281 1026 3343 καταπεφευγότα.
1093 3284 1191 3326 Τοῦ
1219 3280 1274 3329 δὲ
1306 3284 1584 3347 πράγματος
1620 3281 1912 3345 περιβοήτου
1942 3299 2079 3346 γενο-

253 3360 422 3423 μένου,
457 3362 653 3421 Καῖσάρ
680 3378 731 3407 τε
759 3359 846 3424 τήν
873 3361 1134 3421 Πομπηίαν
1167 3359 1322 3419 ἀφῆκε
1349 3365 1431 3408 καὶ
1459 3362 1484 3388 *
1499 3363 1524 3388 ³¹⁶
1540 3363 1683 3421 δίκην
1714 3360 1938 3422 ἀσεβείας
1963 3361 2074 3408 ἀπε·

253 3441 469 3504 γράψατο
508 3441 572 3502 τῷ
610 3441 837 3503 Κλωδίῳ.
869 3439 954 3486 cfr.
987 3440 1101 3485 Plut.
1133 3443 1246 3485 Caes.
1279 3458 1314 3486 c.
1341 3444 1370 3485 9
1401 3458 1463 3504 sq.
1535 3442 1613 3487 Dio
1644 3453 1826 3487 xxxvn.
1854 3457 1890 3485 e.
1922 3445 1993 3486 45.
2029 3445 2072 3487 1.

251 3519 358 3567 Κάν
391 3522 550 3582 τούτῳ
593 3520 621 3565 ὁ
650 3525 869 3583 Καῖσαρ,
919 3522 1006 3565 τοῦ
1046 3517 1272 3565 Κλωδίου
1316 3524 1403 3567 τοῦ
1448 3522 1702 3567 Πουπλίου
1746 3521 1828 3580 τήν
1871 3527 2071 3584 γυναῖκα
