2210 3970
596 201 960 262 1..1x.10.v1.
1004 205 1043 278 g
1074 207 1139 258 16
1178 233 1253 243 -
1295 203 1379 258 vl.
1422 206 1462 276 5
1492 208 1575 258 ιε.
1897 206 1999 259 401

174 355 516 413 acerbissime
547 358 862 429 scripserat:
905 355 1047 412 filius
1077 370 1203 410 vero
1234 353 1464 411 mirifico
1496 353 1633 410 odio.
1693 352 1835 408 Nihil
1870 353 1999 425 fingi

173 463 346 528 potest
370 456 545 522 mali,
603 474 708 530 quo
756 473 859 512 non
912 472 1148 528 urgerer.
1254 459 1337 510 17.
1381 452 1573 510 Omnia
1618 461 1800 509 tamen
1844 461 2000 510 erant

176 554 442 622 faciliora,
494 571 656 629 quam
707 558 913 630 peccati
964 557 1139 622 dolor,
1196 556 1290 628 qui
1341 562 1395 610 et
1452 556 1723 611 maximus
1778 559 1896 608 erat
1946 559 2002 608 et

177 662 454 713 aeternus:
495 657 652 711 cuius
685 657 889 729 peccati
917 658 964 711 si
995 656 1165 712 socios
1190 655 1497 711 habuissem
1525 671 1651 727 ego,
1691 670 1825 727 quos
1850 659 2001 726 puta-

172 771 382 821 veram,
433 761 616 811 tamen
649 754 838 812 suisset
877 756 1164 812 consolatio
1201 756 1397 812 tenuis,
1479 754 1582 811 Sed
1614 753 1843 809 habebat
1873 752 1999 808 alio-

171 871 295 912 rum
322 856 576 911 'omnium
610 856 747 912 ratio
786 857 1028 922 e‘xitum,
1086 871 1207 911 mea
1238 854 1464 910 nullum.
1544 852 1650 909 Alii
1688 853 1869 926 capti,
1908 851 2002 908 alii

172 955 453 1012 interclusi
486 973 592 1012 non
630 956 914 1012 veniebant
947 957 1002 1012 in
1030 956 1254 1013 dubium
1286 955 1353 1011 de
1383 954 1687 1020 voluntate,
1725 970 1789 1010 eo
1819 954 2003 1010 minus

172 1054 377 1113 scilicet
397 1097 412 1122 ,
469 1072 638 1129 quum
677 1073 734 1112 se
767 1056 1126 1130 expediissent
1164 1063 1219 1112 et
1257 1073 1365 1111 una
1402 1073 1520 1112 esse
1558 1055 1875 1128 coepissent.
1954 1053 2001 1110 Ii

171 1161 354 1212 autem
395 1157 533 1230 ipsi,
581 1158 674 1230 qui
714 1173 812 1213 sua
850 1156 1126 1212 voluntate
1162 1156 1230 1212 ad
1274 1155 1491 1213 Fufium
1535 1163 1824 1222 venerant,
1864 1152 2002 1210 nibil

168 1263 445 1328 poterant,
485 1258 588 1313 nisi
622 1257 830 1322 timidi,
870 1258 1187 1312 existimari.
1267 1257 1421 1312 Multi
1454 1263 1637 1312 autem
1657 1262 1838 1321 erant,
1878 1255 1998 1327 qui,

170 1356 497 1429 quicumque
528 1362 713 1420 erant,
752 1354 909 1410 modo
941 1355 1008 1410 ad
1042 1355 1160 1410 illos
1205 1371 1263 1410 se
1303 1356 1544 1428 recipere
1575 1355 1803 1419 vellent,
1850 1370 1995 1410 rece·

167 1461 330 1529 ptum.
361 1455 436 1510 iri
474 1453 810 1511 videbantur.
903 1454 1018 1524 Quo
1049 1454 1233 1511 minus
1264 1454 1421 1511 debet
1459 1456 1584 1528 quis
1621 1454 1848 1520 mirari,
1888 1470 1994 1510 non

163 1557 402 1630 potuisse
450 1571 539 1613 me
581 1561 733 1613 tanto
782 1554 951 1612 dolori
1006 1557 1276 1613 resistere.
1376 1556 1554 1613 Solius
1608 1557 1755 1613 enim
1811 1570 1996 1612 meum

167 1663 449 1731 peccatum
493 1656 692 1729 corrigi
729 1672 835 1712 non
874 1662 1112 1731 poterat,
1163 1663 1219 1713 et
1258 1655 1484 1715 fortasse
1520 1657 1710 1720 Laelii;
1757 1658 1955 1731 quippe
1974 1662 1994 1697 ¹

165 1756 688 1832 quiexoeptionibus
709 1756 1010 1814 edictorum
1038 1759 1421 1815 retineremur:
1444 1775 1584 1833 quae
1610 1760 1786 1815 sinon
1814 1765 1997 1815 essent

162 1857 447 1917 sedulitate
472 1880 474 1882 ·
497 1856 716 1915 effectae
766 1864 821 1914 et
871 1857 1239 1915 benevolentia
1297 1860 1502 1925 Attici,
1559 1859 1803 1916 licuisset
1860 1857 1996 1915 mihi

163 1957 333 2042 abire«
361 1959 419 2015 in
456 1958 772 2016 solitudines
809 1957 1034 2033 aliquas,
1124 1959 1277 2016 Nunc
1318 1977 1386 2017 ne
1425 1959 1478 2015 id
1517 1959 1737 2034 quidem
1780 1958 1993 2016 licebat.

165 2058 276 2115 ΕΗ
314 2059 587 2116 Brundisii
619 2061 826 2116 maneri
859 2059 1066 2115 diutius
1099 2076 1205 2115 non
1237 2066 1480 2132 poterat;
1520 2061 1628 2115 iam
1647 2066 1671 2099 ⁸
1703 2060 1848 2115 enim
1882 2077 1995 2116 cor·

165 2176 293 2232 pore
323 2160 414 2215 vix
451 2158 782 2216 sustinebam
817 2160 1137 2232 gravitatem
1170 2160 1334 2215 huius
1366 2160 1530 2225 caeli,
1569 2176 1709 2233 quae
1745 2160 1881 2217 mihi
1922 2160 1995 2215 la·

84 2283 90 2287 κ
165 2259 349 2316 horem
381 2258 637 2316 afferebat
656 2261 711 2315 in
745 2259 940 2316 dolore.
1006 2264 1090 2316 18.
1134 2259 1294 2315 Venit
1313 2263 1336 2298 ⁴
1368 2259 1586 2332 quidem
1608 2259 1675 2314 ad
1694 2275 1783 2315 me
1816 2258 1993 2315 Tullia

157 2376 277 2415 mea
297 2358 472 2433 pridie
492 2358 619 2415 Idus
638 2360 808 2415 Iunii:
841 2360 997 2415 cuius
1015 2367 1038 2398 ⁵
1071 2359 1290 2415 morbus
1310 2367 1364 2416 et
1385 2360 1725 2415 imbecillitas
1752 2361 1992 2433 corporis

151 2464 238 2516 me
259 2459 464 2517 du'dum
484 2461 904 2517 exanimaverat.
958 2462 1073 2532 Ego
1094 2467 1116 2499 ⁰
1149 2468 1330 2516 autem
1351 2478 1417 2516 ex
1438 2461 1610 2534 ipsius
1630 2462 1833 2516 virtute
1848 2504 1863 2526 ,
1891 2461 1987 2517 hu·

149 2563 433 2629 mannate,
473 2563 672 2636 pietate
693 2579 799 2617 non
828 2561 984 2617 modo
1013 2579 1131 2617 eam
1152 2561 1480 2635 voluptatem
1504 2579 1608 2617 non
1634 2565 1783 2636 cepi,
1821 2579 1985 2636 quam

147 2669 340 2736 capere
352 2680 418 2720 ex
438 2663 700 2736 singulari
723 2663 831 2719 filia
846 2664 1004 2719 debui
1020 2682 1032 2727 ;
1047 2663 1139 2719 sed
1154 2665 1318 2720 etiam
1340 2665 1643 2720 incredibili
1665 2684 1787 2721 sum
1808 2666 1987 2722 dolore

145 2762 400 2829 affectus,
438 2763 546 2819 tale
579 2764 857 2836 ingenium
879 2765 935 2819 in
957 2771 1068 2819 tam
1089 2765 1287 2820 misera
1310 2764 1524 2821 fortuna
1549 2768 1790 2832 versari,
1826 2767 1987 2840 idque

143 2863 388 2919 accidere
407 2863 554 2930 nullo
573 2864 744 2936 ipsius
763 2864 981 2930 delicto,
1009 2883 1221 2922 summa
1241 2867 1397 2939 culpa
1418 2884 1553 2922 mea.
1609 2868 1716 2923 Nec
1736 2868 1983 2923 videbam

143 2981 260 3020 esse
298 2968 570 3030 caussam,
610 2982 709 3020 cur
747 2964 885 3020 hanc
918 2965 1125 3023 diutius
1166 2985 1378 3023 mecum
1413 2975 1564 3023 tanto
1612 2971 1668 3022 in
1707 2970 1983 3023 communi

143 3081 388 3121 maerore
426 3066 733 3121 retinerem.
814 3066 999 3139 Itaque
1025 3070 1187 3123 matri
1221 3086 1370 3133 eam,
1411 3086 1578 3140 quum
1614 3070 1851 3140 primum
1886 3086 1982 3142 per

143 3166 313 3238 ipsam
355 3165 570 3230 liceret,
609 3166 811 3220 remisi.
893 3166 1134 3222 Filium⁷
1165 3176 1346 3224 autem
1381 3176 1497 3223 erat
1525 3169 1677 3223 nobis
1711 3170 1767 3223 in
1798 3171 1979 3224 animo

205 3348 244 3404 ¹)
275 3346 330 3390 ad
353 3349 446 3392 Att.
472 3350 546 3392 XI.
575 3348 616 3390 9.
640 3350 662 3405 §
684 3351 723 3392 1.
753 3372 810 3381 —-—
838 3348 1006 3406 2)1bid.
1026 3351 1096 3395 XI.
1123 3354 1199 3395 15.
1231 3353 1314 3408 §3.
1337 3375 1394 3383 —-
1420 3350 1458 3408 ³)
1480 3349 1588 3395 Ibid.
1606 3353 1679 3396 XI.
1710 3354 1785 3397 22.
1813 3354 1897 3411 52.
1915 3377 1975 3388 --

141 3422 183 3481 4)
214 3422 347 3484 Epist.
379 3423 432 3469 ad
455 3426 701 3471 Terentiam
734 3426 808 3483 (ad
836 3429 955 3472 Fam.
983 3431 1094 3474 XIV.
1132 3431 1226 3485 11.)
1261 3453 1318 3462 —-
1350 3430 1390 3486 ⁵)
1423 3427 1478 3472 ad
1504 3431 1596 3472 Att.
1622 3432 1695 3475 XI.
1729 3432 1771 3474 6.
1798 3431 1883 3488 54.
1912 3454 1971 3463 --

141 3502 181 3578 f)
215 3500 324 3546 thid.
350 3504 421 3548 XI.
457 3507 527 3548 17.
556 3506 632 3562 §L
668 3532 725 3540 -
759 3509 795 3565 7)
826 3505 955 3567 Epist.
985 3506 1038 3552 ad
1070 3505 1313 3551 Terentiam
1346 3505 1420 3563 (ad
1447 3508 1564 3552 Fam.
1584 3508 1692 3553 XIV.
1720 3511 1815 3567 11.)

1599 3582 1663 3632 26
