2210 3970
193 206 299 256 578
659 217 985 256 ANNALES
1038 218 1548 257 mentiosum.

249 347 402 394 Livius
430 360 538 393 xxv.
570 362 605 392 c,
626 349 700 392 31.
735 346 844 391 Urbs
876 345 1129 407 diripienda
1148 346 1293 391 militi
1321 347 1523 392 data-est
1555 350 1615 406 [a.
1633 350 1680 393 U.
1695 342 1743 392 C.
1762 351 1919 408 5423,
1951 365 2026 394 cu·

197 424 398 469 stodibus
430 424 590 469 divisis
608 441 694 485 per
719 424 869 469 domos
893 441 1069 482 eorum,
1101 426 1181 486 qui
1208 425 1329 469 intra
1348 424 1584 487 praesidia
1606 427 1804 469 Romana
1828 424 2027 482 fuerant.

206 503 351 561 Quum
392 500 534 544 multa
568 502 662 545 irae
679 534 692 558 ,
725 502 869 546 multa
905 502 1148 558 avaritiae,
1187 502 1330 561 foeda
1362 502 1562 564 &templa
1593 502 1845 558 ederentur,
1879 501 2031 547 Archi-

201 578 388 636 medem,
421 579 653 623 memoriae
667 580 900 641 proditum
928 587 1016 635 est,
1049 581 1097 624 in
1123 588 1246 625 tanto
1275 580 1499 636 tumultu,
1533 588 1749 642 quantum
1773 587 1906 641 capta
1925 580 2033 625 urbs

206 659 255 701 in
287 657 494 703 discursu
522 658 831 720 diripientium
861 657 1060 702 militum
1085 659 1198 704 ciere
1216 667 1423 721 poterat,
1454 659 1672 704 intentum
1693 657 1891 716 formis,
1922 673 2037 718 quas

204 735 252 780 in
294 736 478 797 pulvere
515 735 833 797 descripserat,
882 737 936 780 ab
979 736 1136 796 ignaro
1178 737 1361 792 milite,
1404 737 1508 798 quis
1549 744 1687 793 esset,
1734 733 2036 794 interfectum.

208 816 346 874 Aegre
384 814 437 858 id
464 815 725 859 Marcellum
759 814 919 859 tulisse
936 846 950 869 ,
982 813 1325 875 sepulturaeque
1350 831 1501 859 curam
1534 814 1763 860 habitam.-
1794 820 1839 856 ct
1854 812 2039 873 propin-

202 892 305 951 quis
351 892 483 935 etiam
527 891 765 952 inquisitis
807 890 962 934 honori
991 890 1307 951 praesidioque
1347 906 1502 936 nomen
1545 904 1599 936 ac
1645 891 1899 937 memoriam
1938 892 2036 936 eius

195 968 365 1024 fuisse.
816 979 819 982 ’

278 1055 340 1129 (4)
362 1084 363 1088 =
382 1054 606 1109 Iuvenes
633 1053 837 1125 aliquot
870 1053 1137 1107 Romanos
1162 1053 1429 1118 defendit,
1473 1055 1539 1109 ad
1573 1062 1874 1127 praetorem
1904 1057 2034 1111 Sici-

198 1155 302 1210 liae
335 1155 632 1226 ablegatos,
674 1154 815 1227 quod
850 1155 905 1208 in
936 1154 1072 1209 hello
1104 1155 1337 1210 molliter
1365 1173 1420 1211 se
1448 1157 1678 1227 gessisse
1709 1157 2034 1212 dicerentur.

266 1254 485 1301 Plutarch.
503 1254 585 1300 Cic.
603 1271 638 1299 c.
658 1259 700 1299 6.
729 1258 770 1298 1.
804 1257 943 1301 Ἐπεὶ
973 1253 1027 1301 δὲ
1055 1257 1230 1301 πολλοὶ
1267 1257 1362 1301 τῶν
1395 1255 1492 1302 ἀπὸ
1524 1256 1711 1326 ’,Ρώμης
1734 1256 1877 1314 νέων,
1907 1256 2036 1302 ἔνδο-

200 1335 279 1385 ξοι
313 1337 394 1380 καὶ
424 1336 671 1398 γεγονότες
706 1336 891 1391 καλῶς,
926 1338 1092 1381 αἰτίαν
1124 1335 1318 1394 ἔχοντες
1337 1334 1531 1389 ἀταξίας
1555 1341 1637 1383 καὶ
1654 1339 1895 1398 μαλακίας
1925 1339 2037 1398 περὶ

202 1415 290 1461 τὸν
325 1415 540 1474 πόλεμον
570 1411 950 1473 ἀνεπέμφθησαν
978 1412 1060 1459 ἐπὶ
1095 1413 1178 1459 τὸν
1211 1416 1480 1479 στρατηγὸν
1507 1419 1590 1474 τῆς
1625 1420 1889 1473 Σικελίας,
1921 1435 2037 1464 συν·-

202 1502 339 1540 εἴπεν
362 1492 536 1545 αὐτοῖς
565 1491 591 1537 ὁ
616 1491 833 1554 Κικέρων
860 1491 1110 1552 ἒπιφανῶς
1139 1496 1222 1539 καὶ
1249 1498 1602 1556 περιεποίησεν.

275 1596 338 1671 (⁵)
383 1597 443 1664 Q.
480 1597 801 1674 Hortensius
849 1596 948 1651 hoc
992 1612 1135 1651 anno
1174 1596 1447 1652 aedilitate
1487 1597 1707 1654 functus
1746 1607 1857 1665 est,
1897 1612 2034 1672 quae

201 1698 257 1751 in
308 1713 550 1751 annonae
590 1697 819 1751 caritate⁴
850 1696 1175 1769 reipublicae
1215 1696 1317 1753 fuit
1357 1698 1664 1755 utilissima.
1710 1718 1765 1755 11.
1808 1718 1856 1756 e.
1899 1691 1947 1755 i.
1985 1705 2035 1756 2.

202 1816 248 1852 c.
275 1801 362 1851 22.
406 1801 494 1852 60.

263 1899 406 1943 Cicero
430 1897 477 1940 in
501 1899 678 1940 Verrem
707 1899 803 1941 Act.
822 1909 871 1941 11.
900 1900 944 1941 L.
965 1909 1038 1941 111.
1065 1912 1101 1941 c.
1122 1899 1195 1941 92.
1221 1900 1325 1942 215.
1377 1897 1507 1956 Quod
1535 1899 1627 1942 nisi
1650 1901 1792 1944 omnis
1809 1899 2039 1959 frumenti

205 1975 322 2020 ratio
357 1992 410 2018 ex
437 1973 707 2035 temporibus
731 1981 847 2018 esset
878 1981 922 2018 et
952 1989 1151 2030 annona,
1181 1990 1267 2018 uon
1294 1991 1349 2018 eoe
1379 1992 1558 2020 numero
1589 1993 1729 2038 neque
1755 1995 1812 2022 ea·
1842 1996 2040 2034 summa,

205 2049 549 2107 consideranda5
580 2068 820 2112 numquam
852 2060 942 2096 tam
970 2053 1095 2113 grati
1127 2051 1176 2096 1ιί
1200 2053 1492 2114 sesquimodii
1506 2087 1521 2112 ,
1565 2055 1617 2114 Q.
1648 2057 1887 2113 Hortensi,
1910 2056 2041 2115 fuis·

203 2140 322 2187 sent,
353 2146 464 2192 quos
487 2138 538 2176 tu
565 2145 700 2191 quum
727 2128 790 2173 ad
811 2146 1044 2175 mensurae
1069 2137 1162 2174 tam
1185 2132 1392 2193 exiguam
1417 2132 1634 2177 rationem
1651 2133 1818 2194 populo
1844 2127 2040 2180 Romano

204 2211 252 2253 in
279 2210 431 2270 capita
458 2208 792 2269 descripsisses,
824 2209 1135 2270 gratissimum
1159 2207 1360 2254 omnibus
1374 2206 1554 2270 fecisti.
1622 2212 1798 2256 Caritas
1825 2213 1941 2256 enim
1962 2229 2039 2257 an·

204 2303 343 2331 nonae
365 2287 599 2345 faciebat,
635 2296 688 2334 ut
718 2287 865 2344 istuc,
897 2288 1017 2349 quod
1044 2305 1091 2332 re
1106 2303 1298 2348 parvum
1324 2286 1580 2343 videbatur,
1613 2297 1805 2350 tempore
1832 2307 2040 2352 magnum

206 2364 442 2409 videretur.
497 2365 620 2410 Idem
650 2367 771 2411 istuc
808 2366 851 2409 si
890 2367 939 2411 in
970 2366 1148 2410 vilitate
1170 2365 1340 2427 populo
1374 2367 1570 2411 Romano
1602 2365 1763 2429 largiri
1793 2367 2011 2412 voluisses
2028 2401 2041 2424 ‚

208 2443 404 2487 derisum
434 2451 563 2488 tuum
595 2444 856 2504 beneficium
888 2452 1006 2489 esset
1036 2451 1177 2505 atque·
1201 2451 1510 2505 contemptim.

289 2544 351 2618 (Β)
394 2545 454 2598 In
505 2545 763 2616 Hispania
832 2553 1019 2601 contra
1080 2547 1379 2602 Sertorium
1435 2548 1699 2602 acerrima
1756 2548 1957 2619 praelia
2015 2565 2046 2603 a

212 2646 465 2717 Pompeio·
498 2653 551 2700 et
598 2646 809 2701 Metello
849 2647 915 2701 ad
949 2647 1149 2702 flumen
1189 2646 1483 2702 Sucronem
1532 2647 1604 2722 (h.
1643 2647 1838 2722 Xucar)
1881 2656 1935 2703 et
1979 2649 2045 2704 ad

214 2745 432 2801 Turiam
478 2746 551 2820 (h.
602 2747 970 2822 Guadalaviar)
1013 2754 1295 2820 geruntur.
1338 2766 1406 2802 v1.
1448 2765 1495 2803 c.
1531 2751 1620 2804 25.
1654 2754 1743 2804 57.

273 2846 496 2907 Pompeius
534 2846 580 2891 in
620 2847 757 2908 Epist.
790 2847 844 2892 ad
884 2852 1096 2893 Senatum
1139 2848 1207 2906 (in
1237 2847 1418 2894 Sallust.
1450 2847 1605 2908 fragm.
1640 2849 1750 2895 nist.
1782 2865 1823 2911 p.
1857 2851 1947 2894 143
1979 2850 2045 2896 cd.

211 2922 350 2981 Gerl.)
400 2922 524 2981 Quid
563 2922 721 2969 deinde
740 2925 924 2987 praelia
961 2933 1044 2970 aut
1079 2926 1385 2987 expeditiones
1427 2925 1656 2983 hibernas,
1697 2925 1862 2988 oppida
1895 2927 2046 2971 excisa

211 3008 292 3044 aut
329 3008 517 3062 recepta*
530 3018 774 3047 enumerem
789 3004 821 3047 ‚²
864 3003 1040 3064 quando
1069 3019 1141 3048 res
1169 3005 1285 3066 plus
1315 3004 1464 3062 valet,
1514 3018 1648 3066 quam
1678 3004 1819 3049 verba.
1888 3005 2049 3048 Castra

213 3079 413 3123 hostium
450 3081 574 3141 apud
601 3083 839 3126 Sucronem
874 3090 1032 3142 capta,
1077 3090 1120 3126 et
1150 3083 1381 3144 praelium
1409 3083 1535 3145 apud
1555 3083 1734 3144 flumen
1765 3081 1958 3126 Durium
1990 3080 2048 3138 [l.

213 3157 449 3216 Turiam],
483 3165 526 3201 et
557 3158 877 3203 ‹qu'hostium
912 3161 955 3205 G.
988 3162 1235 3206 Herennius
1267 3178 1364 3207 cum
1397 3162 1506 3207 urbe
1541 3161 1746 3205 Valentia
1764 3167 1819 3206 „et
1849 3159 2046 3203 exercitu

215 3233 349 3277 deleti
389 3235 504 3279 satis
544 3234 668 3281 clara
699 3239 821 3282 vobis
851 3245 970 3283 sunt.
1042 3239 1260 3286 Plutarch.
1288 3244 1459 3289 Sertor.
1479 3257 1515 3286 c.
1543 3243 1623 3293 19.
1650 3243 1692 3285 1.
1739 3235 1932 3303 ῗῌτταις
1958 3235 2045 3298 μὲν

215 3305 301 3358 οὗν
337 3313 400 3374 τῷ
427 3318 683 3377 Σερτωρίῳ
710 3318 929 3370 πλείονες
959 3316 1273 3377 συνέβαινον,
1293 3346 1353 3353 -
1373 3311 1558 3381 οῗονβέν
1577 3322 1633 3380 τῇ
1651 3321 1761 3382 περὶ
1788 3320 2041 3379 Σούκρωνι

214 3393 343 3453 μάχῃ
381 3392 498 3455 πρὸς
528 3394 788 3455 Πομπήιον
827 3401 909 3442 καὶ
947 3396 1094 3443 πάλιν
1127 3395 1178 3441 ἕν
1212 3400 1270 3458 τῇ
1303 3402 1414 3461 περὶ
1457 3398 1693 3445 Τουττίαν
1725 3398 1778 3457 [Ι.
1813 3398 2042 3459 Τουρίαν]

208 3476 329 3532 πρός
368 3490 418 3518 τε
459 3477 635 3519 τοῦτον
677 3474 796 3536 ὁμοῦ
841 3479 921 3523 καὶ
961 3475 1229 3524 Μέτελλον.
1298 3480 1371 3523 ‘H
1403 3477 1499 3539 μὲν
1517 3473 1607 3524 οὖν
1649 3480 1758 3541 περὶ
1787 3480 2039 3540 Σούκρωνι
