2210 3970
279 281 383 332 752
744 291 1074 330 ANNALES
1133 295 1638 335 CICERONIANI.

275 424 420 486 legato
468 430 744 478 evocaverat,
784 423 1095 485 equitibusque
1138 426 1406 486 octinyentis
1437 434 1482 470 et
1515 427 1703 471 navibus
1736 427 1880 490 longis
1919 430 2105 476 Rhodiis

275 501 419 547 decem
457 510 500 546 et
540 501 756 545 Asiaticis
785 502 972 559 paucis,
1022 502 1341 548 Alexandriam
1369 506 1588 565 pervenit.
1621 531 1682 539 -—-
1711 506 2008 550 Alexandriae
2051 509 2104 553 de

273 581 476 640 Pompeii
500 588 638 624 morte
655 579 890 639 cognoscit.
955 579 1137 639 Appian.
1162 584 1206 625 B.
1226 585 1271 625 C.
1296 595 1345 627 11.
1375 598 1410 626 c.
1431 585 1502 626 88.
1535 582 1703 636 Αὐτὸς
1734 584 1777 629 δ’
1814 584 2098 648 (όΚαῖσαρ)

270 655 355 703 ἐπὶ
387 662 443 717 τῇ
478 662 589 721 νίκῃ
617 659 711 704 δύο
734 656 821 718 μὲν
858 657 1029 719 ἡμέρας
1063 657 1116 704 ἒν
1147 660 1681 724 Φαρσάλῳδιέτριψεῆ
1703 691 1763 725 ——ss
1798 668 1854 724 τῇ
1891 668 2030 726 τρίτῃ
2053 664 2098 708 δ’

271 735 525 795 ἐξήλαυνεν
555 736 637 784 ἐπὶ
663 739 747 795 τήν
774 736 834 786 ἕω
858 741 978 784 κατά
1006 741 1185 786 πύστιν
1210 744 1292 798 τῆς
1315 742 1580 802 Πομπηίου
1606 747 1770 808 φυγῆς.
1836 759 1874 788 e.
1894 746 1966 788 892
2001 746 2107 788 Πυ-

268 819 485 877 θόμενος
514 816 569 864 δὲ
592 819 851 877 Πομπήιον
875 817 950 864 ἐπ’
972 821 1226 882 Αἰγύπτου
1244 821 1509 883 φέρεσθαι,
1546 823 1827 870 διέπλευσεν
1852 827 1902 875 ἐς
1928 823 2104 868 ςΡόδον

270 900 352 943 καὶ
384 924 443 932 -
476 897 765 960 προσέταξεν
798 897 847 950 ές
885 899 1254 960 ’Λλεξάνδρειαν
1290 900 1549 963 φέρεσθαι.
1615 901 1731 947 Conf.
1760 901 1839 945 Dio
1866 914 1976 946 XLII.
2005 917 2042 946 c.
2062 905 2104 946 7.

268 974 486 1022 Plutarch.
521 979 634 1021 Caes.
668 991 709 1020 c.
729 974 866 1037 47⁴sq.
917 980 1101 1022 Zonaras
1128 990 1172 1022 x.
1207 982 1334 1024 c.10.

1025 1209 1342 1219 -Ἥ

1023 1222 1343 1230 ——ss-ae-—n

585 1398 842 1454 ANNUS
909 1399 1153 1455 VITAE
1214 1400 1639 1456 CICERONIS
1697 1402 1803 1457 LX.

595 1550 702 1606 [Kal.
738 1556 904 1598 Ianuar.
940 1557 1068 1597 incid.
1106 1559 1151 1597 in
1185 1558 1226 1599 d.
1266 1559 1325 1599 23
1362 1559 1509 1598 Octob.
1547 1559 1607 1599 48
1643 1573 1680 1599 a.
1714 1553 1776 1610 C.]

266 1690 431 1736 a.U.C.
633 1694 747 1735 Coss.
782 1696 826 1738 c,
861 1696 1030 1735 muns
1066 1696 1260 1737 CAESAR
1293 1697 1347 1737 11.
1383 1696 1644 1737 dictator.
1934 1695 2103 1738 a.A.C.
2140 1683 2142 1685 ’

301 1784 411 1828 707.
788 1787 839 1828 Μ.
874 1787 1122 1827 ANTONIUS
1155 1779 1416 1844 mjagister
1447 1787 1709 1840 equitum.
1979 1787 2057 1832 47.

344 1913 406 1989 (1)
449 1914 641 1970 Caesar
663 1914 859 1969 bellum
886 1917 1026 1987 gerit
1053 1916 1479 1971 Alexandrinum
1501 1922 1687 1987 contra
1711 1915 2100 1980 Ptolemaeum;

267 2031 373 2086 quo
406 2016 548 2069 victo
581 2033 627 2069 a.
669 2015 718 2068 d.
762 2034 828 2069 vl.
866 2017 980 2071 Kal.
1019 2018 1184 2089 April.
1234 2018 1328 2090 [τε
1360 2021 1427 2071 27
1464 2017 1618 2070 Mart.
1655 2021 1759 2071 707
1804 2036 1874 2066 =
1920 2022 1984 2072 14
2022 2019 2102 2073 Ia·-

263 2132 418 2170 nuar.
463 2120 532 2170 47
573 2133 622 2171 a.
649 2116 730 2191 G.]
777 2116 980 2188 aliquot
1008 2124 1191 2172 tamen
1225 2129 1436 2172 menses
1467 2125 1712 2171 moratur
1751 2117 1804 2170 in
1841 2117 2100 2191 Aegypta

265 2233 336 2271 1x.
379 2233 425 2271 ο.
450 2219 499 2270 6.
543 2221 632 2270 16.
939 2212 942 2215 ’

325 2316 472 2361 Livius
505 2317 619 2377 Epit.
657 2319 759 2361 112.
799 2319 960 2361 Caesar
977 2326 995 2372 ,”
1036 2318 1229 2364 dictator
1260 2328 1466 2375 creatus,
1505 2319 1781 2380 Cleopatram
1824 2320 1872 2363 in
1919 2336 2103 2381 regnum

265 2396 460 2457 Aegypti
486 2395 668 2439 reduxit
685 2428 698 2451 ‚
733 2403 777 2439 et
807 2396 1073 2454 inferentem
1103 2399 1264 2443 bellum
1288 2397 1448 2443 iisdem
1479 2398 1738 2442 auctoribus
1770 2393 2071 2440 Ptolemaeum
2089 2427 2104 2452 ‚

263 2474 426 2534 quibus
458 2475 714 2534 Pompeium
745 2474 1067 2532 interfecerat,
1101 2490 1200 2517 cum
1231 2489 1388 2534 magno
1421 2490 1502 2519 suo
1535 2474 1790 2519 discrimine
1810 2474 1931 2517 vicit.
1995 2475 2105 2518 Pto·

265 2551 458 2596 lemaeus
475 2551 578 2595 dum
592 2553 754 2613 fugit,
785 2555 834 2597 in
856 2553 956 2597 Nilo
973 2552 1182 2597 navicula
1203 2551 1415 2596 subsedit.
1478 2554 1656 2597 Sueten.
1675 2556 1788 2597 Caes.
1821 2568 1857 2597 c.
1871 2555 1944 2596 35.
1972 2552 2103 2596 Pom·

255 2630 412 2690 peium
443 2657 503 2664 —
524 2629 782 2689 fugientem
814 2629 1133 2674 Alexandriam
1156 2636 1422 2690 persecutus
1455 2631 1693 2688 (Caesar),
1726 2636 1780 2672 ut
1810 2629 2002 2672 occisum
2030 2628 2103 2673 de-

256 2706 519 2768 prehendit,
551 2723 650 2750 cum
675 2706 926 2751 Ptolemaeo
953 2725 1053 2769 rege
1071 2741 1084 2763 ,
1119 2725 1146 2750 a
1174 2723 1259 2768 quo
1287 2707 1377 2750 sibi
1402 2722 1575 2767 quoque
1606 2705 1801 2750 insidias
1828 2705 1952 2750 tendi
1981 2706 2101 2750 vide·

263 2784 341 2829 bat
357 2817 370 2839 ‚
405 2783 566 2828 bellum
587 2799 692 2826 sane
720 2783 1044 2845 difficillimum
1066 2786 1240 2846 gessit5
1270 2801 1408 2846 neque
1438 2784 1529 2828 Ioco
1551 2801 1689 2845 neque
1717 2792 1912 2850 tempore
1936 2793 2101 2844 aequo,

264 2861 345 2906 sed
368 2862 508 2907 hieme
535 2862 643 2905 anni
669 2869 714 2905 et
735 2862 857 2906 intra
882 2864 1054 2907 moenia
1080 2862 1379 2923 copiosissimi
1395 2879 1446 2906 ac
1472 2861 1758 2906 solertissimi
1781 2862 1944 2915 hostis,
1972 2863 2102 2922 inops

263 2941 369 3001 ipse,
391 2958 538 2985 rerum
569 2941 764 2984 omnium
795 2948 929 3002 atque
962 2942 1227 3002 imparatus.
1289 2943 1489 3002 Regnum
1523 2941 1718 3003 Aegypti
1747 2941 1888 2984 victor
1924 2939 2101 3000 Cleopa-

232 3038 236 3041 ’
266 3027 362 3063 trae
398 3018 637 3079 fratrique
677 3017 774 3061 eius
815 3019 979 3062 minori
999 3019 1227 3079 permisit.
1308 3019 1490 3080 Appian.
1521 3022 1566 3064 B.
1601 3022 1644 3063 C.
1683 3032 1734 3063 ΙΙ.
1768 3035 1803 3062 c.
1835 3021 1907 3063 89.
1940 3021 2042 3064 Καὶ
2078 3015 2104 3062 o‘

265 3095 355 3157 μὲν
404 3098 640 3159 (Καῖσαρ)
685 3100 846 3158 τρισὶν
890 3096 1091 3160 ἡμέραις
1139 3098 1368 3162 πελάγιος
1417 3098 1544 3159 ἀμφὶ
1595 3097 1679 3156 τήν
1729 3097 2102 3160 ’Λλεξάνδρειαν
2179 3158 2182 3159 ⁷

269 3170 340 3235 ἦν.
374 3201 434 3209 —-
466 3192 503 3220 c.
529 3179 603 3219 90.
638 3176 986 3238 Θορυβοῦντων
1021 3177 1065 3221 δ’
1102 3176 1183 3224 ἐπὶ
1220 3178 1340 3239 τῷδε
1366 3179 1462 3223 τῶν
1490 3177 1868 3240 Ἀλεξανδρέων,
1905 3182 1985 3224 καὶ
2016 3181 2100 3236 τῆς
2146 3231 2154 3239 ,

266 3258 502 3318 στρατιᾶς
542 3258 622 3313 τῆς
666 3256 925 3316 βασιλικῆς
958 3256 1034 3304 ἐπ’
1075 3257 1225 3304 αὐτὸν
1258 3259 1460 3316 ἰούσης,
1498 3257 1673 3321 ἀγῶνες
1706 3258 1838 3320 αὐτῷ
1875 3244 2098 3303 nonnil-(iv

265 3338 375 3395 περὶ
406 3334 462 3379 τὸ
483 3333 735 3395 βασίλειον
758 3335 979 3399 ἐγένοντο
1011 3364 1099 3382 --.
1170 3339 1449 3383 Τελευταῖον
1476 3337 1517 3382 δ’
1538 3337 1628 3383 ἀνὰ
1651 3337 1733 3383 τὸν
1753 3340 1936 3383 Νεῖλον
1965 3338 2098 3401 αὐτῷ

265 3418 480 3479 γίγνεται
513 3418 635 3476 πρὸς
670 3416 752 3462 τὸν
785 3417 991 3477 βασιλέα
1024 3416 1174 3481 ἀγὼν,
1206 3405 1241 3480 ᾧ
1271 3417 1331 3475 δὴ
1364 3421 1445 3463 καὶ
1476 3418 1693 3478 μάλιστα
1727 3416 1932 3479 ἐκράτει.
1995 3421 2097 3463 Καὶ

267 3494 317 3547 ἐς
349 3498 506 3540 ταῦτα
535 3496 893 3558 διετρίφθησαν
923 3498 1056 3559 αὐτῷ
1088 3499 1232 3558 μῆνες
1263 3495 1402 3542 ἐννέα
1421 3533 1431 3552 ,
1469 3497 1612 3560 μέχρι
1639 3500 1956 3559 Κλεοπάτραν
1984 3497 2095 3544 ἀντὶ

269 3578 358 3622 τοῦ
393 3573 606 3635 ἀδελφοῦ
640 3578 920 3638 βασιλεύειν
953 3577 1195 3636 ἀπέφηνεν
1225 3580 1493 3640 Αἰγύπτου.
1558 3581 1658 3625 Καὶ
1693 3578 1778 3625 τὸν
1806 3580 1988 3643 Νεῖλον
2012 3577 2094 3624 ἐπὶ
