2150 3990
277 249 380 296 150
736 273 743 283 ·
851 259 1062 298 cicssao
1109 261 1178 296 na
1227 260 1362 299 νιΤΑ
1412 260 1516 297 sua

270 377 437 472 quum
476 401 708 472 legeret,
767 399 906 470 quod
946 417 1042 471 ego
1087 399 1152 454 ad
1190 417 1311 455 eum
1333 444 1347 465 ,
1402 408 1461 455 ut
1494 400 1734 454 ornatius
1783 397 1848 453 de
1894 397 2080 453 iisdem

267 502 428 556 rebus
472 501 756 564 scriberet,
797 500 1084 563 miseram,
1143 517 1246 555 non
1291 501 1446 556 modo
1489 517 1592 554 non
1640 499 1932 562 excitatum
1970 514 2085 553 esse

266 602 334 656 ad
368 601 739 664 scribendum,
779 600 870 654 sed
903 601 1064 654 etiam
1098 600 1251 672 plane
1278 602 1614 655 deterritum.
1662 598 1801 666 Quid
1833 599 2082 670 quaeris?

266 701 579 756 conturbavi
619 701 874 755 Graecam
914 700 1199 754 nationem.
1279 701 1360 756 Ita
1381 700 1538 772 vulgo
1558 700 1650 772 qui
1683 696 1982 762 instabant,
2022 705 2084 753 ut

263 801 445 857 darem
486 801 587 855 sibi
608 843 622 865 ,
663 799 803 871 quod
842 807 1122 864 ornarent,
1170 802 1278 855 iam
1318 801 1566 856 exhihere
1604 799 1738 855 mihi
1782 799 2080 854 molestiam

262 901 600 957 destiterunt.
680 901 740 954 In
758 905 774 936 ¹
797 898 895 953 hoc
918 906 1099 954 autem
1119 901 1165 954 si
1185 900 1315 972 quid
1347 901 1480 965 erit,
1519 901 1660 973 quod
1679 900 1883 957 homini
1904 899 2080 955 Attico

259 1002 440 1056 minus
454 994 716 1056 Graecum
731 999 1110 1072 eruditumque
1128 1000 1399 1066 videatur,
1420 1017 1526 1056 non
1545 1002 1721 1057 dicam
1733 1043 1747 1065 ‚
1767 1001 1908 1073 quod
1928 1002 2078 1056 Pom-

258 1102 416 1174 ponio
454 1117 572 1156 meo
592 1141 607 1166 ,
647 1107 709 1155 ut
742 1101 928 1173 opinor
947 1143 963 1165 ,
1002 1101 1252 1156 Panormi
1285 1101 1540 1156 Lucullus
1584 1102 1650 1157 de
1681 1102 1796 1156 suis
1839 1101 2080 1156 historiis

255 1201 493 1269 dixerat,
515 1220 572 1258 se
592 1244 607 1267 ,
648 1218 753 1275 quo
775 1196 987 1257 facilius
1007 1201 1126 1258 illas
1151 1202 1402 1275 probaret
1428 1203 1654 1259 Romani
1673 1202 1907 1258 hominis
1933 1218 2078 1266 esse,

255 1301 458 1358 idcirco
489 1302 716 1359 barbara
748 1302 1012 1376 quaedam
1045 1309 1100 1358 et
1138 1303 1352 1360 σόλοικοι
1385 1303 1716 1376 dispersisse.
1798 1301 1954 1375 Apud
1990 1317 2078 1368 nie

251 1402 299 1457 si
332 1403 463 1475 quid
501 1404 606 1459 erit
637 1402 935 1468 eiusmodi,
974 1419 1062 1459 me
1100 1403 1438 1475 imprudente
1467 1405 1572 1459 erit
1608 1410 1663 1460 et
1701 1404 1886 1459 invito.
1950 1406 2075 1456 111.

251 1502 549 1558 Latinum
583 1504 746 1559 etiam
778 1502 1034 1575 perficere
1053 1502 1371 1574 cogitabam.
1448 1503 1518 1559 Et
1537 1508 1577 1568 ²,
1616 1503 1870 1575 quoniam
1900 1500 2076 1557 laudis

248 1601 546 1657 avidissimi
592 1618 803 1674 semper
859 1600 1098 1666 suimm,
1150 1603 1416 1657 tertium³
1472 1619 1692 1675 poema
1740 1600 2075 1668 meditabar,

248 1719 315 1758 ne
361 1702 503 1774 quod
547 1719 718 1774 genus
768 1717 800 1757 a
837 1717 926 1757 me
970 1702 1084 1774 ipso
1122 1701 1300 1757 laudis
1335 1719 1487 1759 meae
1530 1703 2070 1776 praetermitteretur.

248 1802 585 1876 Quamquam
642 1820 749 1858 non
807 1806 1191 1873 ἐγκωμιαστικά
1241 1811 1396 1860 erant
1446 1804 1579 1860 haec
1600 1847 1615 1870 ,
1673 1804 1766 1861 sed
1806 1806 2038 1878 ἱστορικά
2056 1844 2071 1867 ,

245 1920 383 1976 quae
414 1903 796 1960 scribebamus,
879 1908 1003 1960 112.
1045 1904 1446 1978 Epistolam⁴
1483 1905 1646 1960 etiam
1679 1904 1746 1960 ad
1785 1905 1878 1962 Cn.
1919 1907 2071 1962 Pom-

243 2004 426 2076 peium
463 2003 530 2059 de
554 2004 691 2059 meis
729 2004 889 2060 rebus
927 2006 1095 2077 gestis
1126 2012 1180 2061 et
1211 2005 1277 2061 de
1308 2021 1520 2061 summa
1551 2005 1877 2078 reipublicae
1913 2008 2070 2072 misi,

242 2104 300 2157 in
349 2119 457 2175 qua
507 2102 744 2159 furorem
803 2105 1172 2161 incredibilem
1192 2148 1209 2171 ,
1266 2105 1481 2160 hiennio
1538 2109 1664 2160 ante
1721 2111 2067 2179 conceptum,

240 2205 482 2276 erupisse
539 2204 596 2258 in
647 2220 765 2259 meo
802 2205 1088 2261 consulatu
1124 2205 1333 2278 scripsi.
1412 2202 1586 2272 Quam
1603 2210 1626 2242 ⁸
1670 2220 1769 2277 ego
1805 2205 1942 2261 mihi
1979 2206 2067 2262 ob-

240 2303 405 2359 fuisse
444 2321 550 2358 non
602 2303 844 2375 intelligo
864 2347 880 2370 ,
931 2305 1261 2378 reipublicae
1302 2304 1456 2361 video
1494 2304 1745 2378 prodesse
1801 2307 2067 2379 potuisse;

239 2421 364 2458 nam
384 2410 406 2442 θ
458 2403 677 2458 hercule
732 2405 904 2460 multa
955 2413 1010 2461 et
1066 2405 1303 2462 iucunda
1354 2405 1743 2461 consuetudine
1791 2407 2067 2462 coniuncti

236 2503 381 2557 inter
411 2518 508 2558 nos
527 2507 743 2557 eramus
761 2546 777 2569 ‚
818 2521 987 2576 usque
1006 2522 1069 2560 eo
1088 2548 1104 2570 ,
1144 2513 1205 2560 ut
1243 2505 1413 2560 nostri
1433 2506 1525 2560 isti
1544 2507 1917 2562 comissatores
1942 2523 2065 2562 con-

238 2604 550 2668 iurationiS,
588 2603 854 2659 barbatuli
889 2606 1136 2671 iuveneS,
1170 2606 1322 2662 illum
1356 2607 1413 2661 in
1453 2607 1789 2662 sermonibus
1827 2606 2062 2662 Gnaeum
2147 2631 2150 2634 ⁴

235 2705 543 2760 Ciceronem
594 2705 938 2777 appellarent.
1034 2712 1156 2763 115.
1197 2707 1324 2763 Fuit
1344 2713 1367 2744 ⁷
1422 2707 1587 2762 etiam
1639 2706 1773 2762 mihi
1831 2724 2060 2763 commo·

237 2805 396 2871 dum,
434 2839 510 2847 ——
547 2807 689 2878 quod
729 2808 784 2861 in
823 2809 902 2862 eis
946 2808 1277 2864 orationibus
1297 2851 1312 2874 ‚
1351 2825 1489 2881 quae
1527 2809 1854 2882 Philippicae
1892 2809 2060 2864 nomi-

236 2912 464 2971 nantur,
503 2907 774 2962 enituerat
811 2908 1194 2964 Demosthenes
1215 2952 1230 2975 ,
1282 2915 1335 2964 et
1374 2908 1516 2981 quod
1555 2926 1612 2964 se
1650 2909 1716 2964 ab
1755 2909 1855 2964 hoc
1893 2908 2056 2965 refra-

237 3005 457 3063 ctariolo
495 3006 735 3063 iudiciali
780 3007 992 3063 dicendi
1032 3026 1226 3081 genere
1271 3009 1625 3075 abiunxerat,
1663 3016 1725 3065 ut
1764 3013 2060 3081 σεμνότερός
2124 3022 2137 3042 .-

237 3129 315 3170 τις
339 3107 433 3162 καὶ
464 3108 864 3179 πολιτικώτερος
903 3110 1205 3174 videretur,
1244 3144 1318 3153 —
1357 3127 1583 3176 curare,
1635 3117 1697 3165 ut
1741 3126 1889 3166 meae
1928 3127 2054 3183 quo·
2128 3143 2133 3145 -

299 3394 337 3449 ¹)
368 3390 423 3436 ad
457 3397 549 3438 Att.
582 3397 617 3438 1.
650 3397 722 3439 19.
756 3397 871 3452 §io
914 3419 974 3427 -
1015 3393 1054 3449 2)
1086 3390 1137 3435 ad
1171 3394 1261 3435 Att.
1298 3392 1331 3435 1.
1366 3393 1437 3435 15.
1471 3392 1555 3447 §r
1601 3416 1656 3423 -
1690 3392 1729 3449 ³)
1765 3389 1876 3435 1hid.
1909 3392 1942 3434 1.
1977 3391 2049 3433 19.

237 3472 351 3525 §1st
402 3496 460 3504 --
508 3471 549 3530 4)
582 3487 658 3532 pro
688 3471 812 3516 Sulla
842 3487 877 3515 e.
902 3473 973 3514 24.
1007 3470 1032 3526 §
1060 3471 1130 3513 67.
1180 3493 1238 3501 ——
1287 3469 1327 3524 ⁵)
1360 3482 1433 3527 pro
1465 3467 1633 3512 Plancio
1654 3484 1691 3512 c.
1724 3471 1795 3512 34.
1831 3470 1855 3524 §
1884 3470 1957 3512 85.
1991 3492 2047 3501 —-

239 3547 278 3604 6)
307 3546 359 3592 ad
392 3550 481 3592 Ait.
515 3553 548 3594 l.
584 3553 654 3594 16.
682 3552 797 3605 §lh
837 3572 890 3583 —
923 3550 962 3607 7)
995 3546 1048 3592 ad
1081 3548 1314 3593 Att.11.1.
1348 3546 1430 3601 §3.
