2210 3970
325 222 515 279 1,.v11.
559 242 603 278 ο.
631 220 860 279 xxxvi.
903 218 1035 293 §97
1078 250 1151 259 -
1193 218 1553 274 0.xxxv111.
1597 218 1786 291 §10st
1879 222 1984 274 355

168 374 460 446 procedens
503 380 564 430 ut
597 375 662 429 in⁴
689 373 886 429 ceteris
923 371 1255 444 eloquentiae
1287 368 1531 442 partibus
1553 410 1568 434 ,
1607 374 1726 423 tum
1758 370 1991 425 maxime

168 476 222 530 in
273 475 548 531 celeritate
586 480 640 529 et
678 472 1080 529 continuatione
1111 468 1402 526 verborum
1443 467 1833 524 adhaerescens
1853 508 1867 533 ,
1906 471 1992 523 sui

167 575 479 638 dissimilior
529 559 810 630 videbatur
861 573 978 630 fieri
1036 570 1289 646 quotidie.
1389 574 1478 625 99.
1522 571 1708 642 ltaque
1729 575 1765 635 ¹,
1824 584 1993 641 quum

167 676 277 731 iam
311 690 478 749 paene
517 676 825 731 evanuisset
864 673 1210 738 Hortensius,
1249 676 1306 728 et
1340 687 1441 743 ego
1478 686 1620 726 anno
1657 686 1807 736 meo,
1845 677 1998 725 sexto

167 782 349 834 autem
380 784 502 851 post
531 777 685 834 illum
725 777 1000 833 consulem
1020 798 1044 842 ,·
1074 773 1261 832 consul
1300 772 1477 829 sactus
1507 788 1707 839 essem,
1747 785 1999 827 revocare

169 893 229 934 se
256 873 324 933 ad
357 876 683 934 industriam
716 878 922 950 coepit,
961 891 1060 942 ne,
1097 890 1267 949 quum
1299 890 1456 947 pares
1490 872 1696 930 honore
1728 886 1998 936 essemus,

166 973 357 1049 aliqua
374 991 444 1033 *re
480 978 784 1051 superiores
816 976 1140 1033 videremur.
1183 1015 1189 1023 .
1218 975 1310 1031 Sic
1348 974 1633 1031 duodecim
1666 980 1787 1047 post
1814 987 1998 1036 neum

169 1075 510 1137 consulatum
542 1094 710 1135 annos
730 1080 787 1134 in
807 1079 1058 1136 maximis
1077 1077 1285 1133 caussis
1299 1092 1318 1143 ‚⁴
1346 1091 1517 1149 quum
1542 1092 1642 1147 ego
1661 1073 1798 1131 mffii
1813 1072 2002 1139 illum,

171 1176 275 1232 sihi
305 1173 520 1234 maille
551 1178 878 1244 anteferret,
917 1177 1358 1240 coniunctissime
1389 1177 1589 1235 versati
1608 1190 1840 1238 »sumum
1877 1189 2002 1231 con·

172 1277 488 1349 sulatmque
524 1293 740 1342 meus,-
770 1278 866 1349 qui
918 1277 1070 1332 illum
1122 1277 1297 1348 primo
1342 1276 1534 1331 leviter
1577 1275 1968 1347 perstrinxerat
1987 1312 2003 1339 ,

170 1377 313 1442 ilem
352 1393 461 1433 noe
481 1388 666 1432 rerum
699 1382 1276 1447 mearumgestarum,
1314 1390 1451 1447 quas
1481 1374 1574 1430 ille
1607 1373 2005 1437 admirabatur,

171 1475 339 1536 laude-
361 1476 741 1536 coniunxerat.
834 1473 1065 1531 Maxime
1111 1489 1240 1530 vere
1277 1481 1560 1547 perspecta
1598 1480 1683 1530 est
1720 1474 2007 1546 utriusque

171 1575 444 1635 neutrum
466 1572 995 1649 exercitatiopaullo
1031 1581 1187 1639 ante,
1225 1589 1390 1647 quam
1430 1574 1782 1649 perterritum
1833 1574 2006 1631 amis

173 1675 282 1734 hee:
293 1711 302 1722 2
315 1677 558 1739 studium
590 1683 845 1734 nostrum
882 1676 1147 1734 conticuit
1185 1675 1365 1732 subito
1402 1681 1459 1732 et
1494 1675 1797 1738 obmutuit:
1832 1690 2004 1749 quum

115 1802 127 1817 ·
175 1777 594 1854 mampsis
636 1778 809 1836 ternis
840 1775 989 1835 horis
1027 1777 1095 1834 ad
1132 1777 1424 1835 dicendum
1464 1777 1608 1834 datis
1627 1819 1643 1843 ‚
1680 1777 1750 1834 ad
1785 1791 2010 1835 caunas

170 1877 477 1941 simillimas
503 1880 664 1937 inter
713 1895 804 1946 se,
853 1877 937 1936 vel
977 1879 1156 1953 potius
1194 1878 1439 1944 easdem,
1492 1881 1616 1935 novi
1660 1878 2010 1942 veniebamus

172 1980 439 2085 While&
520 2001 523 2011 ·

183 2196 209 2226 ὲ·
246 2166 538 2236 xxxviii.
613 2182 745 2236 100.
788 2178 893 2235 Sed
910 2183 934 2217 ¹
959 2180 1006 2234 si
1026 2178 1365 2252 quaerimus,
1387 2195 1489 2235 our
1506 2178 1817 2235 adolescens
1832 2179 2011 2251 magis

180 2280 423 2336 floruerit
459 2278 713 2346 dicendo,
753 2296 917 2353 quam
958 2280 1140 2335 senior
1170 2279 1516 2342 Hortensius3
1555 2295 1747 2335 causas
1768 2280 2008 2353 reperie-

179 2397 303 2437 mus
333 2381 643 2437 verissimas
681 2380 833 2437 duaS.
913 2382 1187 2446 Primum,
1226 2379 1369 2452 quod
1402 2397 1574 2451 genus
1607 2388 1725 2436 erat
1750 2381 2011 2436 orationis

181 2481 505 2548 Asiaticum,
534 2479 928 2537 adolescentiae
951 2481 1127 2552 magis
1150 2496 1495 2545 concessum,
1524 2496 1691 2552 quam
1721 2482 2008 2537 senectuti.

178 2582 386 2646 Genera
420 2587 605 2639 autem
645 2581 912 2638 Asiaticae
943 2580 1197 2637 dictionis
1228 2579 1337 2636 duo
1376 2587 1532 2636 sunt:
1571 2580 1641 2638 de
1676 2581 1875 2654 quibus
1894 2588 1916 2624 ⁸
1954 2590 2011 2638 et

177 2682 322 2740 ahs·
347 2695 512 2756 saepe
560 2697 595 2739 a
630 2681 783 2738 nohis
829 2681 1003 2739 multa
1042 2682 1286 2755 quaesita
1330 2688 1386 2737 et
1424 2681 1699 2755 disputata
1742 2690 1906 2749 sunt,
1958 2690 2013 2739 et

181 2797 352 2857 nuper
376 2828 378 2833 .
399 2784 459 2839 in
509 2781 684 2856 primo
727 2782 865 2838 libro
910 2782 1104 2842 horum
1148 2783 1687 2839 Commentariorum.
1778 2785 1971 2856 ltaque
1991 2789 2013 2821 ⁴

183 2884 768 2956 Bononiensemque
808 2901 1004 2957 genere
1042 2884 1240 2941 florens
1260 2928 1275 2950 ‚
1314 2885 1578 2940 clamores
1615 2884 1846 2940 faciebat
1889 2884 2011 2940 ado·

180 2983 401 3040 lescen&
481 2982 718 3039 Habebat
749 2981 894 3039 enim
927 2990 982 3040 et
1011 2985 1330 3041 Meneclium
1359 2984 1491 3040 illud
1523 2985 1766 3041 studium
1800 2985 2010 3041 crebra·

183 3099 307 3141 rum
358 3091 816 3157 venustarumque
863 3087 1276 3149 sententiarum
1328 3089 1386 3141 in
1432 3087 1631 3159 quibus
1651 3129 1665 3151 ,
1714 3093 1776 3142 ut
1816 3087 1871 3141 in
1923 3085 2013 3142 illo

186 3187 415 3254 Graeco,
455 3189 532 3243 sic
572 3188 628 3242 in
670 3187 767 3242 hoc
807 3194 961 3242 erant
998 3189 1259 3261 quaedam
1300 3190 1474 3260 magis
1513 3195 1769 3244 venustae
1806 3188 2012 3243 dulces·

252 3456 291 3512 ι)
322 3453 432 3501 lbid.
463 3470 499 3501 e.
523 3456 595 3500 94.
631 3455 656 3513 §
682 3457 786 3500 323.
820 3480 879 3489 —
910 3457 951 3515 ²)
984 3455 1102 3507 lbid.
1133 3472 1170 3502 c.
1197 3460 1266 3504 95.
1306 3458 1451 3515 §325.
1486 3485 1542 3492 —
1576 3460 1616 3519 ⁵)
1648 3458 1845 3505 Acadetn.
1879 3459 2008 3521 prior.

192 3533 246 3575 ll.
271 3547 306 3577 e.
324 3536 364 3578 3.
398 3533 487 3590 99.
518 3559 578 3568 --
609 3533 652 3590 4)
684 3535 805 3578 Brut.
834 3548 868 3578 c.
886 3535 957 3578 95.
992 3535 1138 3592 §326.
