<?xml version="1.0" encoding="UTF-8"?>
<!DOCTYPE html PUBLIC "-//W3C//DTD XHTML 1.0 Transitional//EN"
    "http://www.w3.org/TR/xhtml1/DTD/xhtml1-transitional.dtd">
<html xmlns="http://www.w3.org/1999/xhtml" xml:lang="en" lang="en">
 <head>
  <title>
</title>
<meta http-equiv="Content-Type" content="text/html;charset=utf-8" />
  <meta name='ocr-system' content='tesseract 3.04.00' />
  <meta name='ocr-capabilities' content='ocr_page ocr_carea ocr_par ocr_line ocrx_word'/>
</head>
<body>
  <div class='ocr_page' id='page_1' title='image "./mtulliiciceronis00suriuoft/mtulliiciceronis00suriuoft_0464.png"; bbox 0 0 2210 3970; ppageno 0'>
   <div class='ocr_carea' id='block_1_1' title="bbox 238 253 1491 306">
    <p class='ocr_par' dir='ltr' id='par_1_1' title="bbox 238 253 1491 306">
     <span class='ocr_line' id='line_1_1' title="bbox 238 253 1491 306; baseline 0.002 -2"><span class='ocrx_word' id='word_1_1' title='bbox 238 253 345 304; x_wconf 81' lang='lat'><strong>446</strong></span> <span class='ocrx_word' id='word_1_2' title='bbox 850 267 1059 304; x_wconf 75' lang='lat' dir='ltr'>CICERO</span> <span class='ocrx_word' id='word_1_3' title='bbox 1100 267 1168 304; x_wconf 78' lang='lat' dir='ltr'><strong>DE</strong></span> <span class='ocrx_word' id='word_1_4' title='bbox 1213 267 1347 304; x_wconf 80' lang='lat' dir='ltr'><strong>vlTA</strong></span> <span class='ocrx_word' id='word_1_5' title='bbox 1389 267 1491 306; x_wconf 77' lang='lat' dir='ltr'><strong>SUA</strong></span> 
     </span>
    </p>
   </div>
   <div class='ocr_carea' id='block_1_2' title="bbox 216 397 2065 3395">
    <p class='ocr_par' dir='ltr' id='par_1_2' title="bbox 216 397 2065 3395">
     <span class='ocr_line' id='line_1_2' title="bbox 235 397 2062 472; baseline 0.002 -17"><span class='ocrx_word' id='word_1_6' title='bbox 235 399 377 471; x_wconf 85' lang='lat' dir='ltr'><strong>quod</strong></span> <span class='ocrx_word' id='word_1_7' title='bbox 417 398 557 454; x_wconf 88' lang='lat' dir='ltr'><strong>idem</strong></span> <span class='ocrx_word' id='word_1_8' title='bbox 599 397 688 459; x_wconf 82' lang='lat' dir='ltr'><strong>fit,</strong></span> <span class='ocrx_word' id='word_1_9' title='bbox 733 414 899 470; x_wconf 87' lang='lat' dir='ltr'><strong>quum</strong></span> <span class='ocrx_word' id='word_1_10' title='bbox 929 399 994 455; x_wconf 88' lang='lat' dir='ltr'><strong>de</strong></span> <span class='ocrx_word' id='word_1_11' title='bbox 1035 399 1307 472; x_wconf 88' lang='lat' dir='ltr'><strong>triumpho</strong></span> <span class='ocrx_word' id='word_1_12' title='bbox 1348 399 1598 456; x_wconf 83' lang='lat' dir='ltr'><strong>refertur.</strong></span> <span class='ocrx_word' id='word_1_13' title='bbox 1678 400 1758 455; x_wconf 83' lang='lat' dir='ltr'><strong>Ita</strong></span> <span class='ocrx_word' id='word_1_14' title='bbox 1791 402 1905 456; x_wconf 87' lang='lat' dir='ltr'><strong>sine</strong></span> <span class='ocrx_word' id='word_1_15' title='bbox 1933 420 2062 458; x_wconf 88' lang='lat' dir='ltr'><strong>cura</strong></span> 
     </span>
     <span class='ocr_line' id='line_1_3' title="bbox 233 501 2060 573; baseline 0.001 -17"><span class='ocrx_word' id='word_1_16' title='bbox 233 501 479 556; x_wconf 89' lang='lat' dir='ltr'><strong>consules</strong></span> <span class='ocrx_word' id='word_1_17' title='bbox 518 506 680 565; x_wconf 91' lang='lat' dir='ltr'><strong>sunt,</strong></span> <span class='ocrx_word' id='word_1_18' title='bbox 722 507 784 554; x_wconf 92' lang='lat' dir='ltr'><strong>ut</strong></span> <span class='ocrx_word' id='word_1_19' title='bbox 815 517 983 573; x_wconf 87' lang='lat' dir='ltr'><strong>paene</strong></span> <span class='ocrx_word' id='word_1_20' title='bbox 1020 501 1249 556; x_wconf 89' lang='lat' dir='ltr'><strong>liberum</strong></span> <span class='ocrx_word' id='word_1_21' title='bbox 1289 502 1360 556; x_wconf 88' lang='lat' dir='ltr'><strong>sit</strong></span> <span class='ocrx_word' id='word_1_22' title='bbox 1399 502 1670 567; x_wconf 87' lang='lat' dir='ltr'><strong>senatori,</strong></span> <span class='ocrx_word' id='word_1_23' title='bbox 1711 520 1816 557; x_wconf 90' lang='lat' dir='ltr'><strong>non</strong></span> <span class='ocrx_word' id='word_1_24' title='bbox 1860 501 2060 559; x_wconf 83' lang='lat' dir='ltr'><strong>adesse.</strong></span> 
     </span>
     <span class='ocr_line' id='line_1_4' title="bbox 232 601 2063 675; baseline 0.002 -19"><span class='ocrx_word' id='word_1_25' title='bbox 232 602 335 669; x_wconf 86' lang='lat' dir='ltr'><strong>Qui</strong></span> <span class='ocrx_word' id='word_1_26' title='bbox 369 607 537 673; x_wconf 87' lang='lat' dir='ltr'><strong>quum</strong></span> <span class='ocrx_word' id='word_1_27' title='bbox 575 601 711 656; x_wconf 89' lang='lat' dir='ltr'><strong>mihi</strong></span> <span class='ocrx_word' id='word_1_28' title='bbox 743 618 858 657; x_wconf 91' lang='lat' dir='ltr'><strong>mos</strong></span> <span class='ocrx_word' id='word_1_29' title='bbox 898 608 1057 657; x_wconf 90' lang='lat' dir='ltr'><strong>notus</strong></span> <span class='ocrx_word' id='word_1_30' title='bbox 1091 610 1258 668; x_wconf 88' lang='lat' dir='ltr'><strong>esset,</strong></span> <span class='ocrx_word' id='word_1_31' title='bbox 1299 620 1575 675; x_wconf 90' lang='lat' dir='ltr'><strong>quumque</strong></span> <span class='ocrx_word' id='word_1_32' title='bbox 1607 603 1673 658; x_wconf 91' lang='lat' dir='ltr'><strong>de</strong></span> <span class='ocrx_word' id='word_1_33' title='bbox 1717 605 1806 658; x_wconf 84' lang='lat' dir='ltr'><strong>via</strong></span> <span class='ocrx_word' id='word_1_34' title='bbox 1844 604 2063 675; x_wconf 89' lang='lat' dir='ltr'><strong>langue-</strong></span> 
     </span>
     <span class='ocr_line' id='line_1_5' title="bbox 231 702 2065 776; baseline 0.001 -19"><span class='ocrx_word' id='word_1_35' title='bbox 231 718 347 757; x_wconf 90' lang='lat' dir='ltr'><strong>rem</strong></span> <span class='ocrx_word' id='word_1_36' title='bbox 387 709 443 758; x_wconf 91' lang='lat' dir='ltr'><strong>et</strong></span> <span class='ocrx_word' id='word_1_37' title='bbox 471 702 730 758; x_wconf 71' lang='lat' dir='ltr'><strong>‘mihimet</strong></span> <span class='ocrx_word' id='word_1_38' title='bbox 781 702 1156 775; x_wconf 81' lang='lat' dir='ltr'>displicerem,</span> <span class='ocrx_word' id='word_1_39' title='bbox 1196 704 1321 758; x_wconf 90' lang='lat' dir='ltr'><strong>misi</strong></span> <span class='ocrx_word' id='word_1_40' title='bbox 1361 721 1458 775; x_wconf 89' lang='lat' dir='ltr'><strong>pro</strong></span> <span class='ocrx_word' id='word_1_41' title='bbox 1502 704 1772 768; x_wconf 87' lang='lat' dir='ltr'><strong>amicitia,</strong></span> <span class='ocrx_word' id='word_1_42' title='bbox 1828 704 1926 776; x_wconf 86' lang='lat' dir='ltr'><strong>qui</strong></span> <span class='ocrx_word' id='word_1_43' title='bbox 1964 702 2065 759; x_wconf 90' lang='lat' dir='ltr'><strong>hoc</strong></span> 
     </span>
     <span class='ocr_line' id='line_1_6' title="bbox 218 801 2062 870; baseline 0.001 -13"><span class='ocrx_word' id='word_1_44' title='bbox 218 802 277 857; x_wconf 91' lang='lat' dir='ltr'><strong>-ei</strong></span> <span class='ocrx_word' id='word_1_45' title='bbox 317 801 536 858; x_wconf 91' lang='lat' dir='ltr'><strong>diceret.</strong></span> <span class='ocrx_word' id='word_1_46' title='bbox 616 803 686 857; x_wconf 90' lang='lat' dir='ltr'><strong>At</strong></span> <span class='ocrx_word' id='word_1_47' title='bbox 718 801 806 857; x_wconf 90' lang='lat' dir='ltr'><strong>ille</strong></span> <span class='ocrx_word' id='word_1_48' title='bbox 826 844 842 867; x_wconf 92' lang='lat'><strong>,</strong></span> <span class='ocrx_word' id='word_1_49' title='bbox 901 803 1154 859; x_wconf 82' lang='lat' dir='ltr'><strong>audiente</strong></span> <span class='ocrx_word' id='word_1_50' title='bbox 1192 811 1420 870; x_wconf 90' lang='lat' dir='ltr'><strong>senatu,</strong></span> <span class='ocrx_word' id='word_1_51' title='bbox 1478 821 1604 860; x_wconf 90' lang='lat' dir='ltr'><strong>cum</strong></span> <span class='ocrx_word' id='word_1_52' title='bbox 1655 803 1822 859; x_wconf 89' lang='lat' dir='ltr'><strong>fabris</strong></span> <span class='ocrx_word' id='word_1_53' title='bbox 1879 820 1936 859; x_wconf 89' lang='lat' dir='ltr'><strong>se</strong></span> <span class='ocrx_word' id='word_1_54' title='bbox 1975 802 2062 859; x_wconf 89' lang='lat' dir='ltr'><strong>do·</strong></span> 
     </span>
     <span class='ocr_line' id='line_1_7' title="bbox 224 903 2064 976; baseline 0.001 -19"><span class='ocrx_word' id='word_1_55' title='bbox 224 919 380 957; x_wconf 89' lang='lat' dir='ltr'><strong>mum</strong></span> <span class='ocrx_word' id='word_1_56' title='bbox 417 919 595 957; x_wconf 90' lang='lat' dir='ltr'><strong>meam</strong></span> <span class='ocrx_word' id='word_1_57' title='bbox 626 909 917 958; x_wconf 87' lang='lat' dir='ltr'><strong>venturum</strong></span> <span class='ocrx_word' id='word_1_58' title='bbox 949 920 1064 959; x_wconf 90' lang='lat' dir='ltr'><strong>esse</strong></span> <span class='ocrx_word' id='word_1_59' title='bbox 1097 903 1251 960; x_wconf 85' lang='lat' dir='ltr'><strong>dixit.</strong></span> <span class='ocrx_word' id='word_1_60' title='bbox 1312 905 1484 960; x_wconf 89' lang='lat' dir='ltr'><strong>Nimis</strong></span> <span class='ocrx_word' id='word_1_61' title='bbox 1524 904 1781 960; x_wconf 80' lang='lat' dir='ltr'><strong>iracunde</strong></span> <span class='ocrx_word' id='word_1_62' title='bbox 1818 903 1918 960; x_wconf 89' lang='lat' dir='ltr'><strong>hoc</strong></span> <span class='ocrx_word' id='word_1_63' title='bbox 1947 905 2064 976; x_wconf 86' lang='lat' dir='ltr'><strong>qui-</strong></span> 
     </span>
     <span class='ocr_line' id='line_1_8' title="bbox 230 1002 2064 1076; baseline 0.002 -19"><span class='ocrx_word' id='word_1_64' title='bbox 230 1002 354 1058; x_wconf 88' lang='lat' dir='ltr'><strong>dem</strong></span> <span class='ocrx_word' id='word_1_65' title='bbox 411 1010 466 1057; x_wconf 88' lang='lat' dir='ltr'><strong>et</strong></span> <span class='ocrx_word' id='word_1_66' title='bbox 514 1002 670 1058; x_wconf 87' lang='lat' dir='ltr'><strong>valde</strong></span> <span class='ocrx_word' id='word_1_67' title='bbox 722 1004 1160 1076; x_wconf 86' lang='lat' dir='ltr'><strong>intemperanter.</strong></span> <span class='ocrx_word' id='word_1_68' title='bbox 1245 1006 1417 1060; x_wconf 89' lang='lat' dir='ltr'><strong>Cuius</strong></span> <span class='ocrx_word' id='word_1_69' title='bbox 1462 1005 1608 1060; x_wconf 92' lang='lat' dir='ltr'><strong>enim</strong></span> <span class='ocrx_word' id='word_1_70' title='bbox 1658 1005 1910 1059; x_wconf 82' lang='lat' dir='ltr'><strong>maleficii</strong></span> <span class='ocrx_word' id='word_1_71' title='bbox 1961 1006 2064 1060; x_wconf 87' lang='lat' dir='ltr'><strong>ista</strong></span> 
     </span>
     <span class='ocr_line' id='line_1_9' title="bbox 227 1103 2065 1176; baseline 0.001 -19"><span class='ocrx_word' id='word_1_72' title='bbox 227 1119 397 1176; x_wconf 88' lang='lat' dir='ltr'><strong>poena</strong></span> <span class='ocrx_word' id='word_1_73' title='bbox 436 1110 519 1158; x_wconf 89' lang='lat' dir='ltr'><strong>est</strong></span> <span class='ocrx_word' id='word_1_74' title='bbox 539 1145 554 1167; x_wconf 91' lang='lat'><strong>,</strong></span> <span class='ocrx_word' id='word_1_75' title='bbox 613 1110 675 1159; x_wconf 92' lang='lat' dir='ltr'><strong>ut</strong></span> <span class='ocrx_word' id='word_1_76' title='bbox 714 1103 893 1159; x_wconf 86' lang='lat' dir='ltr'><strong>dicere</strong></span> <span class='ocrx_word' id='word_1_77' title='bbox 946 1106 1002 1159; x_wconf 91' lang='lat' dir='ltr'><strong>in</strong></span> <span class='ocrx_word' id='word_1_78' title='bbox 1062 1104 1162 1159; x_wconf 89' lang='lat' dir='ltr'><strong>hoc</strong></span> <span class='ocrx_word' id='word_1_79' title='bbox 1207 1103 1396 1160; x_wconf 88' lang='lat' dir='ltr'><strong>ordine</strong></span> <span class='ocrx_word' id='word_1_80' title='bbox 1434 1103 1693 1169; x_wconf 91' lang='lat' dir='ltr'><strong>auderet,</strong></span> <span class='ocrx_word' id='word_1_81' title='bbox 1740 1121 1805 1159; x_wconf 82' lang='lat' dir='ltr'><strong>se.</strong></span> <span class='ocrx_word' id='word_1_82' title='bbox 1837 1103 2065 1176; x_wconf 88' lang='lat' dir='ltr'><strong>publicis</strong></span> 
     </span>
     <span class='ocr_line' id='line_1_10' title="bbox 219 1203 2063 1278; baseline 0.002 -20"><span class='ocrx_word' id='word_1_83' title='bbox 219 1205 404 1276; x_wconf 81' lang='lat' dir='ltr'><strong>operis</strong></span> <span class='ocrx_word' id='word_1_84' title='bbox 438 1203 873 1261; x_wconf 84' lang='lat' dir='ltr'><strong>disturbaturum</strong></span> <span class='ocrx_word' id='word_1_85' title='bbox 914 1205 1127 1278; x_wconf 90' lang='lat' dir='ltr'><strong>publice</strong></span> <span class='ocrx_word' id='word_1_86' title='bbox 1165 1222 1232 1260; x_wconf 82' lang='lat' dir='ltr'><strong>ex</strong></span> <span class='ocrx_word' id='word_1_87' title='bbox 1265 1212 1487 1260; x_wconf 91' lang='lat' dir='ltr'><strong>senatus</strong></span> <span class='ocrx_word' id='word_1_88' title='bbox 1519 1206 1788 1261; x_wconf 85' lang='lat' dir='ltr'><strong>sententia</strong></span> <span class='ocrx_word' id='word_1_89' title='bbox 1820 1204 2063 1261; x_wconf 87' lang='lat' dir='ltr'><strong>aedifica·</strong></span> 
     </span>
     <span class='ocr_line' id='line_1_11' title="bbox 220 1304 2064 1379; baseline 0.001 -20"><span class='ocrx_word' id='word_1_90' title='bbox 220 1310 342 1360; x_wconf 58' lang='lat' dir='ltr'><strong>„tam</strong></span> <span class='ocrx_word' id='word_1_91' title='bbox 374 1304 594 1361; x_wconf 85' lang='lat' dir='ltr'><strong>domum</strong></span> <span class='ocrx_word' id='word_1_92' title='bbox 617 1305 637 1360; x_wconf 83' lang='lat'>?</span> <span class='ocrx_word' id='word_1_93' title='bbox 717 1307 849 1374; x_wconf 82' lang='lat' dir='ltr'><strong>Quis</strong></span> <span class='ocrx_word' id='word_1_94' title='bbox 877 1313 1062 1361; x_wconf 89' lang='lat' dir='ltr'><strong>autem</strong></span> <span class='ocrx_word' id='word_1_95' title='bbox 1082 1323 1341 1379; x_wconf 87' lang='lat' dir='ltr'><strong>umquam</strong></span> <span class='ocrx_word' id='word_1_96' title='bbox 1363 1311 1514 1361; x_wconf 88' lang='lat' dir='ltr'><strong>tanto</strong></span> <span class='ocrx_word' id='word_1_97' title='bbox 1539 1305 1735 1361; x_wconf 90' lang='lat' dir='ltr'><strong>damno</strong></span> <span class='ocrx_word' id='word_1_98' title='bbox 1761 1311 2064 1360; x_wconf 86' lang='lat' dir='ltr'><strong>senatorem</strong></span> 
     </span>
     <span class='ocr_line' id='line_1_12' title="bbox 224 1405 2061 1481; baseline -0.001 -20"><span class='ocrx_word' id='word_1_99' title='bbox 224 1406 443 1478; x_wconf 77' lang='lat' dir='ltr'><strong>coegit?</strong></span> <span class='ocrx_word' id='word_1_100' title='bbox 485 1413 580 1462; x_wconf 89' lang='lat' dir='ltr'><strong>aut</strong></span> <span class='ocrx_word' id='word_1_101' title='bbox 604 1406 736 1478; x_wconf 85' lang='lat' dir='ltr'><strong>quid</strong></span> <span class='ocrx_word' id='word_1_102' title='bbox 769 1414 851 1462; x_wconf 88' lang='lat' dir='ltr'><strong>est</strong></span> <span class='ocrx_word' id='word_1_103' title='bbox 871 1408 1015 1463; x_wconf 89' lang='lat' dir='ltr'><strong>ultra</strong></span> <span class='ocrx_word' id='word_1_104' title='bbox 1034 1408 1231 1481; x_wconf 90' lang='lat' dir='ltr'><strong>pignus</strong></span> <span class='ocrx_word' id='word_1_105' title='bbox 1260 1415 1357 1464; x_wconf 85' lang='lat' dir='ltr'><strong>aut</strong></span> <span class='ocrx_word' id='word_1_106' title='bbox 1389 1407 1692 1463; x_wconf 86' lang='lat' dir='ltr'><strong>mulctam?</strong></span> <span class='ocrx_word' id='word_1_107' title='bbox 1741 1410 1863 1462; x_wconf 88' lang='lat'><strong>109.</strong></span> <span class='ocrx_word' id='word_1_108' title='bbox 1887 1405 2023 1461; x_wconf 92' lang='lat' dir='ltr'><strong>Veni</strong></span> <span class='ocrx_word' id='word_1_109' title='bbox 2045 1411 2061 1443; x_wconf 89' lang='lat'>¹</span> 
     </span>
     <span class='ocr_line' id='line_1_13' title="bbox 224 1507 2064 1580; baseline 0.001 -19"><span class='ocrx_word' id='word_1_110' title='bbox 224 1507 512 1579; x_wconf 87' lang='lat' dir='ltr'><strong>postridie:</strong></span> <span class='ocrx_word' id='word_1_111' title='bbox 545 1509 659 1580; x_wconf 92' lang='lat' dir='ltr'><strong>ipse</strong></span> <span class='ocrx_word' id='word_1_112' title='bbox 682 1526 785 1563; x_wconf 91' lang='lat' dir='ltr'><strong>non</strong></span> <span class='ocrx_word' id='word_1_113' title='bbox 806 1510 972 1565; x_wconf 80' lang='lat' dir='ltr'><strong>venit.</strong></span> <span class='ocrx_word' id='word_1_114' title='bbox 1052 1510 1289 1565; x_wconf 86' lang='lat' dir='ltr'><strong>Locutus</strong></span> <span class='ocrx_word' id='word_1_115' title='bbox 1309 1526 1432 1563; x_wconf 91' lang='lat' dir='ltr'><strong>sum</strong></span> <span class='ocrx_word' id='word_1_116' title='bbox 1453 1508 1519 1564; x_wconf 91' lang='lat' dir='ltr'><strong>de</strong></span> <span class='ocrx_word' id='word_1_117' title='bbox 1538 1507 1842 1580; x_wconf 86' lang='lat' dir='ltr'><strong>republica,</strong></span> <span class='ocrx_word' id='word_1_118' title='bbox 1883 1508 2064 1562; x_wconf 88' lang='lat' dir='ltr'><strong>minus</strong></span> 
     </span>
     <span class='ocr_line' id='line_1_14' title="bbox 224 1608 2064 1682; baseline 0 -20"><span class='ocrx_word' id='word_1_119' title='bbox 224 1608 474 1680; x_wconf 87' lang='lat' dir='ltr'><strong>equidem</strong></span> <span class='ocrx_word' id='word_1_120' title='bbox 494 1609 660 1665; x_wconf 90' lang='lat' dir='ltr'><strong>libere</strong></span> <span class='ocrx_word' id='word_1_121' title='bbox 678 1652 692 1674; x_wconf 94' lang='lat'><strong>,</strong></span> <span class='ocrx_word' id='word_1_122' title='bbox 716 1627 879 1682; x_wconf 87' lang='lat' dir='ltr'><strong>quam</strong></span> <span class='ocrx_word' id='word_1_123' title='bbox 907 1627 1027 1666; x_wconf 91' lang='lat' dir='ltr'><strong>mea</strong></span> <span class='ocrx_word' id='word_1_124' title='bbox 1049 1609 1406 1675; x_wconf 90' lang='lat' dir='ltr'><strong>consuetudo,</strong></span> <span class='ocrx_word' id='word_1_125' title='bbox 1426 1609 1651 1664; x_wconf 89' lang='lat' dir='ltr'><strong>liberius</strong></span> <span class='ocrx_word' id='word_1_126' title='bbox 1671 1615 1880 1673; x_wconf 90' lang='lat' dir='ltr'><strong>tamen,</strong></span> <span class='ocrx_word' id='word_1_127' title='bbox 1900 1624 2064 1680; x_wconf 89' lang='lat' dir='ltr'><strong>quam</strong></span> 
     </span>
     <span class='ocr_line' id='line_1_15' title="bbox 216 1709 2065 1785; baseline 0.001 -23"><span class='ocrx_word' id='word_1_128' title='bbox 216 1710 464 1781; x_wconf 78' lang='lat' dir='ltr'><strong>‚pericula</strong></span> <span class='ocrx_word' id='word_1_129' title='bbox 511 1712 797 1784; x_wconf 87' lang='lat' dir='ltr'><strong>minaeque</strong></span> <span class='ocrx_word' id='word_1_130' title='bbox 836 1712 1194 1785; x_wconf 88' lang='lat' dir='ltr'><strong>postulabant.</strong></span> <span class='ocrx_word' id='word_1_131' title='bbox 1250 1713 1322 1768; x_wconf 84' lang='lat' dir='ltr'><strong>At</strong></span> <span class='ocrx_word' id='word_1_132' title='bbox 1364 1710 1453 1766; x_wconf 90' lang='grc'><strong>1116</strong></span> <span class='ocrx_word' id='word_1_133' title='bbox 1486 1710 1645 1765; x_wconf 83' lang='grc'><strong>1101110</strong></span> <span class='ocrx_word' id='word_1_134' title='bbox 1684 1709 1972 1765; x_wconf 87' lang='lat' dir='ltr'><strong>vehemens</strong></span> <span class='ocrx_word' id='word_1_135' title='bbox 2011 1716 2065 1764; x_wconf 90' lang='lat' dir='ltr'><strong>et</strong></span> 
     </span>
     <span class='ocr_line' id='line_1_16' title="bbox 219 1808 2059 1883; baseline 0.001 -20"><span class='ocrx_word' id='word_1_136' title='bbox 219 1808 491 1865; x_wconf 57' lang='lat' dir='ltr'><strong>„violentus</strong></span> <span class='ocrx_word' id='word_1_137' title='bbox 512 1852 527 1875; x_wconf 90' lang='lat'><strong>,</strong></span> <span class='ocrx_word' id='word_1_138' title='bbox 567 1813 661 1883; x_wconf 90' lang='lat' dir='ltr'><strong>qui</strong></span> <span class='ocrx_word' id='word_1_139' title='bbox 701 1811 839 1867; x_wconf 91' lang='lat' dir='ltr'><strong>hanc</strong></span> <span class='ocrx_word' id='word_1_140' title='bbox 881 1813 1327 1868; x_wconf 89' lang='lat' dir='ltr'><strong>consuetudinem</strong></span> <span class='ocrx_word' id='word_1_141' title='bbox 1358 1811 1524 1867; x_wconf 92' lang='lat' dir='ltr'><strong>libere</strong></span> <span class='ocrx_word' id='word_1_142' title='bbox 1563 1810 1777 1866; x_wconf 90' lang='lat' dir='ltr'><strong>dicendi</strong></span> <span class='ocrx_word' id='word_1_143' title='bbox 1815 1809 2059 1865; x_wconf 88' lang='lat' dir='ltr'><strong>exclude-</strong></span> 
     </span>
     <span class='ocr_line' id='line_1_17' title="bbox 221 1909 2064 1985; baseline 0.001 -21"><span class='ocrx_word' id='word_1_144' title='bbox 221 1916 336 1975; x_wconf 89' lang='lat' dir='ltr'><strong>ret,</strong></span> <span class='ocrx_word' id='word_1_145' title='bbox 359 1909 583 1985; x_wconf 82' lang='lat' dir='ltr'><strong>(fecerat</strong></span> <span class='ocrx_word' id='word_1_146' title='bbox 622 1912 768 1966; x_wconf 91' lang='lat' dir='ltr'><strong>enim</strong></span> <span class='ocrx_word' id='word_1_147' title='bbox 791 1912 891 1967; x_wconf 89' lang='lat' dir='ltr'><strong>hoc</strong></span> <span class='ocrx_word' id='word_1_148' title='bbox 925 1912 1069 1968; x_wconf 90' lang='lat' dir='ltr'><strong>idem</strong></span> <span class='ocrx_word' id='word_1_149' title='bbox 1108 1914 1347 1968; x_wconf 87' lang='lat' dir='ltr'><strong>maxima</strong></span> <span class='ocrx_word' id='word_1_150' title='bbox 1367 1930 1494 1967; x_wconf 91' lang='lat' dir='ltr'><strong>cum</strong></span> <span class='ocrx_word' id='word_1_151' title='bbox 1525 1912 1683 1967; x_wconf 86' lang='lat' dir='ltr'><strong>laude</strong></span> <span class='ocrx_word' id='word_1_152' title='bbox 1706 1912 1763 1966; x_wconf 88' lang='lat' dir='ltr'><strong>L.</strong></span> <span class='ocrx_word' id='word_1_153' title='bbox 1802 1911 1925 1966; x_wconf 88' lang='lat' dir='ltr'><strong>Piso</strong></span> <span class='ocrx_word' id='word_1_154' title='bbox 1960 1927 2064 1966; x_wconf 69' lang='lat' dir='ltr'><strong>xxx</strong></span> 
     </span>
     <span class='ocr_line' id='line_1_18' title="bbox 221 2009 2061 2084; baseline 0.001 -20"><span class='ocrx_word' id='word_1_155' title='bbox 221 2009 415 2066; x_wconf 90' lang='lat' dir='ltr'><strong>diebus</strong></span> <span class='ocrx_word' id='word_1_156' title='bbox 435 2011 581 2084; x_wconf 86' lang='lat' dir='ltr'><strong>ante)</strong></span> <span class='ocrx_word' id='word_1_157' title='bbox 607 2013 920 2068; x_wconf 87' lang='lat' dir='ltr'><strong>inimicitias</strong></span> <span class='ocrx_word' id='word_1_158' title='bbox 941 2013 1076 2067; x_wconf 90' lang='lat' dir='ltr'><strong>mihi</strong></span> <span class='ocrx_word' id='word_1_159' title='bbox 1111 2013 1473 2068; x_wconf 87' lang='lat' dir='ltr'><strong>denuntiavit:</strong></span> <span class='ocrx_word' id='word_1_160' title='bbox 1515 2012 1701 2066; x_wconf 87' lang='lat' dir='ltr'><strong>adesse</strong></span> <span class='ocrx_word' id='word_1_161' title='bbox 1733 2013 1790 2065; x_wconf 90' lang='lat' dir='ltr'><strong>in</strong></span> <span class='ocrx_word' id='word_1_162' title='bbox 1812 2017 2061 2066; x_wconf 91' lang='lat' dir='ltr'><strong>senatum</strong></span> 
     </span>
     <span class='ocr_line' id='line_1_19' title="bbox 221 2098 2062 2186; baseline 0.001 -21"><span class='ocrx_word' id='word_1_163' title='bbox 221 2111 381 2166; x_wconf 89' lang='lat' dir='ltr'><strong>iussit</strong></span> <span class='ocrx_word' id='word_1_164' title='bbox 401 2128 449 2167; x_wconf 91' lang='lat' dir='ltr'><strong>a.</strong></span> <span class='ocrx_word' id='word_1_165' title='bbox 473 2112 523 2166; x_wconf 90' lang='lat' dir='ltr'><strong>d.</strong></span> <span class='ocrx_word' id='word_1_166' title='bbox 559 2129 670 2167; x_wconf 85' lang='lat' dir='ltr'><strong>xm.</strong></span> <span class='ocrx_word' id='word_1_167' title='bbox 707 2113 927 2169; x_wconf 87' lang='lat' dir='ltr'><strong>Kalend.</strong></span> <span class='ocrx_word' id='word_1_168' title='bbox 953 2113 1136 2169; x_wconf 87' lang='lat' dir='ltr'><strong>Octob.</strong></span> <span class='ocrx_word' id='word_1_169' title='bbox 1166 2114 1284 2186; x_wconf 91' lang='lat' dir='ltr'><strong>Ipse</strong></span> <span class='ocrx_word' id='word_1_170' title='bbox 1306 2115 1514 2168; x_wconf 85' lang='lat' dir='ltr'><strong>interea</strong></span> <span class='ocrx_word' id='word_1_171' title='bbox 1533 2130 1641 2167; x_wconf 84' lang='lat' dir='ltr'><strong>xvn</strong></span> <span class='ocrx_word' id='word_1_172' title='bbox 1661 2098 1776 2167; x_wconf 85' lang='lat' dir='ltr'><strong>dies</strong></span> <span class='ocrx_word' id='word_1_173' title='bbox 1802 2111 1868 2167; x_wconf 88' lang='lat' dir='ltr'><strong>de</strong></span> <span class='ocrx_word' id='word_1_174' title='bbox 1888 2123 1975 2166; x_wconf 91' lang='lat' dir='ltr'><strong>me</strong></span> <span class='ocrx_word' id='word_1_175' title='bbox 2006 2113 2062 2166; x_wconf 90' lang='lat' dir='ltr'><strong>in</strong></span> 
     </span>
     <span class='ocr_line' id='line_1_20' title="bbox 221 2192 2063 2287; baseline -0.001 -20"><span class='ocrx_word' id='word_1_176' title='bbox 221 2212 508 2267; x_wconf 86' lang='lat' dir='ltr'><strong>Tiburtino</strong></span> <span class='ocrx_word' id='word_1_177' title='bbox 568 2213 835 2287; x_wconf 89' lang='lat' dir='ltr'><strong>Scipionis</strong></span> <span class='ocrx_word' id='word_1_178' title='bbox 894 2192 1294 2277; x_wconf 86' lang='lat' dir='ltr'><strong>declamitavit,</strong></span> <span class='ocrx_word' id='word_1_179' title='bbox 1354 2214 1501 2268; x_wconf 81' lang='lat' dir='ltr'><strong>sitlm</strong></span> <span class='ocrx_word' id='word_1_180' title='bbox 1561 2215 1859 2284; x_wconf 87' lang='lat' dir='ltr'><strong>quaerens:</strong></span> <span class='ocrx_word' id='word_1_181' title='bbox 1933 2212 2063 2267; x_wconf 92' lang='lat' dir='ltr'><strong>haec</strong></span> 
     </span>
     <span class='ocr_line' id='line_1_21' title="bbox 219 2314 2063 2381; baseline 0.001 -14"><span class='ocrx_word' id='word_1_182' title='bbox 219 2315 366 2368; x_wconf 90' lang='lat' dir='ltr'><strong>enim</strong></span> <span class='ocrx_word' id='word_1_183' title='bbox 399 2315 450 2369; x_wconf 93' lang='lat' dir='ltr'><strong>ei</strong></span> <span class='ocrx_word' id='word_1_184' title='bbox 488 2331 679 2370; x_wconf 89' lang='lat' dir='ltr'><strong>caussa</strong></span> <span class='ocrx_word' id='word_1_185' title='bbox 711 2333 826 2371; x_wconf 89' lang='lat' dir='ltr'><strong>esse</strong></span> <span class='ocrx_word' id='word_1_186' title='bbox 855 2315 1192 2370; x_wconf 91' lang='lat' dir='ltr'><strong>declamandi</strong></span> <span class='ocrx_word' id='word_1_187' title='bbox 1234 2314 1382 2370; x_wconf 87' lang='lat' dir='ltr'><strong>solet.</strong></span> <span class='ocrx_word' id='word_1_188' title='bbox 1469 2319 1591 2370; x_wconf 91' lang='lat'><strong>110.</strong></span> <span class='ocrx_word' id='word_1_189' title='bbox 1634 2314 1811 2381; x_wconf 84' lang='lat' dir='ltr'><strong>Quum</strong></span> <span class='ocrx_word' id='word_1_190' title='bbox 1842 2314 1890 2367; x_wconf 91' lang='lat' dir='ltr'><strong>is</strong></span> <span class='ocrx_word' id='word_1_191' title='bbox 1921 2314 2063 2378; x_wconf 85' lang='lat' dir='ltr'><strong>dieS,</strong></span> 
     </span>
     <span class='ocr_line' id='line_1_22' title="bbox 219 2414 2063 2486; baseline 0.001 -19"><span class='ocrx_word' id='word_1_192' title='bbox 219 2429 327 2483; x_wconf 88' lang='lat' dir='ltr'><strong>quo</strong></span> <span class='ocrx_word' id='word_1_193' title='bbox 360 2430 446 2468; x_wconf 92' lang='lat' dir='ltr'><strong>me</strong></span> <span class='ocrx_word' id='word_1_194' title='bbox 491 2414 677 2470; x_wconf 89' lang='lat' dir='ltr'><strong>adesse</strong></span> <span class='ocrx_word' id='word_1_195' title='bbox 722 2417 978 2480; x_wconf 88' lang='lat' dir='ltr'><strong>iusserat,</strong></span> <span class='ocrx_word' id='word_1_196' title='bbox 1018 2417 1286 2478; x_wconf 89' lang='lat' dir='ltr'><strong>venisset,</strong></span> <span class='ocrx_word' id='word_1_197' title='bbox 1348 2421 1467 2470; x_wconf 91' lang='lat' dir='ltr'><strong>tum</strong></span> <span class='ocrx_word' id='word_1_198' title='bbox 1514 2431 1643 2470; x_wconf 87' lang='lat' dir='ltr'><strong>vero</strong></span> <span class='ocrx_word' id='word_1_199' title='bbox 1681 2415 1897 2486; x_wconf 84' lang='lat' dir='ltr'><strong>agmine</strong></span> <span class='ocrx_word' id='word_1_200' title='bbox 1936 2430 2063 2486; x_wconf 88' lang='lat' dir='ltr'><strong>qua-</strong></span> 
     </span>
     <span class='ocr_line' id='line_1_23' title="bbox 220 2502 2061 2587; baseline 0.002 -21"><span class='ocrx_word' id='word_1_201' title='bbox 220 2511 376 2567; x_wconf 87' lang='lat' dir='ltr'><strong>drato</strong></span> <span class='ocrx_word' id='word_1_202' title='bbox 421 2515 477 2568; x_wconf 93' lang='lat' dir='ltr'><strong>in</strong></span> <span class='ocrx_word' id='word_1_203' title='bbox 522 2514 709 2570; x_wconf 90' lang='lat' dir='ltr'><strong>aedem</strong></span> <span class='ocrx_word' id='word_1_204' title='bbox 751 2516 1081 2572; x_wconf 86' lang='lat' dir='ltr'><strong>Concordiae</strong></span> <span class='ocrx_word' id='word_1_205' title='bbox 1120 2518 1268 2572; x_wconf 90' lang='lat' dir='ltr'><strong>venit</strong></span> <span class='ocrx_word' id='word_1_206' title='bbox 1290 2559 1304 2580; x_wconf 93' lang='lat'>‚</span> <span class='ocrx_word' id='word_1_207' title='bbox 1361 2524 1524 2587; x_wconf 85' lang='lat' dir='ltr'><strong>atque</strong></span> <span class='ocrx_word' id='word_1_208' title='bbox 1558 2502 1612 2570; x_wconf 89' lang='lat' dir='ltr'><strong>in</strong></span> <span class='ocrx_word' id='word_1_209' title='bbox 1654 2533 1765 2571; x_wconf 89' lang='lat' dir='ltr'><strong>me</strong></span> <span class='ocrx_word' id='word_1_210' title='bbox 1788 2515 2061 2571; x_wconf 91' lang='lat' dir='ltr'><strong>absentem</strong></span> 
     </span>
     <span class='ocr_line' id='line_1_24' title="bbox 220 2615 2062 2688; baseline 0.001 -20"><span class='ocrx_word' id='word_1_211' title='bbox 220 2615 517 2670; x_wconf 89' lang='lat' dir='ltr'><strong>orationem</strong></span> <span class='ocrx_word' id='word_1_212' title='bbox 558 2632 650 2670; x_wconf 84' lang='lat' dir='ltr'><strong>ore</strong></span> <span class='ocrx_word' id='word_1_213' title='bbox 690 2616 1058 2688; x_wconf 90' lang='lat' dir='ltr'><strong>impurissimo</strong></span> <span class='ocrx_word' id='word_1_214' title='bbox 1090 2618 1343 2672; x_wconf 87' lang='lat' dir='ltr'><strong>evomuit.</strong></span> <span class='ocrx_word' id='word_1_215' title='bbox 1424 2617 1539 2683; x_wconf 88' lang='lat' dir='ltr'><strong>Quo</strong></span> <span class='ocrx_word' id='word_1_216' title='bbox 1572 2616 1686 2681; x_wconf 90' lang='lat' dir='ltr'><strong>die,</strong></span> <span class='ocrx_word' id='word_1_217' title='bbox 1727 2617 1772 2670; x_wconf 93' lang='lat' dir='ltr'><strong>si</strong></span> <span class='ocrx_word' id='word_1_218' title='bbox 1802 2632 1899 2687; x_wconf 86' lang='lat' dir='ltr'><strong>per</strong></span> <span class='ocrx_word' id='word_1_219' title='bbox 1931 2617 2062 2670; x_wconf 89' lang='lat' dir='ltr'><strong>ami-</strong></span> 
     </span>
     <span class='ocr_line' id='line_1_25' title="bbox 218 2715 2061 2788; baseline -0.001 -19"><span class='ocrx_word' id='word_1_220' title='bbox 218 2732 311 2769; x_wconf 91' lang='lat' dir='ltr'><strong>cos</strong></span> <span class='ocrx_word' id='word_1_221' title='bbox 349 2715 483 2770; x_wconf 87' lang='lat' dir='ltr'><strong>mihi</strong></span> <span class='ocrx_word' id='word_1_222' title='bbox 513 2717 753 2788; x_wconf 89' lang='lat' dir='ltr'><strong>cupienti</strong></span> <span class='ocrx_word' id='word_1_223' title='bbox 792 2717 849 2771; x_wconf 93' lang='lat' dir='ltr'><strong>in</strong></span> <span class='ocrx_word' id='word_1_224' title='bbox 891 2724 1139 2772; x_wconf 86' lang='lat' dir='ltr'><strong>senatum</strong></span> <span class='ocrx_word' id='word_1_225' title='bbox 1178 2718 1361 2772; x_wconf 88' lang='lat' dir='ltr'><strong>venire</strong></span> <span class='ocrx_word' id='word_1_226' title='bbox 1413 2716 1685 2781; x_wconf 89' lang='lat' dir='ltr'><strong>licuisset,</strong></span> <span class='ocrx_word' id='word_1_227' title='bbox 1745 2715 1923 2770; x_wconf 88' lang='lat' dir='ltr'><strong>caedis</strong></span> <span class='ocrx_word' id='word_1_228' title='bbox 1962 2716 2061 2768; x_wconf 93' lang='lat' dir='ltr'><strong>ini-</strong></span> 
     </span>
     <span class='ocr_line' id='line_1_26' title="bbox 223 2815 2061 2884; baseline 0.001 -16"><span class='ocrx_word' id='word_1_229' title='bbox 223 2816 362 2870; x_wconf 86' lang='lat' dir='ltr'><strong>tium</strong></span> <span class='ocrx_word' id='word_1_230' title='bbox 392 2815 605 2872; x_wconf 81' lang='lat' dir='ltr'><strong>fecisset</strong></span> <span class='ocrx_word' id='word_1_231' title='bbox 638 2834 672 2872; x_wconf 90' lang='lat' dir='ltr'><strong>a</strong></span> <span class='ocrx_word' id='word_1_232' title='bbox 704 2835 817 2872; x_wconf 90' lang='lat' dir='ltr'><strong>me:</strong></span> <span class='ocrx_word' id='word_1_233' title='bbox 879 2818 956 2872; x_wconf 90' lang='lat' dir='ltr'><strong>sic</strong></span> <span class='ocrx_word' id='word_1_234' title='bbox 997 2819 1140 2873; x_wconf 90' lang='lat' dir='ltr'><strong>enim</strong></span> <span class='ocrx_word' id='word_1_235' title='bbox 1181 2823 1462 2872; x_wconf 88' lang='lat' dir='ltr'><strong>statuerat.</strong></span> <span class='ocrx_word' id='word_1_236' title='bbox 1545 2816 1723 2884; x_wconf 87' lang='lat' dir='ltr'><strong>Quum</strong></span> <span class='ocrx_word' id='word_1_237' title='bbox 1761 2823 1943 2870; x_wconf 89' lang='lat' dir='ltr'><strong>autem</strong></span> <span class='ocrx_word' id='word_1_238' title='bbox 1983 2832 2061 2870; x_wconf 89' lang='lat' dir='ltr'><strong>se-</strong></span> 
     </span>
     <span class='ocr_line' id='line_1_27' title="bbox 221 2916 2060 2988; baseline 0 -18"><span class='ocrx_word' id='word_1_239' title='bbox 221 2916 328 2971; x_wconf 87' lang='lat' dir='ltr'><strong>mel</strong></span> <span class='ocrx_word' id='word_1_240' title='bbox 349 2916 589 2988; x_wconf 82' lang='lat' dir='ltr'><strong>gladium</strong></span> <span class='ocrx_word' id='word_1_241' title='bbox 629 2917 830 2973; x_wconf 91' lang='lat' dir='ltr'><strong>scelere</strong></span> <span class='ocrx_word' id='word_1_242' title='bbox 851 2918 1161 2983; x_wconf 90' lang='lat' dir='ltr'><strong>imbuisset,</strong></span> <span class='ocrx_word' id='word_1_243' title='bbox 1203 2918 1351 2973; x_wconf 91' lang='lat' dir='ltr'><strong>nulla</strong></span> <span class='ocrx_word' id='word_1_244' title='bbox 1384 2936 1471 2973; x_wconf 87' lang='lat' dir='ltr'><strong>res</strong></span> <span class='ocrx_word' id='word_1_245' title='bbox 1501 2919 1550 2973; x_wconf 93' lang='lat' dir='ltr'><strong>ei</strong></span> <span class='ocrx_word' id='word_1_246' title='bbox 1583 2918 1745 2972; x_wconf 87' lang='lat' dir='ltr'><strong>finem</strong></span> <span class='ocrx_word' id='word_1_247' title='bbox 1780 2916 2060 2980; x_wconf 87' lang='lat' dir='ltr'><strong>caedendi,</strong></span> 
     </span>
     <span class='ocr_line' id='line_1_28' title="bbox 221 3017 2061 3090; baseline -0.001 -18"><span class='ocrx_word' id='word_1_248' title='bbox 221 3019 327 3073; x_wconf 90' lang='lat' dir='ltr'><strong>nisi</strong></span> <span class='ocrx_word' id='word_1_249' title='bbox 367 3018 679 3090; x_wconf 85' lang='lat' dir='ltr'><strong>defatigatio</strong></span> <span class='ocrx_word' id='word_1_250' title='bbox 733 3026 787 3075; x_wconf 90' lang='lat' dir='ltr'><strong>et</strong></span> <span class='ocrx_word' id='word_1_251' title='bbox 834 3021 1053 3075; x_wconf 89' lang='lat' dir='ltr'><strong>satietas</strong></span> <span class='ocrx_word' id='word_1_252' title='bbox 1073 3063 1088 3086; x_wconf 97' lang='lat'><strong>,</strong></span> <span class='ocrx_word' id='word_1_253' title='bbox 1147 3020 1434 3075; x_wconf 86' lang='lat' dir='ltr'><strong>attulisset.</strong></span> <span class='ocrx_word' id='word_1_254' title='bbox 1515 3020 1731 3075; x_wconf 86' lang='lat' dir='ltr'><strong>Etenim</strong></span> <span class='ocrx_word' id='word_1_255' title='bbox 1778 3017 1964 3073; x_wconf 84' lang='lat' dir='ltr'><strong>aderat</strong></span> <span class='ocrx_word' id='word_1_256' title='bbox 2003 3018 2061 3072; x_wconf 90' lang='lat' dir='ltr'><strong>L.</strong></span> 
     </span>
     <span class='ocr_line' id='line_1_29' title="bbox 224 3117 2062 3193; baseline -0.002 -21"><span class='ocrx_word' id='word_1_257' title='bbox 224 3117 427 3184; x_wconf 82' lang='lat' dir='ltr'><strong>frater,</strong></span> <span class='ocrx_word' id='word_1_258' title='bbox 467 3121 735 3191; x_wconf 88' lang='lat' dir='ltr'><strong>gladiator</strong></span> <span class='ocrx_word' id='word_1_259' title='bbox 768 3122 1070 3186; x_wconf 90' lang='lat' dir='ltr'><strong>Asiaticus,</strong></span> <span class='ocrx_word' id='word_1_260' title='bbox 1110 3121 1203 3193; x_wconf 90' lang='lat' dir='ltr'><strong>qui</strong></span> <span class='ocrx_word' id='word_1_261' title='bbox 1245 3120 1504 3175; x_wconf 89' lang='lat' dir='ltr'><strong>mirmillo</strong></span> <span class='ocrx_word' id='word_1_262' title='bbox 1536 3119 1755 3193; x_wconf 89' lang='lat' dir='ltr'><strong>Mylasis</strong></span> <span class='ocrx_word' id='word_1_263' title='bbox 1796 3118 2062 3188; x_wconf 89' lang='lat' dir='ltr'><strong>depugna-</strong></span> 
     </span>
     <span class='ocr_line' id='line_1_30' title="bbox 223 3219 2060 3293; baseline -0.001 -20"><span class='ocrx_word' id='word_1_264' title='bbox 223 3226 339 3282; x_wconf 77' lang='lat' dir='ltr'><strong>rat3</strong></span> <span class='ocrx_word' id='word_1_265' title='bbox 378 3223 697 3293; x_wconf 87' lang='lat' dir='ltr'><strong>sanguinem</strong></span> <span class='ocrx_word' id='word_1_266' title='bbox 739 3229 985 3278; x_wconf 87' lang='lat' dir='ltr'><strong>nostrum</strong></span> <span class='ocrx_word' id='word_1_267' title='bbox 1019 3223 1272 3285; x_wconf 81' lang='lat' dir='ltr'><strong>sitiebat,</strong></span> <span class='ocrx_word' id='word_1_268' title='bbox 1328 3239 1487 3276; x_wconf 90' lang='lat' dir='ltr'><strong>suum</strong></span> <span class='ocrx_word' id='word_1_269' title='bbox 1526 3223 1581 3274; x_wconf 92' lang='lat' dir='ltr'><strong>in</strong></span> <span class='ocrx_word' id='word_1_270' title='bbox 1617 3220 1705 3273; x_wconf 89' lang='lat' dir='ltr'><strong>illa</strong></span> <span class='ocrx_word' id='word_1_271' title='bbox 1745 3219 2060 3290; x_wconf 85' lang='lat' dir='ltr'><strong>gladiatoria</strong></span> 
     </span>
     <span class='ocr_line' id='line_1_31' title="bbox 224 3321 2057 3395; baseline 0 -21"><span class='ocrx_word' id='word_1_272' title='bbox 224 3336 404 3391; x_wconf 81' lang='lat' dir='ltr'><strong>pugna</strong></span> <span class='ocrx_word' id='word_1_273' title='bbox 437 3321 670 3377; x_wconf 87' lang='lat' dir='ltr'><strong>multum</strong></span> <span class='ocrx_word' id='word_1_274' title='bbox 712 3322 1037 3394; x_wconf 85' lang='lat' dir='ltr'><strong>profuderat.</strong></span> <span class='ocrx_word' id='word_1_275' title='bbox 1123 3324 1221 3380; x_wconf 90' lang='lat' dir='ltr'><strong>Hic</strong></span> <span class='ocrx_word' id='word_1_276' title='bbox 1269 3324 1523 3395; x_wconf 84' lang='lat' dir='ltr'><strong>pecunias</strong></span> <span class='ocrx_word' id='word_1_277' title='bbox 1562 3329 1770 3376; x_wconf 83' lang='lat' dir='ltr'><strong>nostras</strong></span> <span class='ocrx_word' id='word_1_278' title='bbox 1813 3321 2057 3376; x_wconf 87' lang='lat' dir='ltr'><strong>aestima-</strong></span> 
     </span>
    </p>
   </div>
   <div class='ocr_carea' id='block_1_3' title="bbox 225 3458 439 3470">
    <p class='ocr_par' dir='ltr' id='par_1_3' title="bbox 225 3458 439 3470">
     <span class='ocr_line' id='line_1_32' title="bbox 225 3458 439 3470; baseline 0 0"><span class='ocrx_word' id='word_1_279' title='bbox 225 3458 439 3470; x_wconf 95' lang='lat' dir='ltr'><strong> </strong></span> 
     </span>
    </p>
   </div>
   <div class='ocr_carea' id='block_1_4' title="bbox 289 3562 931 3625">
    <p class='ocr_par' dir='ltr' id='par_1_4' title="bbox 289 3562 931 3625">
     <span class='ocr_line' id='line_1_33' title="bbox 289 3562 931 3625; baseline 0.003 -18"><span class='ocrx_word' id='word_1_280' title='bbox 289 3566 325 3620; x_wconf 68' lang='lat'><strong>³)</strong></span> <span class='ocrx_word' id='word_1_281' title='bbox 360 3562 542 3625; x_wconf 83' lang='lat' dir='ltr'><strong>Philipp.</strong></span> <span class='ocrx_word' id='word_1_282' title='bbox 576 3567 624 3610; x_wconf 88' lang='lat' dir='ltr'><strong>V.</strong></span> <span class='ocrx_word' id='word_1_283' title='bbox 659 3581 693 3609; x_wconf 83' lang='lat' dir='ltr'><strong>c.</strong></span> <span class='ocrx_word' id='word_1_284' title='bbox 729 3568 766 3608; x_wconf 77' lang='grc'><strong>7.</strong></span> <span class='ocrx_word' id='word_1_285' title='bbox 804 3566 825 3622; x_wconf 80' lang='lat'>§</span> <span class='ocrx_word' id='word_1_286' title='bbox 864 3567 931 3609; x_wconf 90' lang='grc'><strong>19.</strong></span> 
     </span>
    </p>
   </div>
  </div>
 </body>
</html>
