2158 4030
490 226 544 280 L.
569 225 634 280 11.
675 241 722 278 c.
747 226 835 280 lx.
879 225 918 297 S
945 228 1012 278 25
1053 255 1127 265 —-
1165 242 1210 278 e.
1238 225 1299 279 X.
1342 226 1381 297 ὅ
1408 230 1493 279 50.
1832 231 1901 282 67

79 383 309 433 vocatos,
389 379 477 432 28.
499 377 598 432 Ex
635 374 832 448 quibus
863 374 1114 447 quidam,
1152 376 1247 447 qui
1279 393 1336 430 se
1362 376 1542 430 omnia
1569 391 1687 430 mea
1711 394 1901 433 caussa

76 475 269 532 debere
289 475 686 542 arbitrabatur,
725 474 910 531 eadem
944 474 1034 530 illa
1067 480 1222 530 nocte
1254 475 1319 530 ad
1356 492 1441 530 me
1473 477 1646 531 venit:
1687 475 1901 532 demon-

77 582 243 642 strat,
295 593 400 648 qua
438 578 541 633 iste
572 578 810 632 oratione
850 593 982 631 usus
1022 582 1185 630 esset:
1226 592 1672 631 commemorasse
1705 578 1903 642 istum,

74 690 237 745 quam
284 673 576 731 liberaliter
632 693 722 732 eos
772 681 1056 730 tractasset
1106 675 1270 730 etiam
1323 682 1509 740 antea,
1568 693 1737 748 quum
1790 679 1903 750 ipse

74 780 383 848 praeturam
416 778 667 849 petisset,
705 783 760 833 et
804 776 1064 851 proximis
1100 775 1475 831 consularibus
1512 778 1904 850 praetoriisque

72 877 334 933 comitiis:
373 876 565 934 deinde
603 880 860 934 continuo
897 893 1013 933 esse
1045 877 1375 950 pollicitum,
1414 884 1673 951 quantam
1705 878 1902 934 vellent

72 978 357 1051 pecuniam
378 1021 394 1045 ,
445 980 493 1035 si
531 996 620 1035 me
662 979 934 1036 aedilitate
983 978 1321 1035 deiecissent.
1401 979 1500 1035 Hic
1542 979 1678 1035 alios
1716 995 1900 1051 negas-

70 1094 130 1134 se
173 1077 406 1146 andere,
457 1079 591 1136 allos
630 1079 996 1154 respondisse,
1036 1097 1140 1136 non
1186 1087 1378 1154 putare
1413 1080 1467 1135 id
1499 1080 1684 1154 perfici
1718 1098 1900 1154 posse:

73 1179 351 1236 inventum
397 1187 577 1236 tamen
622 1198 739 1237 esse
784 1180 975 1237 sortem
1026 1181 1265 1236 amicum
1286 1223 1302 1246 ,
1354 1197 1420 1236 ex
1464 1180 1652 1236 eadem
1698 1179 1901 1239 familia

71 1278 132 1348 Q.
154 1278 447 1344 Verrem,
478 1280 737 1343 Romilia,
774 1296 841 1334 ex
879 1279 1085 1352 optima
1118 1279 1418 1336 divisorum
1458 1279 1772 1352 disciplina,
1813 1298 1900 1353 pa-

69 1379 170 1438 tris
203 1379 363 1435 istius
398 1377 724 1453 discipulum
768 1385 931 1452 atque
962 1380 1201 1435 amicum
1222 1422 1238 1444 ‚
1277 1381 1402 1452 qui,
1448 1379 1557 1435 11-s
1588 1381 1901 1452 quingentis

67 1478 304 1535 n'fillibus
330 1478 614 1553 depositis,
654 1480 709 1535 id
741 1497 800 1536 se
825 1479 1193 1554 perfecturum
1228 1481 1600 1554 polliceretur:
1640 1488 1697 1537 et
1732 1481 1898 1537 luisse

65 1586 246 1636 tamen
276 1580 724 1653 nonnullum—qni
756 1598 814 1637 se
853 1598 961 1636 una
993 1580 1231 1637 tacturos
1263 1595 1380 1638 esse
1413 1582 1671 1638 dicerent.
1752 1582 1901 1651 Quae

63 1684 243 1754 quum*
268 1681 342 1736 ita
363 1687 574 1746 essent,
613 1697 743 1737 sane
774 1681 1025 1739 benevolo
1056 1684 1238 1738 animo
1269 1688 1380 1749 nie,
1420 1690 1485 1738 ut
1515 1700 1711 1755 magno
1741 1701 1900 1757 opere

61 1769 332 1848 caverem,
371 1782 766 1856 praemonebat.
846 1787 935 1840 29.
978 1783 1255 1839 {uetabat¹
1288 1784 1579 1841 iudicium:
1608 1787 1657 1840 ei
1683 1802 1899 1858 quoque

35 1882 424 1955 'negotio-«fisci
459 1883 768 1940 Sicilienses
799 1885 1163 1941 minabantur.
1244 1886 1445 1956 Agere,
1483 1901 1624 1957 quae
1656 1885 1724 1940 ad
1758 1884 1894 1942 iudi·

60 1986 207 2043 cium
236 1984 610 2059 pertinebant,
647 1985 844 2051 libere,
875 1987 1220 2042 comitiorum
1254 1994 1404 2042 metu
1437 1986 1774 2042 deterrebar:
1810 2003 1894 2059 pe-

61 2085 241 2141 titioni
263 2092 398 2141 vtato
442 2086 628 2141 animo
679 2086 882 2141 servire
933 2093 1154 2159 propter
1206 2087 1469 2143 iudicium
1522 2105 1626 2143 non
1681 2086 1893 2142 licebat.

61 2184 254 2240 Minari
296 2183 527 2258 denique
543 2231 545 2233 .
564 2184 890 2240 divisoribus
928 2187 1067 2241 ratio
1107 2204 1212 2241 non
1251 2194 1399 2252 erat,
1439 2194 1720 2260 propterea
1752 2187 1893 2259 quod

61 2301 152 2340 eos
203 2283 505 2357 intelligere
542 2284 816 2351 videbam,
856 2302 944 2341 me
983 2286 1083 2342 boc
1130 2287 1330 2342 iudicio
1374 2286 1685 2342 districtum
1730 2295 1894 2360 atque

58 2385 353 2458 obligatum
379 2384 642 2441 futurum.
672 2387 676 2435 ζ
723 2388 899 2459 Atque
932 2387 1031 2441 hoc
1055 2388 1167 2459 ipso
1187 2394 1430 2459 tempore
1457 2387 1655 2441 Siculis
1687 2388 1890 2443 denun-

59 2485 254 2541 tiatum
280 2503 398 2542 esse
423 2486 632 2552 audivi,
671 2488 908 2560 primum
934 2487 1005 2542 ab
1031 2486 1344 2552 Hortensio,
1382 2486 1602 2542 domum
1635 2487 1704 2542 ad
1738 2488 1891 2544 illum

57 2589 120 2642 ut
148 2585 685 2654 venirentrSiculos
709 2604 838 2650 sane
879 2587 935 2642 in
968 2604 1031 2643 eo
1068 2587 1264 2643 liberos
1316 2586 1511 2653 fuisse,
1568 2589 1662 2660 qui
1703 2606 1889 2661 quam-

52 2684 236 2742 obrem
285 2695 688 2744 arcesserentur
719 2706 888 2762 quum
917 2688 1307 2761 intelligerent,
1348 2706 1454 2744 non
1488 2690 1715 2746 venisse.
1796 2695 1886 2747 50.

54 2785 266 2844 Interea
295 2789 514 2845 comitia
545 2798 766 2858 nostra,
804 2807 1035 2864 quorum
1072 2792 1175 2846 iste
1214 2808 1301 2856 se,
1341 2798 1403 2847 ut
1441 2796 1746 2847 ceterorum
1788 2792 1887 2847 boc

34 2899 193 2943 ‘anno
217 2890 590 2957 comitiorum,
616 2891 894 2947 dominum
914 2909 1031 2948 esse
1058 2890 1451 2957 arbitrabatur,
1479 2891 1664 2947 haberi
1698 2901 1885 2965 coepta

53 2995 198 3044 sunt.
277 2990 505 3047 Cursare
544 2993 647 3048 iste
686 2992 843 3048 homo
882 3001 1072 3066 potens
1114 3010 1239 3048 cum
1288 2993 1396 3047 filio
1434 2991 1628 3046 blando
1674 3001 1728 3047 et
1766 3010 1884 3064 gra-

55 3089 188 3144 tioso
233 3091 441 3146 circum
490 3091 691 3147 tribus:
744 3095 994 3166 paternos
1040 3096 1270 3159 amicoS,
1330 3093 1428 3148 hoc
1470 3100 1552 3147 est
1596 3093 1885 3159 divisoreS‚

53 3191 315 3264 appellare
341 3210 523 3247 omnes
558 3200 610 3248 et
633 3196 932 3249 convenire.
1015 3195 1162 3263 Quod
1196 3211 1363 3266 quum
1386 3200 1526 3247 esset
1549 3194 1880 3250 intellectum

55 3298 108 3348 et
128 3293 557 3350 animadversum
574 3339 588 3360 ,
614 3295 738 3351 feeit
759 3298 937 3351 animo
959 3296 1312 3353 libentissimo
1334 3294 1560 3367 populus
1582 3295 1879 3359 Romanu&

118 3524 156 3580 ¹)
187 3522 297 3567 lbid.
323 3539 359 3568 c.
379 3527 420 3569 9.
453 3527 566 3580 §24.
