2150 3990
16 2792 24 2828 l

490 244 543 299 L.
571 244 655 299 Vl.
698 243 944 299 cxxxi.
990 240 1028 315 S
1053 245 1116 295 81
1163 270 1236 278 —-
1276 255 1321 291 c.
1348 237 1557 294 xxxll.
1601 237 1639 311 ᾗ·
1664 243 1751 293 84.
1929 241 2032 292 277

207 402 471 469 quantum
506 401 718 469 tempus
756 393 886 451 illud
926 390 1262 467 postulabat,
1302 389 1599 444 discessum
1635 388 1785 443 illum
1826 396 2034 444 susten-

207 503 396 559 tasset;
435 513 731 568 numquam
764 496 852 551 hic
880 495 1044 559 meis,
1084 508 1170 548 me
1202 489 1445 555 ahsente,
1486 489 1697 553 liheriS,
1738 504 2033 562 numquam

210 596 424 668 coniugi
464 611 614 651 meae
647 593 832 650 defuit.

284 792 497 852 xxxn.
579 797 668 849 85.
711 794 978 867 Accepisti
1001 799 1037 858 ¹,
1077 792 1272 866 quihus
1311 789 1473 847 rebus
1511 789 1812 854 adductuS,
1852 804 2039 862 quam·

207 908 315 968 que
345 908 461 949 rem
489 909 842 966 caussamque
870 892 1226 949 defenderim:
1261 892 1461 965 quique
1494 908 1648 947 meus
1683 892 1737 945 in
1767 889 2041 963 republica

206 994 374 1067 luerit
406 1011 521 1068 pro-⁴
541 1010 660 1049 mea
693 1000 845 1067 parte
883 993 1206 1066 capessenda
1245 997 1437 1048 status,
1517 992 1592 1047 De
1623 1006 1731 1063 quo
1762 991 1841 1045 sic
1880 989 2039 1045 velim

207 1101 452 1161 statuas,
491 1112 579 1151 me
619 1095 750 1151 haec
788 1094 973 1151 eadem
1007 1110 1293 1150 sensurum
1333 1092 1528 1158 fuisse,
1569 1093 1615 1147 si
1656 1091 1791 1147 mihi
1830 1092 2040 1162 integra

206 1197 388 1252 omnia
414 1211 514 1265 qao
545 1195 714 1250 libera
765 1194 1010 1250 fuissent.
1107 1194 1241 1249 Nam
1289 1209 1462 1264 neque
1499 1190 1851 1265 pugnandum
1902 1189 2040 1244 arbi·

206 1295 383 1351 trarer
413 1301 600 1350 eontra
640 1300 818 1349 tantas
844 1309 999 1365 opeS,
1040 1309 1212 1364 neque
1239 1291 1556 1356 delendum,
1596 1291 1808 1346 etiamsi
1838 1288 1891 1343 id
1926 1288 2040 1343 fieri

204 1399 382 1468 posset
397 1433 412 1459 ,
433 1406 769 1448 summorum
786 1393 986 1447 civium
1007 1391 1372 1463 principatum
1388 1432 1402 1454 ‚
1419 1406 1592 1461 neque
1613 1388 2038 1462 permanendum

204 1491 737 1556 in·una·sententia‚
776 1490 1050 1546 conversis
1089 1489 1252 1544 rebus
1283 1506 1346 1545 ac
1380 1489 1642 1544 bonorum
1675 1488 2043 1543 voluntatibus

202 1593 538 1659 immutatis,
579 1592 672 1649 sed
698 1590 1030 1665 temporibus
1056 1590 1482 1646 assentiendum.
1559 1590 1864 1663 Numquam
1898 1590 2041 1645 enim

205 1691 606 1768 praestantibus
643 1692 699 1747 in
739 1690 1014 1765 republica
1053 1690 1401 1763 gubernanda
1440 1691 1573 1746 viris
1611 1690 1828 1747 laudata
1866 1697 1950 1746 est
1989 1690 2042 1744 in

200 1806 316 1850 una
365 1793 632 1849 sententia
681 1798 940 1865 perpetua
985 1792 1324 1864 permansio:
1366 1791 1458 1847 sed
1481 1833 1496 1856 ‚
1543 1798 1608 1847 ut
1649 1793 1704 1847 in
1743 1790 2043 1863 navigando

200 1890 510 1968 tempestati
554 1893 774 1967 obsequi
819 1894 955 1949 artis
1006 1900 1125 1958 est,
1176 1894 1391 1949 etiamsi
1442 1899 1660 1966 portum
1701 1899 1884 1948 tenere
1936 1908 2040 1947 non

203 1992 407 2070 queas}
457 2011 627 2069 quum
666 2011 794 2052 vero
831 1995 885 2050 id
926 1995 1099 2068 possis
1143 2000 1354 2051 mutata
1392 1994 1748 2051 velificatione
1793 1993 2044 2066 assequi,

149 2107 156 2110 ·
200 2095 436 2152 suillum
473 2101 558 2152 est
586 2111 713 2152 eum
747 2101 931 2151 tenere
968 2111 1095 2151 oum
1128 2094 1368 2167 periculo
1398 2111 1620 2151 cursum
1643 2136 1661 2161 ‚
1699 2111 1859 2167 quem
1893 2109 2044 2165 oepe-

209 2195 290 2251 ris
301 2223 316 2262 3
353 2196 535 2269 polius
565 2211 754 2268 quam,
786 2211 849 2250 eo
880 2201 1240 2260 commutato,
1281 2212 1387 2267 quo
1419 2195 1582 2259 veliS,
1608 2193 1828 2249 tandem
1860 2209 2042 2267 perve-

208 2297 355 2352 nire:
395 2297 504 2362 sic,
538 2313 707 2369 quum
740 2295 990 2352 omnibus
1023 2296 1175 2351 nobis
1209 2297 1264 2351 in
1299 2295 1731 2351 administranda
1769 2293 2044 2368 republica

206 2387 540 2470 propositum
574 2413 692 2452 esse
729 2396 919 2452 debeat
953 2396 1006 2451 id
1028 2437 1043 2461 ,
1096 2395 1239 2467 quod
1280 2412 1311 2451 a
1350 2412 1440 2450 me
1483 2395 1798 2467 saepissime
1835 2393 2043 2451 dictum

204 2502 317 2563 osv,
373 2512 506 2552 oum·
536 2496 803 2568 dignitate
848 2495 1019 2550 otium
1041 2537 1056 2560 ‚
1104 2512 1209 2550 non
1250 2495 1393 2550 idem
1432 2512 1646 2568 semper
1683 2495 1863 2550 dicere
1884 2537 1899 2560 ,
1951 2495 2044 2550 sed

199 2597 346 2655 idem
379 2610 595 2670 semper
621 2602 864 2670 spectare
890 2596 1166 2652 debemus,
1226 2600 1317 2652 84.
1359 2595 1749 2665 Quamobrem,
1787 2603 1848 2651 ut
1869 2595 2047 2669 paullo

195 2704 326 2754 ante
381 2696 573 2772 posui,
631 2698 678 2752 si
731 2695 960 2753 fuissent
1019 2698 1200 2753 omnia
1245 2697 1381 2753 mihi
1433 2697 1803 2762 solutissima‚
1862 2704 2043 2752 tamen

204 2798 261 2853 in
306 2797 581 2871 republica
619 2814 725 2851 non
759 2796 900 2852 alius
936 2797 1191 2863 fuissem,
1231 2805 1394 2870 atque
1434 2805 1564 2853 tunc
1605 2814 1772 2853 eram.
1865 2798 2043 2865 Quum

200 2911 328 2953 vero
366 2898 432 2952 in*
469 2896 613 2951 hunc
653 2913 871 2952 sensum
911 2904 966 2952 el.
1009 2898 1255 2953 allieerer
1305 2899 1581 2954 beneficiis
1620 2898 1938 2961 hominum,
1990 2904 2046 2952 et

203 2997 553 3070 compellerer
596 2997 842 3058 iniuriis;
900 2996 1055 3053 facile
1094 2998 1366 3071 patiebar,
1418 3015 1480 3053 ea
1520 3015 1607 3052 me
1651 2997 1718 3052 de
1769 2991 2043 3069 republica

201 3098 507 3154 sentire'ac
549 3097 758 3161 dicere,
811 3114 948 3169 quae
999 3099 1233 3154 maxime
1265 3115 1433 3170 quum
1480 3096 1652 3161 mihi,
1706 3103 1824 3151 tum
1876 3097 2043 3152 etiam

197 3197 522 3272 reipublicae
573 3197 874 3252 rationibus
927 3206 1172 3270 putarem
1213 3199 1529 3254 conducere.
1610 3198 1716 3253 Nec
1776 3197 1910 3252 mihi
1949 3197 2041 3251 ali·

206 3305 288 3354 ter
333 3316 484 3371 posse
546 3298 763 3354 videbar
823 3299 1101 3356 hominum
1162 3300 1495 3373 perditorum
1556 3300 1618 3354 de
1677 3318 1762 3354 nic
1821 3300 2043 3354 consilia

214 3450 422 3470 μ.-

266 3530 302 3587 1)
336 3528 468 3590 Epist.
495 3528 546 3574 ud
566 3527 799 3573 Lentulum
834 3529 910 3588 (ad
935 3535 1050 3576 Fam.
1091 3535 1119 3574 1.
1151 3533 1190 3575 9.
1227 3532 1363 3588 921.)
