<?xml version="1.0" encoding="UTF-8"?>
<!DOCTYPE html PUBLIC "-//W3C//DTD XHTML 1.0 Transitional//EN"
    "http://www.w3.org/TR/xhtml1/DTD/xhtml1-transitional.dtd">
<html xmlns="http://www.w3.org/1999/xhtml" xml:lang="en" lang="en">
 <head>
  <title>
</title>
<meta http-equiv="Content-Type" content="text/html;charset=utf-8" />
  <meta name='ocr-system' content='tesseract 3.04.00' />
  <meta name='ocr-capabilities' content='ocr_page ocr_carea ocr_par ocr_line ocrx_word'/>
</head>
<body>
  <div class='ocr_page' id='page_1' title='image "./mtulliiciceronis00suriuoft/mtulliiciceronis00suriuoft_0816.png"; bbox 0 0 2210 3970; ppageno 0'>
   <div class='ocr_carea' id='block_1_1' title="bbox 261 277 2094 560">
    <p class='ocr_par' dir='ltr' id='par_1_1' title="bbox 261 277 2094 560">
     <span class='ocr_line' id='line_1_1' title="bbox 272 277 1627 328; baseline -0.001 0"><span class='ocrx_word' id='word_1_1' title='bbox 272 277 378 328; x_wconf 83' lang='lat'><em>790</em></span> <span class='ocrx_word' id='word_1_2' title='bbox 729 290 1056 326; x_wconf 73' lang='lat' dir='ltr'><strong>ANNALES</strong></span> <span class='ocrx_word' id='word_1_3' title='bbox 1115 287 1627 326; x_wconf 67' lang='grc' dir='ltr'><em>οιαειιοΝιΑΝι.</em></span> 
     </span>
     <span class='ocr_line' id='line_1_2' title="bbox 261 410 2094 481; baseline 0.001 -18"><span class='ocrx_word' id='word_1_4' title='bbox 261 426 369 481; x_wconf 81' lang='lat' dir='ltr'><em>post</em></span> <span class='ocrx_word' id='word_1_5' title='bbox 402 417 590 462; x_wconf 78' lang='lat' dir='ltr'><em>edictum</em></span> <span class='ocrx_word' id='word_1_6' title='bbox 631 419 760 461; x_wconf 68' lang='lat' dir='ltr'><em>Bruti</em></span> <span class='ocrx_word' id='word_1_7' title='bbox 793 416 985 477; x_wconf 66' lang='lat' dir='ltr'><em>affertur</em></span> <span class='ocrx_word' id='word_1_8' title='bbox 1016 426 1059 461; x_wconf 72' lang='lat' dir='ltr'><em>et</em></span> <span class='ocrx_word' id='word_1_9' title='bbox 1095 421 1240 462; x_wconf 71' lang='lat' dir='ltr'><em>Cassii</em></span> <span class='ocrx_word' id='word_1_10' title='bbox 1263 439 1276 462; x_wconf 91' lang='lat'><em>.·</em></span> <span class='ocrx_word' id='word_1_11' title='bbox 1321 419 1440 480; x_wconf 81' lang='lat' dir='ltr'><em>quod</em></span> <span class='ocrx_word' id='word_1_12' title='bbox 1470 419 1646 480; x_wconf 75' lang='lat' dir='ltr'><em>quidem</em></span> <span class='ocrx_word' id='word_1_13' title='bbox 1683 419 1797 463; x_wconf 66' lang='lat' dir='ltr'><em>‘milit&#39;</em></span> <span class='ocrx_word' id='word_1_14' title='bbox 1829 446 1887 458; x_wconf 84' lang='lat'><em>—</em></span> <span class='ocrx_word' id='word_1_15' title='bbox 1916 410 2094 481; x_wconf 76' lang='lat' dir='ltr'><em>plenum</em></span> 
     </span>
     <span class='ocr_line' id='line_1_3' title="bbox 271 495 2094 560; baseline 0.002 -20"><span class='ocrx_word' id='word_1_16' title='bbox 271 496 516 557; x_wconf 79' lang='lat' dir='ltr'><em>aequitatis</em></span> <span class='ocrx_word' id='word_1_17' title='bbox 546 495 788 539; x_wconf 75' lang='lat' dir='ltr'><em>videbatur.</em></span> <span class='ocrx_word' id='word_1_18' title='bbox 853 495 1079 539; x_wconf 81' lang='lat' dir='ltr'><em>Addebant</em></span> <span class='ocrx_word' id='word_1_19' title='bbox 1099 505 1332 560; x_wconf 78' lang='lat' dir='ltr'><em>praeterea</em></span> <span class='ocrx_word' id='word_1_20' title='bbox 1364 525 1422 532; x_wconf 89' lang='lat'>—</span> <span class='ocrx_word' id='word_1_21' title='bbox 1455 514 1546 541; x_wconf 85' lang='lat' dir='ltr'><em>rem</em></span> <span class='ocrx_word' id='word_1_22' title='bbox 1572 504 1875 541; x_wconf 81' lang='lat' dir='ltr'><em>conventuram</em></span> <span class='ocrx_word' id='word_1_23' title='bbox 1890 516 1904 539; x_wconf 92' lang='lat'><em>.·</em></span> <span class='ocrx_word' id='word_1_24' title='bbox 1937 499 2094 542; x_wconf 80' lang='lat' dir='ltr'><em>Kalen-</em></span> 
     </span>
    </p>
   </div>
   <div class='ocr_carea' id='block_1_2' title="bbox 258 571 2100 1028">
    <p class='ocr_par' dir='ltr' id='par_1_2' title="bbox 258 571 2100 1028">
     <span class='ocr_line' id='line_1_4' title="bbox 269 571 2096 635; baseline 0.002 -19"><span class='ocrx_word' id='word_1_25' title='bbox 269 573 340 616; x_wconf 75' lang='lat' dir='ltr'><em>dis</em></span> <span class='ocrx_word' id='word_1_26' title='bbox 373 571 621 615; x_wconf 73' lang='lat' dir='ltr'><em>Sextilibus</em></span> <span class='ocrx_word' id='word_1_27' title='bbox 652 581 853 616; x_wconf 76' lang='lat' dir='ltr'><em>senatum</em></span> <span class='ocrx_word' id='word_1_28' title='bbox 888 574 1174 634; x_wconf 80' lang='lat' dir='ltr'><em>frequentem</em></span> <span class='ocrx_word' id='word_1_29' title='bbox 1196 575 1335 633; x_wconf 85' lang='lat' dir='ltr'><em>fore:</em></span> <span class='ocrx_word' id='word_1_30' title='bbox 1378 579 1643 631; x_wconf 70' lang='lat' dir='ltr'><em>Antonium,</em></span> <span class='ocrx_word' id='word_1_31' title='bbox 1677 573 1927 635; x_wconf 74' lang='lat' dir='ltr'><em>repudiatis</em></span> <span class='ocrx_word' id='word_1_32' title='bbox 1964 576 2096 620; x_wconf 79' lang='lat' dir='ltr'><strong>malis</strong></span> 
     </span>
     <span class='ocr_line' id='line_1_5' title="bbox 268 649 2097 711; baseline 0.002 -17"><span class='ocrx_word' id='word_1_33' title='bbox 268 649 550 698; x_wconf 77' lang='lat' dir='ltr'><em>suasoribus.</em></span> <span class='ocrx_word' id='word_1_34' title='bbox 598 651 798 693; x_wconf 78' lang='lat' dir='ltr'><em>remissis</em></span> <span class='ocrx_word' id='word_1_35' title='bbox 835 650 999 694; x_wconf 78' lang='lat' dir='ltr'><em>Galliis</em></span> <span class='ocrx_word' id='word_1_36' title='bbox 1024 652 1300 711; x_wconf 58' lang='lat' dir='ltr'><em>provinciis„</em></span> <span class='ocrx_word' id='word_1_37' title='bbox 1335 653 1396 697; x_wconf 84' lang='lat' dir='ltr'><em>ad</em></span> <span class='ocrx_word' id='word_1_38' title='bbox 1424 655 1734 698; x_wconf 77' lang='lat' dir='ltr'><em>auctoritatem</em></span> <span class='ocrx_word' id='word_1_39' title='bbox 1766 661 1949 697; x_wconf 75' lang='lat' dir='ltr'><em>senatus</em></span> <span class='ocrx_word' id='word_1_40' title='bbox 1983 654 2097 698; x_wconf 72' lang='lat' dir='ltr'><em>redi-</em></span> 
     </span>
     <span class='ocr_line' id='line_1_6' title="bbox 271 730 2099 790; baseline 0.002 -17"><span class='ocrx_word' id='word_1_41' title='bbox 271 737 433 773; x_wconf 78' lang='lat' dir='ltr'><strong>turum.</strong></span> <span class='ocrx_word' id='word_1_42' title='bbox 518 730 624 771; x_wconf 84' lang='lat' dir='ltr'><em>Tum</em></span> <span class='ocrx_word' id='word_1_43' title='bbox 665 745 766 772; x_wconf 85' lang='lat' dir='ltr'><em>vero</em></span> <span class='ocrx_word' id='word_1_44' title='bbox 811 736 938 771; x_wconf 81' lang='lat' dir='ltr'><em>tanta</em></span> <span class='ocrx_word' id='word_1_45' title='bbox 991 744 1090 772; x_wconf 78' lang='lat' dir='ltr'><em>sum</em></span> <span class='ocrx_word' id='word_1_46' title='bbox 1137 731 1384 790; x_wconf 80' lang='lat' dir='ltr'><em>cupiditate</em></span> <span class='ocrx_word' id='word_1_47' title='bbox 1430 733 1635 776; x_wconf 80' lang='lat' dir='ltr'><em>incensus</em></span> <span class='ocrx_word' id='word_1_48' title='bbox 1683 730 1744 774; x_wconf 85' lang='lat' dir='ltr'><em>ad</em></span> <span class='ocrx_word' id='word_1_49' title='bbox 1782 730 2003 787; x_wconf 77' lang='lat' dir='ltr'><em>reditum,</em></span> <span class='ocrx_word' id='word_1_50' title='bbox 2046 741 2099 776; x_wconf 84' lang='lat' dir='ltr'><em>ut</em></span> 
     </span>
     <span class='ocr_line' id='line_1_7' title="bbox 268 806 2097 869; baseline 0.001 -18"><span class='ocrx_word' id='word_1_51' title='bbox 268 807 381 851; x_wconf 65' lang='lat' dir='ltr'><em>milii</em></span> <span class='ocrx_word' id='word_1_52' title='bbox 409 806 528 851; x_wconf 78' lang='lat' dir='ltr'><em>nulli</em></span> <span class='ocrx_word' id='word_1_53' title='bbox 559 822 696 866; x_wconf 78' lang='lat' dir='ltr'><em>neque</em></span> <span class='ocrx_word' id='word_1_54' title='bbox 727 806 836 848; x_wconf 80' lang='lat' dir='ltr'><em>remi</em></span> <span class='ocrx_word' id='word_1_55' title='bbox 874 822 1020 866; x_wconf 82' lang='lat' dir='ltr'><em>¹neque</em></span> <span class='ocrx_word' id='word_1_56' title='bbox 1055 810 1175 852; x_wconf 75' lang='lat' dir='ltr'><em>venti</em></span> <span class='ocrx_word' id='word_1_57' title='bbox 1206 809 1546 868; x_wconf 79' lang='lat' dir='ltr'><em>satisfacerent:</em></span> <span class='ocrx_word' id='word_1_58' title='bbox 1578 825 1662 853; x_wconf 82' lang='lat' dir='ltr'><em>non</em></span> <span class='ocrx_word' id='word_1_59' title='bbox 1692 824 1777 869; x_wconf 85' lang='lat' dir='ltr'><em>quo</em></span> <span class='ocrx_word' id='word_1_60' title='bbox 1809 826 1876 852; x_wconf 85' lang='lat' dir='ltr'><em>me</em></span> <span class='ocrx_word' id='word_1_61' title='bbox 1907 808 1968 852; x_wconf 84' lang='lat' dir='ltr'><em>ad</em></span> <span class='ocrx_word' id='word_1_62' title='bbox 1992 817 2097 853; x_wconf 77' lang='lat' dir='ltr'><em>tem-</em></span> 
     </span>
     <span class='ocr_line' id='line_1_8' title="bbox 258 884 2099 947; baseline 0 -17"><span class='ocrx_word' id='word_1_63' title='bbox 258 902 353 946; x_wconf 71' lang='lat' dir='ltr'><em>pus</em></span> <span class='ocrx_word' id='word_1_64' title='bbox 384 900 668 929; x_wconf 74' lang='lat' dir='ltr'><strong>occursurum</strong></span> <span class='ocrx_word' id='word_1_65' title='bbox 699 900 784 927; x_wconf 76' lang='lat' dir='ltr'><em>non</em></span> <span class='ocrx_word' id='word_1_66' title='bbox 802 891 1012 942; x_wconf 79' lang='lat' dir='ltr'><em>putarem</em></span> <span class='ocrx_word' id='word_1_67' title='bbox 1031 911 1045 933; x_wconf 76' lang='lat'><strong>‚</strong></span> <span class='ocrx_word' id='word_1_68' title='bbox 1079 884 1159 928; x_wconf 82' lang='lat' dir='ltr'><em>sed</em></span> <span class='ocrx_word' id='word_1_69' title='bbox 1185 902 1238 929; x_wconf 79' lang='lat' dir='ltr'><em>ne</em></span> <span class='ocrx_word' id='word_1_70' title='bbox 1276 886 1484 942; x_wconf 62' lang='lat' dir='ltr'><em>tar-diue,</em></span> <span class='ocrx_word' id='word_1_71' title='bbox 1516 902 1649 946; x_wconf 81' lang='lat' dir='ltr'><em>quam</em></span> <span class='ocrx_word' id='word_1_72' title='bbox 1690 903 1915 946; x_wconf 81' lang='lat' dir='ltr'><em>cuperem,</em></span> <span class='ocrx_word' id='word_1_73' title='bbox 1949 887 2099 947; x_wconf 80' lang='lat' dir='ltr'><em>reipu-</em></span> 
     </span>
     <span class='ocr_line' id='line_1_9' title="bbox 267 960 2100 1028; baseline 0.002 -21"><span class='ocrx_word' id='word_1_74' title='bbox 267 963 406 1007; x_wconf 81' lang='lat' dir='ltr'><em>blicae</em></span> <span class='ocrx_word' id='word_1_75' title='bbox 444 961 714 1023; x_wconf 78' lang='lat' dir='ltr'><em>gratularer.</em></span> <span class='ocrx_word' id='word_1_76' title='bbox 770 960 989 1023; x_wconf 84' lang='lat' dir='ltr'><strong>Plutarch.</strong></span> <span class='ocrx_word' id='word_1_77' title='bbox 1038 963 1120 1006; x_wconf 87' lang='lat' dir='ltr'><strong>Cic.</strong></span> <span class='ocrx_word' id='word_1_78' title='bbox 1169 979 1205 1007; x_wconf 84' lang='lat' dir='ltr'><em>c.</em></span> <span class='ocrx_word' id='word_1_79' title='bbox 1241 967 1311 1007; x_wconf 80' lang='lat'><em>43.</em></span> <span class='ocrx_word' id='word_1_80' title='bbox 1346 968 1386 1008; x_wconf 86' lang='lat'><em>2.</em></span> <span class='ocrx_word' id='word_1_81' title='bbox 1450 963 1724 1025; x_wconf 77' lang='grc' dir='ltr'><em>Γενομένης</em></span> <span class='ocrx_word' id='word_1_82' title='bbox 1767 963 1821 1011; x_wconf 83' lang='grc' dir='ltr'><em>δὲ</em></span> <span class='ocrx_word' id='word_1_83' title='bbox 1863 969 1971 1028; x_wconf 80' lang='grc' dir='ltr'><em>περὶ</em></span> <span class='ocrx_word' id='word_1_84' title='bbox 2018 966 2100 1012; x_wconf 84' lang='grc' dir='ltr'><em>τὸν</em></span> 
     </span>
    </p>
   </div>
   <div class='ocr_carea' id='block_1_3' title="bbox 265 1035 2188 1424">
    <p class='ocr_par' dir='ltr' id='par_1_3' title="bbox 265 1035 2188 1424">
     <span class='ocr_line' id='line_1_10' title="bbox 266 1035 2187 1105; baseline 0.001 -18"><span class='ocrx_word' id='word_1_85' title='bbox 266 1043 420 1088; x_wconf 82' lang='grc' dir='ltr'><em>πλοῦν</em></span> <span class='ocrx_word' id='word_1_86' title='bbox 449 1038 729 1101; x_wconf 77' lang='grc' dir='ltr'><em>διατριβῆς,</em></span> <span class='ocrx_word' id='word_1_87' title='bbox 766 1042 846 1084; x_wconf 86' lang='grc' dir='ltr'><em>καὶ</em></span> <span class='ocrx_word' id='word_1_88' title='bbox 867 1041 1020 1102; x_wconf 83' lang='grc' dir='ltr'><em>λόγων</em></span> <span class='ocrx_word' id='word_1_89' title='bbox 1053 1039 1149 1085; x_wconf 81' lang='grc' dir='ltr'><em>άπὸ</em></span> <span class='ocrx_word' id='word_1_90' title='bbox 1181 1041 1398 1103; x_wconf 70' lang='grc' dir='ltr'><em>“Ρώμης,</em></span> <span class='ocrx_word' id='word_1_91' title='bbox 1435 1035 1517 1090; x_wconf 69' lang='grc' dir='ltr'><em>οἶα</em></span> <span class='ocrx_word' id='word_1_92' title='bbox 1537 1044 1703 1101; x_wconf 83' lang='grc' dir='ltr'><em>φιλεῖ,</em></span> <span class='ocrx_word' id='word_1_93' title='bbox 1730 1045 1914 1094; x_wconf 69' lang='grc' dir='ltr'><em>καινῶν</em></span> <span class='ocrx_word' id='word_1_94' title='bbox 1948 1062 2102 1105; x_wconf 83' lang='grc' dir='ltr'><em>προσ·</em></span> <span class='ocrx_word' id='word_1_95' title='bbox 2176 1062 2187 1089; x_wconf 68' lang='grc' dir='ltr'><em>,τ’</em></span> 
     </span>
     <span class='ocr_line' id='line_1_11' title="bbox 266 1117 2176 1184; baseline 0.002 -18"><span class='ocrx_word' id='word_1_96' title='bbox 266 1121 545 1175; x_wconf 77' lang='grc' dir='ltr'><em>πεσόντων,</em></span> <span class='ocrx_word' id='word_1_97' title='bbox 593 1117 990 1178; x_wconf 85' lang='grc' dir='ltr'><em>μεταβεβλῆσθαι</em></span> <span class='ocrx_word' id='word_1_98' title='bbox 1040 1118 1127 1180; x_wconf 81' lang='grc' dir='ltr'><em>μὲν</em></span> <span class='ocrx_word' id='word_1_99' title='bbox 1184 1121 1455 1168; x_wconf 83' lang='grc' dir='ltr'><em>’Λντώνιον</em></span> <span class='ocrx_word' id='word_1_100' title='bbox 1497 1123 1786 1184; x_wconf 80' lang='grc' dir='ltr'><em>θαυμαστήν</em></span> <span class='ocrx_word' id='word_1_101' title='bbox 1829 1123 2099 1184; x_wconf 76' lang='grc' dir='ltr'><em>μεταβολήν</em></span> <span class='ocrx_word' id='word_1_102' title='bbox 2174 1163 2176 1165; x_wconf 61' lang='grc'><strong>,</strong></span> 
     </span>
     <span class='ocr_line' id='line_1_12' title="bbox 268 1196 2182 1266; baseline 0.003 -21"><span class='ocrx_word' id='word_1_103' title='bbox 268 1203 352 1246; x_wconf 77' lang='grc' dir='ltr'><em>καὶ</em></span> <span class='ocrx_word' id='word_1_104' title='bbox 390 1202 546 1245; x_wconf 88' lang='grc' dir='ltr'><em>πάντα</em></span> <span class='ocrx_word' id='word_1_105' title='bbox 574 1201 805 1261; x_wconf 87' lang='grc' dir='ltr'><em>πράττειν</em></span> <span class='ocrx_word' id='word_1_106' title='bbox 835 1203 916 1245; x_wconf 88' lang='grc' dir='ltr'><em>καὶ</em></span> <span class='ocrx_word' id='word_1_107' title='bbox 944 1202 1304 1246; x_wconf 85' lang='grc' dir='ltr'><em>πολιτεύεσθαι</em></span> <span class='ocrx_word' id='word_1_108' title='bbox 1338 1201 1455 1263; x_wconf 86' lang='grc' dir='ltr'><em>πρὸς</em></span> <span class='ocrx_word' id='word_1_109' title='bbox 1487 1203 1570 1261; x_wconf 83' lang='grc' dir='ltr'><em>τήν</em></span> <span class='ocrx_word' id='word_1_110' title='bbox 1607 1205 1906 1266; x_wconf 84' lang='grc' dir='ltr'><em>σύγκλητον,</em></span> <span class='ocrx_word' id='word_1_111' title='bbox 1943 1196 2100 1250; x_wconf 80' lang='grc' dir='ltr'><em>ἐνδεῖν</em></span> <span class='ocrx_word' id='word_1_112' title='bbox 2180 1245 2182 1252; x_wconf 94' lang='grc'><strong>,</strong></span> 
     </span>
     <span class='ocr_line' id='line_1_13' title="bbox 266 1277 2098 1345; baseline 0.003 -21"><span class='ocrx_word' id='word_1_113' title='bbox 266 1277 320 1325; x_wconf 81' lang='grc' dir='ltr'><em>δὲ</em></span> <span class='ocrx_word' id='word_1_114' title='bbox 354 1282 438 1336; x_wconf 83' lang='grc' dir='ltr'><em>τῆς</em></span> <span class='ocrx_word' id='word_1_115' title='bbox 471 1277 658 1324; x_wconf 62' lang='grc' dir='ltr'><em>ἐκείνου</em></span> <span class='ocrx_word' id='word_1_116' title='bbox 699 1283 966 1341; x_wconf 74' lang='grc' dir='ltr'><strong><em>παρουσίας</em></strong></span> <span class='ocrx_word' id='word_1_117' title='bbox 1001 1282 1059 1325; x_wconf 81' lang='grc' dir='ltr'><em>τά</em></span> <span class='ocrx_word' id='word_1_118' title='bbox 1091 1280 1346 1343; x_wconf 86' lang='grc' dir='ltr'><em>πράγματα</em></span> <span class='ocrx_word' id='word_1_119' title='bbox 1377 1282 1442 1341; x_wconf 80' lang='grc' dir='ltr'><em>μή</em></span> <span class='ocrx_word' id='word_1_120' title='bbox 1474 1282 1557 1341; x_wconf 77' lang='grc' dir='ltr'><em>τήν</em></span> <span class='ocrx_word' id='word_1_121' title='bbox 1602 1282 1805 1345; x_wconf 79' lang='grc' dir='ltr'><em>ἀρίστην</em></span> <span class='ocrx_word' id='word_1_122' title='bbox 1835 1283 1966 1340; x_wconf 80' lang='grc' dir='ltr'><em>ἔχειν</em></span> <span class='ocrx_word' id='word_1_123' title='bbox 1993 1285 2098 1330; x_wconf 84' lang='grc' dir='ltr'><em>διά·</em></span> 
     </span>
     <span class='ocr_line' id='line_1_14' title="bbox 265 1359 2188 1424; baseline 0.002 -18"><span class='ocrx_word' id='word_1_124' title='bbox 265 1363 446 1414; x_wconf 81' lang='grc' dir='ltr'><em>θεσιν,</em></span> <span class='ocrx_word' id='word_1_125' title='bbox 491 1362 919 1420; x_wconf 78' lang='grc' dir='ltr'><em>καταμεμψάμενος</em></span> <span class='ocrx_word' id='word_1_126' title='bbox 967 1359 1117 1413; x_wconf 80' lang='grc' dir='ltr'><em>αὐτὸς</em></span> <span class='ocrx_word' id='word_1_127' title='bbox 1153 1361 1307 1407; x_wconf 79' lang='grc' dir='ltr'><em>αὑτοῦ</em></span> <span class='ocrx_word' id='word_1_128' title='bbox 1353 1362 1436 1420; x_wconf 80' lang='grc' dir='ltr'><em>τήν</em></span> <span class='ocrx_word' id='word_1_129' title='bbox 1478 1363 1659 1421; x_wconf 77' lang='grc' dir='ltr'><em>πολλήν</em></span> <span class='ocrx_word' id='word_1_130' title='bbox 1693 1363 1958 1424; x_wconf 77' lang='grc' dir='ltr'><em>εὐλάβειαν</em></span> <span class='ocrx_word' id='word_1_131' title='bbox 1998 1363 2102 1409; x_wconf 83' lang='grc' dir='ltr'><em>ἀνέ·</em></span> <span class='ocrx_word' id='word_1_132' title='bbox 2183 1418 2188 1421; x_wconf 39' lang='grc'><strong>,</strong></span> 
     </span>
    </p>
   </div>
   <div class='ocr_carea' id='block_1_4' title="bbox 267 1435 2102 1505">
    <p class='ocr_par' dir='ltr' id='par_1_4' title="bbox 267 1435 2102 1505">
     <span class='ocr_line' id='line_1_15' title="bbox 267 1435 2102 1505; baseline 0.002 -19"><span class='ocrx_word' id='word_1_133' title='bbox 267 1457 471 1502; x_wconf 86' lang='grc' dir='ltr'><em>στρεφεν</em></span> <span class='ocrx_word' id='word_1_134' title='bbox 503 1435 656 1493; x_wconf 63' lang='grc' dir='ltr'><em>αὖθις</em></span> <span class='ocrx_word' id='word_1_135' title='bbox 687 1443 759 1491; x_wconf 81' lang='grc' dir='ltr'><em>εἰς</em></span> <span class='ocrx_word' id='word_1_136' title='bbox 796 1437 1001 1498; x_wconf 72' lang='grc' dir='ltr'><em>“Ρώμην.</em></span> <span class='ocrx_word' id='word_1_137' title='bbox 1064 1444 1165 1484; x_wconf 85' lang='grc' dir='ltr'><em>Καὶ</em></span> <span class='ocrx_word' id='word_1_138' title='bbox 1209 1442 1302 1486; x_wconf 86' lang='grc' dir='ltr'><em>τῶν</em></span> <span class='ocrx_word' id='word_1_139' title='bbox 1345 1441 1544 1505; x_wconf 85' lang='grc' dir='ltr'><em>πρώτων</em></span> <span class='ocrx_word' id='word_1_140' title='bbox 1584 1444 1643 1489; x_wconf 80' lang='grc' dir='ltr'><em>οὐ</em></span> <span class='ocrx_word' id='word_1_141' title='bbox 1680 1442 1998 1504; x_wconf 80' lang='grc' dir='ltr'><em>διημάρτανεν</em></span> <span class='ocrx_word' id='word_1_142' title='bbox 2027 1443 2102 1489; x_wconf 78' lang='grc' dir='ltr'><em>ἑλ-</em></span> 
     </span>
    </p>
   </div>
   <div class='ocr_carea' id='block_1_5' title="bbox 267 1518 2099 1584">
    <p class='ocr_par' dir='ltr' id='par_1_5' title="bbox 267 1518 2186 1584">
     <span class='ocr_line' id='line_1_16' title="bbox 267 1518 2099 1584; baseline 0.002 -19"><span class='ocrx_word' id='word_1_143' title='bbox 267 1519 448 1565; x_wconf 83' lang='grc' dir='ltr'><em>πὶδων·</em></span> <span class='ocrx_word' id='word_1_144' title='bbox 483 1525 716 1566; x_wconf 79' lang='grc' dir='ltr'><em>τοσοῦτον</em></span> <span class='ocrx_word' id='word_1_145' title='bbox 760 1522 951 1576; x_wconf 86' lang='grc' dir='ltr'><em>πλῆθος</em></span> <span class='ocrx_word' id='word_1_146' title='bbox 1000 1518 1272 1581; x_wconf 83' lang='grc' dir='ltr'><em>ἀνθρώπων</em></span> <span class='ocrx_word' id='word_1_147' title='bbox 1317 1520 1410 1568; x_wconf 70' lang='grc' dir='ltr'><em>ὑπὸ</em></span> <span class='ocrx_word' id='word_1_148' title='bbox 1451 1525 1603 1584; x_wconf 80' lang='grc' dir='ltr'><em>χαρᾶς</em></span> <span class='ocrx_word' id='word_1_149' title='bbox 1651 1527 1732 1568; x_wconf 82' lang='grc' dir='ltr'><em>καὶ</em></span> <span class='ocrx_word' id='word_1_150' title='bbox 1775 1525 1942 1568; x_wconf 92' lang='grc' dir='ltr'><em>πόθου</em></span> <span class='ocrx_word' id='word_1_151' title='bbox 1981 1523 2099 1584; x_wconf 87' lang='grc' dir='ltr'><em>πρὸς</em></span> 
     </span>
    </p>
   </div>
   <div class='ocr_carea' id='block_1_6' title="bbox 267 1597 2100 1823">
    <p class='ocr_par' dir='ltr' id='par_1_6' title="bbox 267 1597 2100 1823">
     <span class='ocr_line' id='line_1_17' title="bbox 270 1597 2100 1665; baseline 0.002 -22"><span class='ocrx_word' id='word_1_152' title='bbox 270 1599 355 1657; x_wconf 75' lang='grc' dir='ltr'><em>τήν</em></span> <span class='ocrx_word' id='word_1_153' title='bbox 388 1597 658 1658; x_wconf 82' lang='grc' dir='ltr'><em>ἀπάντησιν</em></span> <span class='ocrx_word' id='word_1_154' title='bbox 697 1599 933 1658; x_wconf 76' lang='grc' dir='ltr'><em>ἐξεχύθη,</em></span> <span class='ocrx_word' id='word_1_155' title='bbox 981 1604 1062 1646; x_wconf 82' lang='grc' dir='ltr'><em>καὶ</em></span> <span class='ocrx_word' id='word_1_156' title='bbox 1103 1600 1279 1658; x_wconf 83' lang='grc' dir='ltr'><em>σχεδὸν</em></span> <span class='ocrx_word' id='word_1_157' title='bbox 1329 1600 1590 1663; x_wconf 74' lang='grc' dir='ltr'><em>ἡμερήσιον</em></span> <span class='ocrx_word' id='word_1_158' title='bbox 1629 1601 1880 1660; x_wconf 74' lang='grc' dir='ltr'><em>ἀνήλωσαν</em></span> <span class='ocrx_word' id='word_1_159' title='bbox 1922 1603 2100 1665; x_wconf 79' lang='grc' dir='ltr'><em>χρόνον</em></span> 
     </span>
     <span class='ocr_line' id='line_1_18' title="bbox 270 1680 2100 1741; baseline 0.002 -18"><span class='ocrx_word' id='word_1_160' title='bbox 270 1680 465 1740; x_wconf 79' lang='grc' dir='ltr'><em>αἱπερὶ</em></span> <span class='ocrx_word' id='word_1_161' title='bbox 512 1683 596 1733; x_wconf 83' lang='grc' dir='ltr'><em>τάς</em></span> <span class='ocrx_word' id='word_1_162' title='bbox 629 1682 786 1732; x_wconf 88' lang='grc' dir='ltr'><em>πύλας</em></span> <span class='ocrx_word' id='word_1_163' title='bbox 832 1683 915 1725; x_wconf 77' lang='grc' dir='ltr'><em>καὶ</em></span> <span class='ocrx_word' id='word_1_164' title='bbox 961 1680 1046 1738; x_wconf 73' lang='grc' dir='ltr'><em>τήν</em></span> <span class='ocrx_word' id='word_1_165' title='bbox 1093 1681 1292 1726; x_wconf 77' lang='grc' dir='ltr'><em>εἴσοδον</em></span> <span class='ocrx_word' id='word_1_166' title='bbox 1343 1683 1499 1728; x_wconf 84' lang='grc' dir='ltr'><em>αὐτοῦ</em></span> <span class='ocrx_word' id='word_1_167' title='bbox 1542 1681 1792 1734; x_wconf 83' lang='grc' dir='ltr'><em>δεξιώσεις</em></span> <span class='ocrx_word' id='word_1_168' title='bbox 1836 1686 1915 1729; x_wconf 81' lang='grc' dir='ltr'><em>καὶ</em></span> <span class='ocrx_word' id='word_1_169' title='bbox 1960 1684 2100 1741; x_wconf 82' lang='grc' dir='ltr'><em>φιλο·</em></span> 
     </span>
     <span class='ocr_line' id='line_1_19' title="bbox 267 1762 533 1823; baseline -0.008 -17"><span class='ocrx_word' id='word_1_170' title='bbox 267 1762 533 1823; x_wconf 87' lang='grc' dir='ltr'><em>φροσύναι.</em></span> 
     </span>
    </p>
   </div>
   <div class='ocr_carea' id='block_1_7' title="bbox 264 1855 2100 2037">
    <p class='ocr_par' dir='ltr' id='par_1_7' title="bbox 264 1855 2100 2037">
     <span class='ocr_line' id='line_1_20' title="bbox 345 1855 2100 1938; baseline 0.001 -22"><span class='ocrx_word' id='word_1_171' title='bbox 345 1862 430 1938; x_wconf 87' lang='lat'><strong>(2⁰)</strong></span> <span class='ocrx_word' id='word_1_172' title='bbox 474 1863 738 1917; x_wconf 76' lang='lat' dir='ltr'><em>Antonius</em></span> <span class='ocrx_word' id='word_1_173' title='bbox 777 1861 999 1916; x_wconf 85' lang='lat' dir='ltr'><strong>Kalend.</strong></span> <span class='ocrx_word' id='word_1_174' title='bbox 1044 1860 1311 1934; x_wconf 82' lang='lat' dir='ltr'><em>Septemb.</em></span> <span class='ocrx_word' id='word_1_175' title='bbox 1354 1870 1602 1918; x_wconf 85' lang='lat' dir='ltr'><em>senatum</em></span> <span class='ocrx_word' id='word_1_176' title='bbox 1643 1863 1832 1919; x_wconf 88' lang='lat' dir='ltr'><strong>hahuit</strong></span> <span class='ocrx_word' id='word_1_177' title='bbox 1867 1864 1931 1919; x_wconf 93' lang='lat' dir='ltr'><em>de</em></span> <span class='ocrx_word' id='word_1_178' title='bbox 1979 1855 2100 1937; x_wconf 84' lang='lat' dir='ltr'><strong>sup-</strong></span> 
     </span>
     <span class='ocr_line' id='line_1_21' title="bbox 264 1962 2100 2037; baseline 0.001 -19"><span class='ocrx_word' id='word_1_179' title='bbox 264 1963 644 2037; x_wconf 81' lang='lat' dir='ltr'><strong>plicationibus</strong></span> <span class='ocrx_word' id='word_1_180' title='bbox 685 1963 898 2018; x_wconf 82' lang='lat' dir='ltr'><em>Caesari</em></span> <span class='ocrx_word' id='word_1_181' title='bbox 939 1962 1304 2018; x_wconf 79' lang='lat' dir='ltr'><em>decernendis,</em></span> <span class='ocrx_word' id='word_1_182' title='bbox 1385 1966 1568 2020; x_wconf 85' lang='lat' dir='ltr'><strong>Cicero</strong></span> <span class='ocrx_word' id='word_1_183' title='bbox 1609 1967 1664 2019; x_wconf 90' lang='lat' dir='ltr'><em>in</em></span> <span class='ocrx_word' id='word_1_184' title='bbox 1711 1973 1957 2020; x_wconf 80' lang='lat' dir='ltr'><em>senatum</em></span> <span class='ocrx_word' id='word_1_185' title='bbox 1995 1984 2100 2020; x_wconf 87' lang='lat' dir='ltr'><em>non</em></span> 
     </span>
    </p>
   </div>
   <div class='ocr_carea' id='block_1_8' title="bbox 263 2062 2116 2127">
    <p class='ocr_par' dir='ltr' id='par_1_8' title="bbox 263 2062 2116 2127">
     <span class='ocr_line' id='line_1_22' title="bbox 263 2062 2116 2127; baseline 0.001 -8"><span class='ocrx_word' id='word_1_186' title='bbox 263 2066 442 2127; x_wconf 86' lang='lat' dir='ltr'><em>venit,</em></span> <span class='ocrx_word' id='word_1_187' title='bbox 499 2063 723 2118; x_wconf 71' lang='lat' dir='ltr'><em>fortasse</em></span> <span class='ocrx_word' id='word_1_188' title='bbox 768 2071 1014 2118; x_wconf 87' lang='lat' dir='ltr'><em>metuens</em></span> <span class='ocrx_word' id='word_1_189' title='bbox 1054 2062 1119 2117; x_wconf 89' lang='lat' dir='ltr'><em>ab</em></span> <span class='ocrx_word' id='word_1_190' title='bbox 1167 2063 1398 2117; x_wconf 87' lang='lat' dir='ltr'><em>Antonio</em></span> <span class='ocrx_word' id='word_1_191' title='bbox 1439 2065 1696 2127; x_wconf 88' lang='lat' dir='ltr'><strong>insidias;</strong></span> <span class='ocrx_word' id='word_1_192' title='bbox 1735 2066 1883 2120; x_wconf 85' lang='lat' dir='ltr'><strong>misit</strong></span> <span class='ocrx_word' id='word_1_193' title='bbox 1922 2072 2116 2121; x_wconf 80' lang='lat' dir='ltr'><em>tamen</em></span> 
     </span>
    </p>
   </div>
   <div class='ocr_carea' id='block_1_9' title="bbox 264 2163 2102 2330">
    <p class='ocr_par' dir='ltr' id='par_1_9' title="bbox 264 2163 2102 2330">
     <span class='ocr_line' id='line_1_23' title="bbox 265 2163 2102 2238; baseline 0.001 -17"><span class='ocrx_word' id='word_1_194' title='bbox 265 2165 331 2220; x_wconf 90' lang='lat' dir='ltr'><em>ad</em></span> <span class='ocrx_word' id='word_1_195' title='bbox 383 2166 712 2228; x_wconf 84' lang='lat' dir='ltr'><strong>Antonium,</strong></span> <span class='ocrx_word' id='word_1_196' title='bbox 763 2164 855 2236; x_wconf 91' lang='lat' dir='ltr'><em>qui</em></span> <span class='ocrx_word' id='word_1_197' title='bbox 897 2165 945 2218; x_wconf 93' lang='lat' dir='ltr'><em>ei</em></span> <span class='ocrx_word' id='word_1_198' title='bbox 987 2163 1197 2219; x_wconf 59' lang='lat' dir='ltr'><em>diceret*</em></span> <span class='ocrx_word' id='word_1_199' title='bbox 1246 2181 1302 2219; x_wconf 88' lang='lat' dir='ltr'><em>se</em></span> <span class='ocrx_word' id='word_1_200' title='bbox 1349 2182 1413 2219; x_wconf 89' lang='lat' dir='ltr'><em>ex</em></span> <span class='ocrx_word' id='word_1_201' title='bbox 1455 2166 1543 2221; x_wconf 89' lang='lat' dir='ltr'><em>via</em></span> <span class='ocrx_word' id='word_1_202' title='bbox 1591 2166 1863 2238; x_wconf 82' lang='lat' dir='ltr'><em>languere.</em></span> <span class='ocrx_word' id='word_1_203' title='bbox 1942 2168 2102 2222; x_wconf 85' lang='lat' dir='ltr'><em>Anto·</em></span> 
     </span>
     <span class='ocr_line' id='line_1_24' title="bbox 264 2265 2102 2330; baseline 0 -8"><span class='ocrx_word' id='word_1_204' title='bbox 264 2268 390 2322; x_wconf 89' lang='lat' dir='ltr'><em>nius</em></span> <span class='ocrx_word' id='word_1_205' title='bbox 424 2269 478 2321; x_wconf 92' lang='lat' dir='ltr'><em>in</em></span> <span class='ocrx_word' id='word_1_206' title='bbox 511 2273 702 2322; x_wconf 82' lang='lat' dir='ltr'><em>senatu</em></span> <span class='ocrx_word' id='word_1_207' title='bbox 742 2266 912 2328; x_wconf 87' lang='lat' dir='ltr'>dixit,</span> <span class='ocrx_word' id='word_1_208' title='bbox 954 2266 1059 2319; x_wconf 90' lang='lat' dir='ltr'><em>nisi</em></span> <span class='ocrx_word' id='word_1_209' title='bbox 1098 2265 1340 2330; x_wconf 82' lang='lat' dir='ltr'><em>veniret,</em></span> <span class='ocrx_word' id='word_1_210' title='bbox 1382 2266 1558 2322; x_wconf 83' lang='lat' dir='ltr'><strong>fabros</strong></span> <span class='ocrx_word' id='word_1_211' title='bbox 1602 2285 1658 2322; x_wconf 89' lang='lat' dir='ltr'><em>se</em></span> <span class='ocrx_word' id='word_1_212' title='bbox 1703 2269 1998 2323; x_wconf 88' lang='lat' dir='ltr'><strong>missurum</strong></span> <span class='ocrx_word' id='word_1_213' title='bbox 2049 2276 2102 2324; x_wconf 82' lang='lat' dir='ltr'><em>et</em></span> 
     </span>
    </p>
   </div>
   <div class='ocr_carea' id='block_1_10' title="bbox 265 2367 1628 2423">
    <p class='ocr_par' dir='ltr' id='par_1_10' title="bbox 265 2367 1628 2423">
     <span class='ocr_line' id='line_1_25' title="bbox 265 2367 1628 2423; baseline 0 -1"><span class='ocrx_word' id='word_1_214' title='bbox 265 2367 483 2422; x_wconf 88' lang='lat' dir='ltr'><strong>domum</strong></span> <span class='ocrx_word' id='word_1_215' title='bbox 533 2369 649 2422; x_wconf 89' lang='lat' dir='ltr'><em>eius</em></span> <span class='ocrx_word' id='word_1_216' title='bbox 690 2367 1141 2421; x_wconf 81' lang='lat' dir='ltr'><strong>disturbaturum.</strong></span> <span class='ocrx_word' id='word_1_217' title='bbox 1184 2384 1255 2420; x_wconf 75' lang='lat' dir='ltr'><em>xx.</em></span> <span class='ocrx_word' id='word_1_218' title='bbox 1297 2385 1346 2422; x_wconf 85' lang='grc' dir='ltr'><em>ο.</em></span> <span class='ocrx_word' id='word_1_219' title='bbox 1381 2371 1469 2422; x_wconf 85' lang='grc'><em>58.</em></span> <span class='ocrx_word' id='word_1_220' title='bbox 1508 2372 1628 2423; x_wconf 92' lang='grc'><strong>107.</strong></span> 
     </span>
    </p>
   </div>
   <div class='ocr_carea' id='block_1_11' title="bbox 246 2465 2102 3091">
    <p class='ocr_par' dir='ltr' id='par_1_11' title="bbox 246 2465 2102 3091">
     <span class='ocr_line' id='line_1_26' title="bbox 326 2465 2102 2532; baseline 0.003 -19"><span class='ocrx_word' id='word_1_221' title='bbox 326 2467 546 2514; x_wconf 84' lang='lat' dir='ltr'><strong>Plutarch.</strong></span> <span class='ocrx_word' id='word_1_222' title='bbox 580 2468 664 2512; x_wconf 83' lang='lat' dir='ltr'><em>cic.</em></span> <span class='ocrx_word' id='word_1_223' title='bbox 715 2484 748 2511; x_wconf 90' lang='lat' dir='ltr'><em>c.</em></span> <span class='ocrx_word' id='word_1_224' title='bbox 777 2471 848 2511; x_wconf 80' lang='lat'><em>43.</em></span> <span class='ocrx_word' id='word_1_225' title='bbox 883 2471 924 2511; x_wconf 86' lang='lat'><em>2.</em></span> <span class='ocrx_word' id='word_1_226' title='bbox 975 2469 1045 2525; x_wconf 87' lang='grc' dir='ltr'><em>(Ὁ</em></span> <span class='ocrx_word' id='word_1_227' title='bbox 1077 2466 1322 2530; x_wconf 80' lang='grc' dir='ltr'><em>Κικέρων)</em></span> <span class='ocrx_word' id='word_1_228' title='bbox 1372 2467 1661 2532; x_wconf 78' lang='grc' dir='ltr'><em>ἀνέστρεφεν</em></span> <span class='ocrx_word' id='word_1_229' title='bbox 1693 2465 1845 2523; x_wconf 71' lang='grc' dir='ltr'><em>αὖθις</em></span> <span class='ocrx_word' id='word_1_230' title='bbox 1885 2474 1957 2523; x_wconf 79' lang='grc' dir='ltr'><em>εἰς</em></span> <span class='ocrx_word' id='word_1_231' title='bbox 1989 2468 2102 2517; x_wconf 80' lang='grc' dir='ltr'><em>Ῥώ-</em></span> 
     </span>
     <span class='ocr_line' id='line_1_27' title="bbox 261 2545 2099 2611; baseline 0.004 -22"><span class='ocrx_word' id='word_1_232' title='bbox 261 2555 375 2607; x_wconf 81' lang='grc' dir='ltr'><em>μην.</em></span> <span class='ocrx_word' id='word_1_233' title='bbox 408 2572 468 2580; x_wconf 92' lang='lat'><em>—-</em></span> <span class='ocrx_word' id='word_1_234' title='bbox 502 2550 568 2604; x_wconf 85' lang='grc' dir='ltr'><em>Τῇ</em></span> <span class='ocrx_word' id='word_1_235' title='bbox 606 2546 649 2590; x_wconf 87' lang='grc' dir='ltr'><em>δ’</em></span> <span class='ocrx_word' id='word_1_236' title='bbox 707 2545 939 2606; x_wconf 77' lang='grc' dir='ltr'><em>ὑστεραίᾳ</em></span> <span class='ocrx_word' id='word_1_237' title='bbox 987 2546 1165 2606; x_wconf 76' lang='grc' dir='ltr'><em>βουλήν</em></span> <span class='ocrx_word' id='word_1_238' title='bbox 1204 2549 1559 2611; x_wconf 77' lang='grc' dir='ltr'><em>συναγαγόντος</em></span> <span class='ocrx_word' id='word_1_239' title='bbox 1591 2552 1859 2596; x_wconf 77' lang='grc' dir='ltr'><em>Ἀντωνίου</em></span> <span class='ocrx_word' id='word_1_240' title='bbox 1896 2556 1978 2596; x_wconf 75' lang='grc' dir='ltr'><em>καὶ</em></span> <span class='ocrx_word' id='word_1_241' title='bbox 2021 2569 2099 2596; x_wconf 90' lang='grc' dir='ltr'><em>κα-</em></span> 
     </span>
     <span class='ocr_line' id='line_1_28' title="bbox 267 2620 2100 2689; baseline 0.004 -19"><span class='ocrx_word' id='word_1_242' title='bbox 267 2627 473 2678; x_wconf 83' lang='grc' dir='ltr'><em>λοῦντος</em></span> <span class='ocrx_word' id='word_1_243' title='bbox 502 2624 652 2671; x_wconf 79' lang='grc' dir='ltr'><em>αὐτὸν</em></span> <span class='ocrx_word' id='word_1_244' title='bbox 686 2625 776 2671; x_wconf 84' lang='grc' dir='ltr'><em>οὐκ</em></span> <span class='ocrx_word' id='word_1_245' title='bbox 811 2620 988 2684; x_wconf 76' lang='grc' dir='ltr'><em>ἦλθεν,</em></span> <span class='ocrx_word' id='word_1_246' title='bbox 1026 2625 1149 2672; x_wconf 77' lang='grc' dir='ltr'><em>ἀλλὰ</em></span> <span class='ocrx_word' id='word_1_247' title='bbox 1184 2626 1436 2673; x_wconf 84' lang='grc' dir='ltr'><em>κατέκειτο</em></span> <span class='ocrx_word' id='word_1_248' title='bbox 1457 2664 1468 2684; x_wconf 83' lang='grc'>,</span> <span class='ocrx_word' id='word_1_249' title='bbox 1505 2631 1731 2689; x_wconf 83' lang='grc' dir='ltr'><em>μαλακῶς</em></span> <span class='ocrx_word' id='word_1_250' title='bbox 1758 2630 1891 2688; x_wconf 77' lang='grc' dir='ltr'><em>ἔχειν</em></span> <span class='ocrx_word' id='word_1_251' title='bbox 1926 2631 1980 2677; x_wconf 75' lang='grc' dir='ltr'><em>ἐκ</em></span> <span class='ocrx_word' id='word_1_252' title='bbox 2015 2637 2100 2679; x_wconf 82' lang='grc' dir='ltr'><em>τοῦ</em></span> 
     </span>
     <span class='ocr_line' id='line_1_29' title="bbox 265 2704 2101 2772; baseline 0.003 -21"><span class='ocrx_word' id='word_1_253' title='bbox 265 2708 422 2752; x_wconf 83' lang='grc' dir='ltr'><em>κόπου</em></span> <span class='ocrx_word' id='word_1_254' title='bbox 469 2707 818 2764; x_wconf 84' lang='grc' dir='ltr'><em>σκηπτόμενος.</em></span> <span class='ocrx_word' id='word_1_255' title='bbox 887 2704 1090 2751; x_wconf 87' lang='grc' dir='ltr'><em>Ἐδόκει</em></span> <span class='ocrx_word' id='word_1_256' title='bbox 1135 2704 1188 2752; x_wconf 80' lang='grc' dir='ltr'><em>δὲ</em></span> <span class='ocrx_word' id='word_1_257' title='bbox 1233 2706 1445 2766; x_wconf 79' lang='grc' dir='ltr'><em>τάληθὲς</em></span> <span class='ocrx_word' id='word_1_258' title='bbox 1488 2707 1749 2768; x_wconf 76' lang='grc' dir='ltr'><em>ἐπιβουλῆς</em></span> <span class='ocrx_word' id='word_1_259' title='bbox 1780 2705 1908 2755; x_wconf 76' lang='grc' dir='ltr'><em>εἶναι</em></span> <span class='ocrx_word' id='word_1_260' title='bbox 1944 2711 2101 2772; x_wconf 82' lang='grc' dir='ltr'><em>φόβος</em></span> 
     </span>
     <span class='ocr_line' id='line_1_30' title="bbox 258 2784 2099 2850; baseline 0.004 -20"><span class='ocrx_word' id='word_1_261' title='bbox 258 2784 318 2830; x_wconf 68' lang='grc' dir='ltr'><em>’ἔκ</em></span> <span class='ocrx_word' id='word_1_262' title='bbox 364 2802 496 2837; x_wconf 92' lang='grc' dir='ltr'><em>τινος</em></span> <span class='ocrx_word' id='word_1_263' title='bbox 544 2784 758 2843; x_wconf 79' lang='grc' dir='ltr'><em>ὑποψίας</em></span> <span class='ocrx_word' id='word_1_264' title='bbox 800 2787 883 2829; x_wconf 73' lang='grc' dir='ltr'><em>καὶ</em></span> <span class='ocrx_word' id='word_1_265' title='bbox 926 2787 1171 2845; x_wconf 86' lang='grc' dir='ltr'><em>μηνύσεως</em></span> <span class='ocrx_word' id='word_1_266' title='bbox 1215 2789 1330 2832; x_wconf 84' lang='grc' dir='ltr'><em>καθ’</em></span> <span class='ocrx_word' id='word_1_267' title='bbox 1383 2785 1496 2832; x_wconf 84' lang='grc' dir='ltr'><em>ὁδὸν</em></span> <span class='ocrx_word' id='word_1_268' title='bbox 1547 2787 1680 2850; x_wconf 76' lang='grc' dir='ltr'><em>αὐτῷ</em></span> <span class='ocrx_word' id='word_1_269' title='bbox 1712 2793 2099 2850; x_wconf 78' lang='grc' dir='ltr'><em>προσπεσούσης.</em></span> 
     </span>
     <span class='ocr_line' id='line_1_31' title="bbox 264 2862 2100 2933; baseline 0.005 -25"><span class='ocrx_word' id='word_1_270' title='bbox 264 2863 533 2917; x_wconf 82' lang='grc' dir='ltr'><em>’Λντώνιος</em></span> <span class='ocrx_word' id='word_1_271' title='bbox 574 2863 627 2910; x_wconf 85' lang='grc' dir='ltr'><em>δὲ</em></span> <span class='ocrx_word' id='word_1_272' title='bbox 659 2865 879 2922; x_wconf 84' lang='grc' dir='ltr'><em>χαλεπῶς</em></span> <span class='ocrx_word' id='word_1_273' title='bbox 923 2864 1010 2927; x_wconf 85' lang='grc' dir='ltr'><em>μὲν</em></span> <span class='ocrx_word' id='word_1_274' title='bbox 1040 2862 1173 2923; x_wconf 78' lang='grc' dir='ltr'><em>εἶχεν</em></span> <span class='ocrx_word' id='word_1_275' title='bbox 1206 2863 1287 2912; x_wconf 71' lang='grc' dir='ltr'><em>ἐπὶ</em></span> <span class='ocrx_word' id='word_1_276' title='bbox 1327 2870 1384 2926; x_wconf 86' lang='grc' dir='ltr'><em>τῇ</em></span> <span class='ocrx_word' id='word_1_277' title='bbox 1426 2866 1633 2928; x_wconf 86' lang='grc' dir='ltr'><em>διαβολῇ</em></span> <span class='ocrx_word' id='word_1_278' title='bbox 1673 2871 1754 2915; x_wconf 80' lang='grc' dir='ltr'><em>καὶ</em></span> <span class='ocrx_word' id='word_1_279' title='bbox 1798 2871 2100 2933; x_wconf 85' lang='grc' dir='ltr'><em>στρατιώτας</em></span> 
     </span>
     <span class='ocr_line' id='line_1_32' title="bbox 267 2941 2100 3008; baseline 0.005 -18"><span class='ocrx_word' id='word_1_280' title='bbox 267 2942 477 3005; x_wconf 72' lang='grc' dir='ltr'><em>ἔπεμψεν</em></span> <span class='ocrx_word' id='word_1_281' title='bbox 518 2941 652 3006; x_wconf 78' lang='grc' dir='ltr'><em>ἄγειν</em></span> <span class='ocrx_word' id='word_1_282' title='bbox 697 2943 850 2990; x_wconf 79' lang='grc' dir='ltr'><em>αὐτὸν</em></span> <span class='ocrx_word' id='word_1_283' title='bbox 882 2943 912 3003; x_wconf 77' lang='grc' dir='ltr'><strong><em>ἢ</em></strong></span> <span class='ocrx_word' id='word_1_284' title='bbox 947 2947 1251 3007; x_wconf 85' lang='grc' dir='ltr'><em>καταπρῆσαι</em></span> <span class='ocrx_word' id='word_1_285' title='bbox 1291 2946 1375 3004; x_wconf 82' lang='grc' dir='ltr'><em>τήν</em></span> <span class='ocrx_word' id='word_1_286' title='bbox 1410 2949 1572 2994; x_wconf 76' lang='grc' dir='ltr'><em>οἰκίαν</em></span> <span class='ocrx_word' id='word_1_287' title='bbox 1605 2951 1869 3008; x_wconf 88' lang='grc' dir='ltr'><em>κελεύσας,</em></span> <span class='ocrx_word' id='word_1_288' title='bbox 1906 2951 2100 2999; x_wconf 75' lang='grc' dir='ltr'><em>ἐνστάν-</em></span> 
     </span>
     <span class='ocr_line' id='line_1_33' title="bbox 246 3021 2023 3091; baseline 0.006 -23"><span class='ocrx_word' id='word_1_289' title='bbox 246 3040 362 3068; x_wconf 86' lang='grc' dir='ltr'><em>·των</em></span> <span class='ocrx_word' id='word_1_290' title='bbox 395 3021 449 3069; x_wconf 79' lang='grc' dir='ltr'><em>δὲ</em></span> <span class='ocrx_word' id='word_1_291' title='bbox 482 3022 671 3068; x_wconf 81' lang='grc' dir='ltr'><em>πολλῶν</em></span> <span class='ocrx_word' id='word_1_292' title='bbox 700 3026 782 3068; x_wconf 82' lang='grc' dir='ltr'><em>καὶ</em></span> <span class='ocrx_word' id='word_1_293' title='bbox 820 3023 1093 3082; x_wconf 80' lang='grc' dir='ltr'><em>δεηθέντων</em></span> <span class='ocrx_word' id='word_1_294' title='bbox 1133 3023 1336 3086; x_wconf 79' lang='grc' dir='ltr'><em>ἐνέχυρα</em></span> <span class='ocrx_word' id='word_1_295' title='bbox 1366 3025 1526 3087; x_wconf 87' lang='grc' dir='ltr'><em>λαβὼν</em></span> <span class='ocrx_word' id='word_1_296' title='bbox 1560 3031 1714 3091; x_wconf 88' lang='grc' dir='ltr'><em>μόνον</em></span> <span class='ocrx_word' id='word_1_297' title='bbox 1754 3031 2023 3079; x_wconf 75' lang='grc' dir='ltr'><em>ἐπαύσατο.</em></span> 
     </span>
    </p>
   </div>
   <div class='ocr_carea' id='block_1_12' title="bbox 347 3126 2098 3209">
    <p class='ocr_par' dir='ltr' id='par_1_12' title="bbox 347 3126 2098 3209">
     <span class='ocr_line' id='line_1_34' title="bbox 347 3126 2098 3209; baseline -0.002 -27"><span class='ocrx_word' id='word_1_298' title='bbox 347 3126 432 3201; x_wconf 84' lang='lat'><strong>(²1)</strong></span> <span class='ocrx_word' id='word_1_299' title='bbox 472 3127 735 3183; x_wconf 70' lang='lat' dir='ltr'><strong>Postridie</strong></span> <span class='ocrx_word' id='word_1_300' title='bbox 782 3130 838 3202; x_wconf 86' lang='lat' dir='ltr'><em>[i.</em></span> <span class='ocrx_word' id='word_1_301' title='bbox 863 3147 906 3184; x_wconf 89' lang='lat' dir='ltr'><em>e.</em></span> <span class='ocrx_word' id='word_1_302' title='bbox 938 3147 1006 3186; x_wconf 76' lang='grc' dir='ltr'><em>ιν.</em></span> <span class='ocrx_word' id='word_1_303' title='bbox 1041 3130 1216 3186; x_wconf 87' lang='lat' dir='ltr'><strong>Nonas</strong></span> <span class='ocrx_word' id='word_1_304' title='bbox 1251 3131 1519 3204; x_wconf 88' lang='lat' dir='ltr'><em>Septemb.</em></span> <span class='ocrx_word' id='word_1_305' title='bbox 1553 3155 1615 3186; x_wconf 66' lang='grc' dir='ltr'>Ξ</span> <span class='ocrx_word' id='word_1_306' title='bbox 1640 3139 1671 3189; x_wconf 81' lang='lat'><strong>2</strong></span> <span class='ocrx_word' id='word_1_307' title='bbox 1696 3135 1898 3209; x_wconf 84' lang='lat' dir='ltr'><em>Sept.]‚</em></span> <span class='ocrx_word' id='word_1_308' title='bbox 1940 3136 2098 3190; x_wconf 67' lang='lat' dir='ltr'><strong>Anto.</strong></span> 
     </span>
    </p>
   </div>
   <div class='ocr_carea' id='block_1_13' title="bbox 2174 743 2210 1801">
    <p class='ocr_par' dir='ltr' id='par_1_13' title="bbox 2174 743 2210 1801">
     <span class='ocr_line' id='line_1_35' title="bbox 2174 743 2210 1801; baseline 0 0"><span class='ocrx_word' id='word_1_309' title='bbox 2174 743 2210 1801; x_wconf 95' lang='lat' dir='ltr'><em> </em></span> 
     </span>
    </p>
   </div>
   <div class='ocr_carea' id='block_1_14' title="bbox 2185 1993 2210 2980">
    <p class='ocr_par' dir='ltr' id='par_1_14' title="bbox 2185 1993 2210 2980">
     <span class='ocr_line' id='line_1_36' title="bbox 2185 1993 2210 2980; baseline 0 0"><span class='ocrx_word' id='word_1_310' title='bbox 2185 1993 2210 2980; x_wconf 95' lang='lat' dir='ltr'><em> </em></span> 
     </span>
    </p>
   </div>
   <div class='ocr_carea' id='block_1_15' title="bbox 268 3223 2210 3306">
    <p class='ocr_par' dir='ltr' id='par_1_15' title="bbox 268 3223 2210 3306">
     <span class='ocr_line' id='line_1_37' title="bbox 268 3223 2210 3306; baseline 0.005 -25"><span class='ocrx_word' id='word_1_311' title='bbox 268 3228 358 3282; x_wconf 88' lang='lat' dir='ltr'><em>nio</em></span> <span class='ocrx_word' id='word_1_312' title='bbox 387 3227 634 3292; x_wconf 82' lang='lat' dir='ltr'><em>ahsente,</em></span> <span class='ocrx_word' id='word_1_313' title='bbox 669 3229 851 3284; x_wconf 87' lang='lat' dir='ltr'><strong>Cicero</strong></span> <span class='ocrx_word' id='word_1_314' title='bbox 884 3231 938 3284; x_wconf 88' lang='lat' dir='ltr'><em>in</em></span> <span class='ocrx_word' id='word_1_315' title='bbox 961 3238 1207 3285; x_wconf 84' lang='lat' dir='ltr'><em>senatum</em></span> <span class='ocrx_word' id='word_1_316' title='bbox 1244 3233 1420 3295; x_wconf 86' lang='lat' dir='ltr'><em>venit,</em></span> <span class='ocrx_word' id='word_1_317' title='bbox 1463 3233 1757 3306; x_wconf 80' lang='lat' dir='ltr'><strong>habuitque</strong></span> <span class='ocrx_word' id='word_1_318' title='bbox 1778 3237 2099 3301; x_wconf 82' lang='lat' dir='ltr'><em>orationem,</em></span> <span class='ocrx_word' id='word_1_319' title='bbox 2181 3223 2210 3297; x_wconf 57' lang='grc' dir='ltr'><em>ξῑῖ</em></span> 
     </span>
    </p>
   </div>
   <div class='ocr_carea' id='block_1_16' title="bbox 267 3327 2099 3604">
    <p class='ocr_par' dir='ltr' id='par_1_16' title="bbox 267 3327 2099 3604">
     <span class='ocr_line' id='line_1_38' title="bbox 268 3327 2099 3404; baseline 0.005 -23"><span class='ocrx_word' id='word_1_320' title='bbox 268 3345 405 3400; x_wconf 89' lang='lat' dir='ltr'><em>quae</em></span> <span class='ocrx_word' id='word_1_321' title='bbox 438 3327 639 3382; x_wconf 84' lang='lat' dir='ltr'><strong>dicitur</strong></span> <span class='ocrx_word' id='word_1_322' title='bbox 670 3329 963 3403; x_wconf 68' lang='lat' dir='ltr'><em>Philippica</em></span> <span class='ocrx_word' id='word_1_323' title='bbox 1007 3333 1201 3404; x_wconf 77' lang='lat' dir='ltr'><strong>prima.</strong></span> <span class='ocrx_word' id='word_1_324' title='bbox 1284 3331 1359 3387; x_wconf 89' lang='lat' dir='ltr'><em>Ob</em></span> <span class='ocrx_word' id='word_1_325' title='bbox 1395 3351 1557 3404; x_wconf 87' lang='lat' dir='ltr'><strong>quam</strong></span> <span class='ocrx_word' id='word_1_326' title='bbox 1597 3337 1861 3391; x_wconf 87' lang='lat' dir='ltr'><em>Antonius</em></span> <span class='ocrx_word' id='word_1_327' title='bbox 1900 3338 1981 3391; x_wconf 91' lang='lat' dir='ltr'><em>ira</em></span> <span class='ocrx_word' id='word_1_328' title='bbox 2021 3337 2099 3390; x_wconf 89' lang='lat' dir='ltr'><em>in-</em></span> 
     </span>
     <span class='ocr_line' id='line_1_39' title="bbox 267 3427 2092 3507; baseline 0.005 -25"><span class='ocrx_word' id='word_1_329' title='bbox 267 3444 460 3483; x_wconf 84' lang='lat' dir='ltr'><em>census</em></span> <span class='ocrx_word' id='word_1_330' title='bbox 507 3427 820 3484; x_wconf 76' lang='lat' dir='ltr'><strong>inimicitias</strong></span> <span class='ocrx_word' id='word_1_331' title='bbox 866 3432 913 3484; x_wconf 91' lang='lat' dir='ltr'><em>ei</em></span> <span class='ocrx_word' id='word_1_332' title='bbox 963 3431 1299 3486; x_wconf 79' lang='lat' dir='ltr'><em>denuntiavit</em></span> <span class='ocrx_word' id='word_1_333' title='bbox 1350 3451 1580 3507; x_wconf 87' lang='lat' dir='ltr'><em>eumque</em></span> <span class='ocrx_word' id='word_1_334' title='bbox 1625 3454 1673 3491; x_wconf 84' lang='lat' dir='ltr'><em>a.</em></span> <span class='ocrx_word' id='word_1_335' title='bbox 1721 3437 1769 3491; x_wconf 90' lang='lat' dir='ltr'><em>d.</em></span> <span class='ocrx_word' id='word_1_336' title='bbox 1820 3455 1928 3491; x_wconf 83' lang='lat' dir='ltr'><em>xm.</em></span> <span class='ocrx_word' id='word_1_337' title='bbox 1977 3437 2092 3491; x_wconf 87' lang='lat' dir='ltr'><strong>Kal.</strong></span> 
     </span>
     <span class='ocr_line' id='line_1_40' title="bbox 269 3527 2092 3604; baseline 0.004 -20"><span class='ocrx_word' id='word_1_338' title='bbox 269 3527 450 3584; x_wconf 83' lang='lat' dir='ltr'>Octob.</span> <span class='ocrx_word' id='word_1_339' title='bbox 499 3528 584 3599; x_wconf 71' lang='grc' dir='ltr'><em>[ε.-</em></span> <span class='ocrx_word' id='word_1_340' title='bbox 611 3533 677 3582; x_wconf 83' lang='grc'><em>19</em></span> <span class='ocrx_word' id='word_1_341' title='bbox 702 3529 867 3604; x_wconf 60' lang='grc' dir='ltr'><em>δερμ]</em></span> <span class='ocrx_word' id='word_1_342' title='bbox 915 3532 966 3585; x_wconf 89' lang='lat' dir='ltr'><em>in</em></span> <span class='ocrx_word' id='word_1_343' title='bbox 999 3541 1188 3588; x_wconf 75' lang='lat' dir='ltr'><em>senatu</em></span> <span class='ocrx_word' id='word_1_344' title='bbox 1230 3534 1414 3590; x_wconf 81' lang='lat' dir='ltr'><em>adesse</em></span> <span class='ocrx_word' id='word_1_345' title='bbox 1457 3537 1627 3591; x_wconf 81' lang='lat' dir='ltr'><strong>iussit.</strong></span> <span class='ocrx_word' id='word_1_346' title='bbox 1673 3555 1739 3591; x_wconf 75' lang='lat' dir='ltr'><em>lx.</em></span> <span class='ocrx_word' id='word_1_347' title='bbox 1783 3542 2092 3594; x_wconf 49' lang='lat' dir='ltr'><em>e.158.109.</em></span> 
     </span>
    </p>
   </div>
  </div>
 </body>
</html>
