2210 3970
698 228 928 267 Annus
985 228 1031 266 υ.
1086 227 1130 264 c.
1189 212 1502 266 680—681.
1908 222 2011 273 581

186 360 349 408 aedilis
384 358 557 406 curulis
599 358 686 404 olei
717 358 853 404 denas
879 357 1018 404 libras
1049 355 1243 418 singulis
1274 356 1453 403 assibus
1471 358 1710 418 praestitit
1733 360 1902 421 populo
1933 365 2017 407 Ro.

188 455 316 485 mano
339 455 426 501 per
458 444 600 483 totum
630 452 807 482 annum.

262 540 326 617 (⁷)
369 539 623 597 Lucullus
665 554 696 594 a
731 543 923 594 senatu
959 536 1215 592 adversus
1258 532 1629 594 Mithridatem
1675 539 1876 596 missus
1908 541 2017 598 feli·

186 643 322 699 citer
358 639 556 697 bellum
592 640 731 712 gerit
773 638 828 693 in
863 637 1005 694 Asia.
1039 655 1114 694 ιιι.
1155 654 1202 692 e.
1241 640 1327 694 10.
1367 641 1455 694 50.

245 726 482 803 Eutropius
509 751 575 785 Vl.
608 754 645 786 e.
675 742 716 784 6.
756 740 806 784 1..
837 738 1011 783 licinio
1041 736 1230 783 Lucullo
1258 744 1303 783 et
1351 739 1410 783 M.
1441 737 1623 783 Aurelio
1657 740 1786 785 Cotta
1816 756 1927 787 coss.
1960 769 2020 779 —-

185 818 472 866 Mithridates
497 833 610 880 pace
646 822 784 876 rupta
826 814 1091 878 Bithyniam
1132 823 1177 861 et
1212 815 1367 861 Asiam
1407 830 1568 861 rursus
1614 816 1758 864 voluit
1798 818 2020 867 invadere.

181 897 404 944 Adversus
443 912 543 941 eum
582 892 707 938 ambo
737 892 939 938 eonsules
976 894 1107 939 missi
1137 893 1308 939 variam
1345 892 1533 939 habuere
1558 892 1812 954 fortunam.
1891 899 2020 944 Cotta

181 976 307 1039 apud
338 974 650 1022 Chalcedonem
681 971 826 1017 victus
851 971 907 1016 ab
938 988 987 1016 eo
1020 972 1138 1029 acie,
1180 972 1316 1017 etiam
1345 972 1472 1017 intra
1501 970 1712 1033 oppidum
1741 982 1920 1021 coactus
1951 982 2020 1022 est

183 1063 227 1103 et
259 1055 475 1102 obsessus.
547 1051 640 1098 Sed
663 1065 800 1113 quum
825 1064 872 1094 se
903 1048 1006 1095 inde
1037 1048 1325 1095 Mithridates
1361 1049 1571 1112 Cyzicum
1597 1051 1934 1110 transtulisset,
1964 1060 2019 1100 ut

187 1133 345 1195 Cyzico
372 1138 505 1193 capta
533 1137 672 1175 totam
703 1127 856 1172 Asiam
880 1125 1129 1184 invaderet,
1162 1126 1379 1172 Lucullus
1404 1128 1447 1172 ei
1471 1126 1587 1172 alter
1615 1129 1775 1175 consul
1799 1132 2014 1178 occurrit.-

179 1227 230 1255 ac
256 1209 361 1255 dum
395 1207 681 1254 Mithridates
712 1206 762 1249 in
787 1203 1012 1250 obsidione
1047 1206 1199 1268 Cyzici
1228 1212 1547 1261 commoratur,
1579 1203 1676 1266 ipse
1710 1223 1810 1252 eum
1836 1224 1865 1252 a
1888 1215 2011 1271 tergo

188 1279 358 1333 obsedit
375 1286 592 1348 fameque
617 1281 916 1343 consumpsit,
949 1289 993 1327 et
1018 1282 1178 1328 multis
1186 1282 1380 1343 praeliis
1395 1282 1502 1327 vicit
1514 1302 1532 1337 ,·
1549 1290 1775 1343 postremo
1800 1285 2020 1347 Byzanti.

184 1378 261 1411 um
292 1389 352 1400 -—
375 1363 567 1427 fugavit
577 1382 596 1418 ,-
634 1359 788 1406 navali
814 1373 986 1420 quoque
1013 1361 1191 1423 praelio
1228 1361 1363 1407 duces
1387 1362 1486 1406 eius
1527 1358 1746 1405 Lucullus
1781 1365 2017 1423 oppressit.

176 1443 252 1487 Ita
283 1459 376 1488 una
406 1442 546 1487 hieme
567 1441 630 1500 [a.
648 1441 695 1485 U.
712 1441 757 1484 C.
777 1439 890 1504 683]
923 1443 967 1485 et
999 1447 1170 1486 aestate
1196 1442 1257 1498 [a.
1274 1442 1404 1499 681.]
1435 1455 1466 1483 a
1495 1436 1685 1483 Lucullo
1720 1446 1896 1485 eentum
1909 1440 2019 1501 sere

178 1520 310 1567 milia
345 1522 465 1584 mgis
506 1518 730 1565 exstincta
766 1524 884 1563 sunt.
923 1530 1009 1580 seq.
1084 1515 1171 1561 cic.
1204 1530 1280 1576 pro
1307 1516 1483 1559 Murena
1516 1529 1554 1557 c.
1581 1515 1653 1558 15.
1686 1517 1758 1559 33.
1801 1513 1873 1558 Ad
1901 1515 2022 1577 quod

178 1597 343 1650 bellum
373 1597 543 1645 duobus
572 1591 829 1642 consulibus
857 1594 927 1638 ita
955 1592 1111 1638 missis
1127 1623 1143 1649 ,
1173 1598 1226 1637 ut
1257 1590 1373 1637 alter
1404 1588 1710 1635 Mithridatem
1733 1607 2016 1653 persequere-

176 1683 278 1735 tur,
309 1676 427 1724 alter
451 1673 718 1738 Bithyniam
739 1680 965 1719 tueretur.-
994 1671 1186 1717 alterius
1205 1685 1277 1715 res
1305 1676 1349 1715 et
1376 1677 1497 1715 terra
1521 1675 1564 1713 et
1589 1670 1706 1713 mari
1728 1668 2016 1717 calamitosae

173 1753 446 1800 vehementer
471 1760 516 1798 et
541 1767 644 1814 opes
674 1752 794 1813 regis
818 1760 862 1797 et
891 1767 1046 1797 nomen
1068 1755 1293 1796 aua-erunt
1310 1766 1325 1791 .·
1360 1748 1409 1792 L.
1435 1745 1617 1791 luculli
1646 1763 1747 1792 vero
1771 1764 1841 1792 res
1863 1755 2015 1794 tantae

173 1832 467 1889 exstiterunt,
498 1837 552 1876 ut
576 1845 716 1891 neque
751 1831 900 1875 maius
931 1828 1096 1875 bellum
1120 1825 1447 1873 commemorari
1471 1826 1649 1886 possit,
1681 1842 1819 1887 neque
1848 1827 2014 1872 maiore

172 1909 359 1955 oonsilio
383 1917 428 1955 et
452 1909 620 1954 virtute
642 1915 834 1970 gestum.
862 1914 945 1954 cet.
1009 1906 1093 1952 cfr.
1121 1906 1268 1951 Livius
1294 1904 1408 1966 Epit.
1438 1906 1497 1948 83
1524 1919 1586 1966 sq.
1635 1905 1810 1950 Orosius
1840 1919 1903 1951 vi.
1928 1922 1965 1951 c.
1985 1909 2014 1950 2

170 2001 262 2050 sqq.
337 1986 558 2033 Plutarch.
590 1986 763 2032 Lucull.
792 2001 829 2031 c.
853 1990 881 2031 5
913 2000 1004 2048 sqq.
1080 1984 1260 2046 Appian.
1289 1986 1333 2028 13.
1365 1981 1509 2027 mithr.
1539 1997 1576 2025 c.
1610 1984 1667 2025 70
1693 1998 1782 2045 sqq.
1859 1982 2011 2029 Florus

171 2076 243 2110 111.
272 2079 308 2110 c.
329 2069 370 2112 5.
400 2068 472 2110 14.
522 2063 599 2108 Dio
630 2076 770 2109 xxxv.
803 2078 839 2107 c.
858 2065 887 2106 2
913 2078 1002 2124 sqq.

441 2292 693 2348 ANNUS
741 2291 984 2346 VITAE
1035 2287 1459 2345 CICERONIS
1509 2290 1741 2345 XXXIV.

169 2463 207 2490 a.
227 2448 275 2489 n.
295 2450 339 2490 e.
575 2412 688 2490 Coss.
723 2449 775 2493 u.
811 2447 1087 2488 nunnus
1122 2446 1295 2487 nmio
1328 2446 1598 2487 Lucuuus.
1833 2462 1869 2490 a.
1888 2448 1937 2489 A.
1956 2449 1999 2489 c,

200 2523 311 2583 σει.
725 2535 769 2580 ὀς
802 2537 1002 2580 οΑεειυε
1035 2537 1217 2579 vanus,
1885 2539 1961 2583 7⁸.

209 2655 211 2657 ¹
244 2651 404 2743 (¹)st
428 2669 651 2735 VerreS,
691 2676 811 2742 post
845 2676 1156 2742 praeturam
1194 2665 1264 2740 [v.
1295 2667 1362 2721 ad
1383 2684 1430 2723 a.
1457 2669 1583 2723 680.
1619 2669 1695 2742 5.]
1717 2712 1731 2734 ,
1761 2668 2002 2726 Siciliam

168 2768 499 2839 provinciam
551 2786 648 2841 per
686 2769 982 2825 triennium
1037 2768 1124 2844 (ab
1161 2783 1209 2822 a.
1243 2767 1562 2842 681—685)
1608 2787 1706 2841 pro
1756 2778 2003 2843 praetore

166 2865 478 2928 obtinebu.
513 2886 559 2924 c.
582 2873 635 2924 6.
670 2874 756 2925 17.
798 2887 845 2925 c.
870 2873 958 2926 20.
992 2874 1081 2926 55.
1161 2867 1240 2923 Ibi
1274 2868 1509 2940 primum
1543 2869 1598 2923 in
1629 2871 2002 2928 iurisdictione

170 2968 488 3023 avarissime
520 2976 574 3024 et
614 2970 956 3041 iniquissime
985 2975 1259 3024 versatur:
1301 2986 1355 3022 11.
1395 2986 1440 3022 e.
1469 2973 1555 3023 17.
1578 2973 1678 3032 453
1715 2970 1908 3028 deinde
1943 2975 2002 3028 in

164 3082 224 3122 re
256 3060 613 3133 frumentaria
635 3068 1053 3149 innumerabilia
1074 3054 1567 3124 furta*committit:
1610 3087 1662 3124 11.
1697 3087 1743 3125 c.
1767 3075 1858 3129 20.
1898 3078 2002 3137 54;

164 3183 323 3239 porro
361 3167 568 3224 Siculos
606 3168 716 3224 fere
755 3169 1004 3225 omnibus
1035 3170 1235 3242 signis,
1274 3169 1528 3242 pictum,
1567 3171 1796 3241 gemmis
1835 3175 1998 3230 vasis-

166 3285 270 3340 que
303 3270 554 3341 pretiosis
590 3269 807 3342 spoliat:
843 3288 896 3325 11.
933 3276 1086 3326 (221.
1124 3276 1223 3333 55;
1263 3271 1493 3342 denique
1530 3271 1790 3343 plurimos
1828 3273 1995 3332 homi·

163 3383 258 3424 nes
294 3369 633 3434 innocenteS‚
676 3371 728 3424 in
766 3370 851 3425 his
889 3372 1053 3427 etiam
1088 3373 1231 3427 cives
1275 3373 1568 3434 Romanos,
1608 3374 1996 3431 crudelissimis

163 3453 439 3542 suppliciis
477 3467 657 3525 afficit.
701 3488 754 3525 11.
794 3473 952 3526 1221.
994 3476 1082 3526 56.
