2150 3990
223 234 330 284 208
788 245 996 284 cronno
1048 247 1116 283 nn
1171 246 1309 285 vum
1366 245 1475 286 suA

224 395 346 436 rum
385 380 652 442 omnium,
712 386 828 435 tum
861 394 1076 445 eorum,
1129 381 1222 452 qui
1261 379 1394 435 mihi
1434 395 1520 434 me
1557 378 1791 439 cariores
1836 395 2051 451 semper·

223 479 458 539 fuerunt.
536 482 708 553 Ergo,
746 481 917 554 quod,
958 498 1053 553 per
1085 480 1414 536 Thessaliam
1448 481 1494 534 si
1535 480 1670 534 irem
1703 479 1759 533 in
1790 479 2046 551 Epirum,

220 580 410 653 perdiu
448 581 583 636 nihil
616 598 763 637 eram
811 581 1125 646 audituruS,
1165 588 1219 636 et
1257 579 1399 653 quod
1437 581 1544 636 mei
1583 579 1849 635 studiosos
1888 578 2044 634 habe-

222 680 342 736 bam
385 680 814 754 DyrrhachinoS,
854 680 922 735 ad
962 697 1051 735 eos
1090 682 1333 752 perrexi:
1376 687 1475 735 ut¹
1531 697 1693 753 quam
1733 679 2012 734 celerrime
2033 722 2047 743 ‚

218 780 348 851 quid
386 786 668 852 ageretur,
720 779 984 834 audirem.
1079 778 1478 852 Dyrrhachium
1498 786 1520 818 ²
1561 787 1616 835 et
1654 779 1822 834 libera
1861 779 2051 834 civitas

219 887 336 935 erat
372 889 426 936 et
463 882 519 935 in
560 898 647 936 me
691 879 926 935 officiosa
961 887 1017 934 et
1067 879 1311 953 proxima
1344 880 1545 936 Italiae.
1625 881 1895 952 Eramque
1915 886 1936 919 3
1976 880 2050 934 ibi

218 987 368 1035 tuto:
421 981 612 1035 civitas
656 980 803 1034 enim
852 979 984 1033 haec
1028 995 1241 1050 semper
1278 995 1309 1033 a
1348 995 1435 1034 me
1479 979 1696 1036 defensa
1735 986 1835 1035 est.
1916 979 2046 1034 Inde

217 1085 398 1135 autem
418 1121 436 1145 ‚
512 1096 682 1153 quum
746 1079 954 1134 inimici
1031 1080 1203 1134 nostri
1271 1079 1457 1135 venire
1517 1078 1830 1135 dicerentur
1849 1119 1866 1143 ,
1929 1084 2047 1133 tum

215 1181 271 1234 in
315 1180 542 1252 Epirum
600 1181 778 1236 iturus
823 1196 988 1235 eram.
1083 1183 1171 1234 29.
1215 1179 1648 1235 Thessalonicam
1668 1184 1692 1219 ⁴
1748 1185 1932 1235 autem
1976 1178 2044 1233 ad

215 1296 304 1336 me
341 1281 398 1336 P.
440 1280 687 1337 Valerius
706 1323 722 1347 ‚
761 1280 920 1336 homo
957 1272 1226 1336 officiosus
1245 1323 1262 1346 ,
1312 1282 1604 1353 scripserat
1622 1322 1639 1346 ,
1679 1279 1735 1335 id
1773 1279 1916 1353 quod
1948 1296 2046 1351 ego

214 1382 450 1437 maximo
476 1399 602 1438 cum
622 1381 755 1438 fletu
773 1380 879 1453 legi
899 1424 914 1446 ‚
954 1379 1406 1453 quemadmodum
1433 1380 1684 1436 Terentia
1704 1396 1737 1435 a
1764 1380 1958 1435 Vestae
1977 1380 2044 1434 ad

214 1481 452 1537 tabulam
486 1481 756 1537 Valeriam
790 1480 953 1536 ducta
979 1488 1136 1535 esset.
1219 1479 1383 1545 Hem,
1422 1497 1543 1535 mea
1569 1480 1663 1535 lux
1684 1521 1701 1544 ,
1740 1493 1923 1534 meum
1956 1478 2042 1535 de·

213 1581 503 1647 siderium,
542 1581 686 1636 unde
719 1597 903 1634 omnes
936 1596 1091 1652 opem
1122 1585 1306 1652 petere
1337 1579 1603 1634 solebant!
1643 1586 1698 1634 te
1724 1585 1856 1635 tunc
1875 1621 1891 1644 ‚
1924 1596 2044 1636 mea

213 1681 463 1736 Terentia
482 1723 499 1745 ,
557 1681 636 1734 sic
673 1679 887 1743 vexari,
945 1680 1023 1733 sic
1074 1679 1250 1734 iacere
1289 1679 1346 1734 in
1388 1678 1629 1735 lacrimis
1678 1686 1734 1736 et
1771 1679 2042 1736 sordibus!

213 1780 375 1853 idque
413 1780 530 1837 fieri
564 1796 684 1835 mea
721 1779 876 1852 culpa
898 1821 913 1844 ‚
955 1780 1049 1851 qui
1088 1785 1294 1834 ceteros
1332 1781 1579 1845 servavi,
1618 1786 1680 1835 ut
1718 1796 1815 1834 nos
1847 1782 2044 1853 perire·
2134 1823 2139 1827 .

212 1883 361 1937 mus!
441 1882 653 1950 Quare⁵
692 1897 862 1953 quum
891 1879 1071 1935 dolore
1097 1879 1443 1945 conficiebar,
1481 1886 1600 1936 tum
1629 1881 1794 1935 etiam
1823 1881 2043 1953 pudore.

213 1982 451 2037 Pudebat
489 1983 633 2037 enim
673 1997 761 2037 me
794 1981 949 2036 uxori
985 1997 1135 2035 meae
1174 1980 1408 2053 optimae
1429 2022 1444 2045 ,
1495 1980 1832 2035 suavissimis
1863 1981 2047 2036 liberis

212 2083 471 2137 virtutem
523 2088 578 2136 et
630 2081 966 2152 diligentiam
1006 2097 1115 2134 non
1166 2080 1519 2152 praestitisse.
1613 2079 1748 2135 Nam
1800 2079 1878 2136 mi
1923 2089 2049 2137 ante

210 2175 392 2236 oculos
425 2181 543 2236 dies*
578 2187 870 2252 noctesque
909 2179 1225 2235 versabatur
1263 2179 1479 2252 squalor
1516 2196 1704 2235 eorum
1737 2186 1792 2236 et
1837 2197 2050 2237 maeror
2135 2208 2142 2215 „

210 2288 265 2338 et
303 2281 592 2336 infirmitas
625 2280 981 2336 valetudinis:
1042 2297 1162 2353 spes
1196 2288 1384 2337 autem
1418 2279 1610 2335 salutis
1647 2282 1925 2353 pertenuis
1963 2299 2043 2338 os·

213 2381 549 2437 tendebatur.
641 2381 856 2435 Inimici
906 2387 1062 2435 erant
1129 2380 1325 2436 multi:
1387 2380 1558 2436 invidi
1609 2398 1777 2454 paene
1843 2378 2047 2438 omnes,

215 2486 304 2538 30.
347 2481 493 2549 Quae
513 2486 535 2518 θ
568 2482 614 2534 si
653 2479 763 2534 fato
800 2478 943 2535 facta
982 2487 1295 2559 putassemz
1323 2481 1569 2536 tulissem
1602 2482 1781 2554 paullo
1809 2481 2046 2538 facilius:

213 2582 307 2638 sed
339 2581 520 2636 omnia
557 2586 712 2635 erant
744 2596 864 2635 mea
885 2579 1042 2652 culpa
1061 2581 1348 2635 commissa
1366 2622 1383 2646 ,
1423 2582 1518 2653 qui
1550 2581 1616 2636 ab
1655 2583 1723 2636 iis
1754 2598 1842 2638 me
1874 2584 2046 2638 amari

214 2682 469 2756 putabam
490 2725 504 2747 ,
545 2682 639 2754 qui
666 2680 1011 2746 invidebant,
1052 2698 1142 2736 eos
1185 2698 1292 2736 non
1326 2682 1610 2754 sequebar,
1650 2684 1744 2755 qui
1777 2684 2044 2756 petebant.

215 2783 287 2838 Iis
307 2789 330 2820 ⁷
387 2783 532 2837 enim
554 2824 569 2846 ,
630 2781 826 2854 quibus
878 2798 1056 2836 meam
1095 2781 1328 2837 salutem
1369 2783 1708 2838 carissimam
1750 2801 1866 2839 esse
1911 2785 2046 2839 arbi·

216 2883 396 2938 trahar
416 2924 430 2948 ,
471 2882 862 2937 inimicissimis
900 2881 1395 2955 crudelissimisque
1434 2901 1567 2939 usus
1604 2901 1755 2940 sum:
1815 2885 1908 2956 qui
1928 2927 1943 2950 ,
1984 2891 2047 2940 ut

213 3001 301 3039 me
321 2983 618 3056 paullulum
651 2982 899 3037 inclinari
927 2983 1121 3038 timore
1146 2983 1434 3050 viderunt,
1474 2985 1554 3039 sic
1587 2985 1956 3058 impulerunt,
1984 2991 2048 3041 ut

214 3086 359 3140 omni
388 3102 484 3141 suo
503 3083 723 3149 ‚scelere
755 3090 810 3139 et
837 3083 1059 3156 perfidia
1097 3084 1452 3141 abuterentur
1473 3083 1541 3141 ad
1574 3086 1803 3142 exitium
1842 3100 2046 3142 meum.

217 3229 420 3246 ffl-

278 3320 315 3375 ¹)
344 3316 476 3377 Epist.
515 3316 569 3359 ad
609 3316 854 3361 Terentiam
888 3315 964 3374 (ad
1004 3319 1121 3360 Fam.
1152 3318 1264 3361 XIV.
1299 3319 1344 3365 3.
1380 3316 1405 3374 §
1442 3318 1506 3375 4.)
1539 3341 1597 3348 -
1631 3316 1667 3374 ²)
1701 3313 1812 3360 Ibid.
1841 3315 1894 3360 ad
1926 3318 2043 3361 Fam.

215 3396 330 3441 XIV.
365 3398 406 3438 1.
437 3396 460 3452 §
489 3396 528 3438 7.
547 3395 663 3453 -—³)
695 3393 806 3438 Ibid.
839 3393 891 3438 ad
912 3397 1030 3440 Fam.
1047 3395 1159 3438 xlv.
1193 3397 1233 3438 3.
1254 3395 1278 3449 §
1298 3396 1337 3438 4.
1357 3419 1416 3429 -—-
1435 3393 1477 3452 4)
1506 3391 1615 3439 ibid.
1631 3391 1684 3438 ad
1718 3396 1837 3438 Fam.
1871 3396 1984 3440 XIV.
2003 3397 2045 3438 2.
2096 3403 2101 3410 ’

214 3474 239 3529 ς
273 3474 316 3516 2.
348 3497 404 3504 -
437 3473 478 3530 ⁵)
513 3470 620 3515 Ibid.
662 3475 770 3518 xiv.
822 3477 860 3519 3.
896 3474 921 3529 ς
954 3475 995 3517 2.
1031 3498 1087 3505 -
1126 3473 1166 3529 6)
1203 3470 1311 3515 ibid.
1352 3474 1462 3519 xiv.
1501 3473 1537 3516 1.
1573 3472 1597 3527 §
1632 3473 1673 3516 1.
1708 3497 1766 3505 -
1801 3474 1839 3532 ⁷)
1871 3472 1923 3517 ad
1956 3477 2047 3518 Au.

217 3553 297 3594 111.
332 3551 450 3606 13.§
484 3552 527 3594 2.
