2210 3970
239 226 345 274 510
822 238 1031 275 emeno
1080 239 1147 274 DE
1190 238 1326 274 VITA
1368 237 1472 274 sua

234 371 366 424 Nam
407 371 453 426 si
482 387 566 424 me
599 372 651 424 in
687 370 926 426 Ciliciam
961 371 1320 435 demisissem,
1360 370 1602 425 Ciliciam
1636 369 1852 441 quidem
1886 374 2056 443 ipsam

234 476 451 541 propter
483 470 681 523 montis
715 470 905 525 Amani
939 476 1189 525 naturam
1226 470 1379 525 facile
1412 471 1735 525 tenuissem:
1780 469 1907 543 (duo
1932 478 2060 527 sunt

234 570 378 623 enim
418 568 597 623 aditus
637 571 692 623 in
731 570 970 625 Ciliciam
1015 588 1079 625 ex
1121 571 1304 643 Syria3
1348 587 1577 642 quorum
1619 576 1845 641 uterque
1884 570 2062 641 parvis

234 669 515 740 praesidiis
543 677 760 742 propter
792 671 1070 742 angustias
1102 670 1391 726 intercludi
1425 676 1628 743 potest,
1669 687 1767 725 nec
1795 676 1878 724 est
1909 669 2061 742 quid·

235 785 398 842 quam
437 769 623 827 Cilicia
665 777 855 825 contra
896 769 1110 843 Syriam
1150 770 1437 843 munitius)
1480 769 1574 827 sed
1605 786 1692 825 me
1734 769 2065 844 Cappadocia

236 870 504 934 movebat,
545 886 682 940 quae
714 877 862 941 patet
889 887 921 924 a
955 870 1114 942 Syria
1139 887 1400 941 regesque
1432 870 1594 926 habet
1621 871 1907 935 finitimOS‚
1947 869 2067 942 qui,

235 970 448 1025 etiamsi
497 976 627 1023 sunt
677 970 837 1023 amici
885 968 1038 1023 nobis
1058 1011 1074 1033 ,
1124 975 1308 1023 tamen
1358 975 1550 1040 aperte,
1591 969 1807 1025 Parthis
1857 970 2065 1025 inimici

232 1085 351 1126 esse
380 1085 487 1124 non
527 1068 743 1123 audent.
821 1069 1010 1140 Itaque
1042 1069 1100 1122 in
1131 1068 1463 1141 Cappadocia
1494 1074 1735 1125 extrema
1767 1085 1873 1123 non
1911 1069 2067 1141 longe

234 1189 264 1225 a
305 1170 483 1224 Tauro
515 1167 658 1241 apud
690 1167 946 1241 oppidum
974 1167 1222 1242 Cybistra
1261 1175 1440 1224 castra
1473 1168 1607 1234 feci,
1645 1175 1708 1224 ut
1735 1174 1790 1224 et
1826 1168 2067 1226 Ciliciam

236 1278 419 1325 tuerer
457 1276 540 1335 et,
587 1269 975 1342 Cappadociam
1015 1275 1233 1334 tenenS,
1272 1285 1409 1324 nova
1448 1267 1806 1325 finitimorum
1845 1268 2070 1325 consilia

235 1368 569 1444 impedirem.
630 1373 720 1424 44.
761 1369 862 1424 Hic
884 1374 900 1407 ²
930 1374 1050 1424 tuto
1078 1367 1444 1434 consedimuS,
1470 1371 1683 1442 copioso
1710 1387 1742 1426 a
1767 1369 2068 1435 frumento,

234 1472 476 1528 Ciliciam
516 1486 680 1545 prope
718 1470 1111 1542 conspiciente,
1150 1469 1399 1543 expedito
1438 1469 1506 1525 ad
1538 1469 1888 1537 mutandum,
1930 1470 2069 1532 loco;

236 1589 399 1646 parvo
435 1572 679 1627 exercitu
694 1614 709 1636 ‚
741 1570 842 1626 sed
864 1614 878 1635 ,
918 1578 982 1625 ut
1020 1570 1300 1643 sperabam
1321 1613 1336 1636 ,
1375 1571 1444 1626 ad
1481 1571 1904 1627 benevolentiam
1942 1587 2071 1644 erga

237 1691 333 1729 nos
377 1673 771 1729 consentiente:
832 1689 993 1744 quem
1046 1688 1143 1727 nos
1157 1714 1175 1738 ,
1224 1673 1463 1728 Deiotari
1507 1671 1742 1728 adventu
1785 1687 1913 1727 cum
1955 1672 2071 1727 suis

236 1774 485 1829 omnibus
520 1774 720 1846 copiis,
760 1772 1088 1846 duplicaturi
1126 1789 1361 1828 eramuS.
1452 1773 1626 1830 Sociis
1661 1771 1834 1828 multo
1872 1770 2068 1832 fidelio-

235 1876 385 1931 ribus
408 1875 733 1940 ›utebamun
773 1891 939 1947 quam
970 1875 1258 1947 quisquam
1291 1891 1425 1930 usus
1458 1883 1622 1930 esset:
1661 1873 1860 1947 quibus
1897 1874 2068 1928 incre-

234 1975 414 2031 dibilis
443 1975 728 2032 videbatur
765 1982 820 2031 et
858 1982 1043 2031 nostra
1068 1975 1428 2032 mansuetudo
1462 1982 1518 2031 et
1549 1975 1891 2031 abstinentia.
1972 1974 2067 2030 De-

234 2075 406 2132 lectu's
444 2077 662 2132 habitus
694 2074 896 2132 civium
930 2077 1324 2132 Romanorum:
1365 2076 1703 2132 frumentum
1741 2091 1808 2131 ex
1839 2074 1986 2147 agris
2013 2075 2071 2129 in

232 2178 348 2233 loca
378 2183 500 2232 tuta
527 2183 939 2250 comportatum.
1018 2176 1199 2232 Hostis
1218 2182 1241 2215 ²
1279 2184 1398 2232 erat
1435 2178 1492 2232 in
1524 2176 1892 2252 Cyrrhestica,
1932 2185 2070 2250 quae

235 2277 424 2353 Syriae
451 2294 579 2352 pars
617 2278 863 2351 proxima
901 2284 984 2333 est
1022 2278 1330 2350 provinciae
1362 2293 1529 2333 meae.

313 2478 479 2535 XVII.
561 2483 647 2533 45.
690 2478 900 2533 Interea
920 2484 942 2517 ⁸
983 2480 1040 2532 in
1085 2477 1186 2533 hoc
1219 2485 1373 2534 tanto
1401 2485 1555 2534 motu
1586 2484 1844 2550 tantaque
1887 2492 2068 2550 exspe-

238 2580 473 2634 ctatione
510 2579 735 2634 maximi
769 2579 890 2637 belli
930 2595 1026 2633 rex
1065 2579 1348 2634 Deiotarus
1369 2621 1383 2643 ,
1435 2580 1527 2633 cui
1566 2594 1673 2632 non
1712 2577 1829 2632 sine
1879 2593 2071 2635 caussa

235 2680 532 2754 plurimum
589 2678 801 2752 semper
842 2686 898 2734 et
948 2695 1069 2734 meo
1125 2686 1180 2734 et
1236 2679 1452 2734 Catonis
1495 2685 1549 2733 et
1600 2683 1820 2733 senatus
1872 2677 2072 2733 iudicio

235 2781 504 2839 tributum
542 2787 654 2846 est,
693 2781 778 2834 vir
814 2797 984 2852 quum
1017 2779 1386 2835 benevolentia
1419 2786 1474 2835 et
1507 2779 1610 2835 fide
1649 2795 1777 2851 erga
1814 2778 2070 2852 populum

238 2881 539 2936 Romanum
597 2880 896 2952 singulari,
949 2887 1068 2935 tum
1125 2881 1430 2953 praesentia
1481 2887 1536 2936 et
1572 2879 1965 2952 magnitudine
2015 2885 2071 2936 et

240 2982 407 3038 animi
440 2988 494 3037 et
533 2972 778 3046 consilii,
826 2981 1028 3053 legatos
1069 2981 1134 3037 ad
1173 2999 1260 3038 me
1306 2982 1485 3047 misit,
1543 2999 1602 3037 se
1646 2998 1771 3037 cum
1821 2980 2070 3036 omnibus

240 3083 352 3137 suis
380 3084 551 3155 copiis
580 3085 635 3137 in
669 3084 788 3138 mea
820 3089 999 3138 castra
1026 3099 1143 3138 esse
1174 3088 1482 3138 venturum.
1561 3081 1727 3138 Cuius
1753 3097 1868 3154 ego⁴
1888 3079 2068 3136 studio

241 3182 517 3255 officioque
554 3188 867 3238 'commotus
911 3183 997 3253 egi
1044 3183 1091 3236 ei
1139 3200 1235 3255 per
1273 3183 1482 3241 litteras
1527 3183 1753 3254 gratias:
1807 3181 1967 3257 idque
2007 3188 2069 3237 ut

301 3454 340 3510 ³)
372 3450 425 3496 ad
461 3453 551 3495 Att.
575 3453 622 3495 V.
659 3454 730 3497 18.
768 3454 851 3509 §2
888 3478 943 3485 -—
976 3453 1016 3511 ἐι)
1050 3450 1157 3496 ibid.
1195 3454 1278 3508 §L
1314 3480 1370 3487 —-
1403 3454 1445 3511 5)
1477 3451 1607 3513 Epist.
1643 3450 1693 3496 ad
1725 3453 1776 3496 Μ.
1811 3454 1956 3496 Caton.
1991 3449 2063 3506 (ad

246 3532 363 3578 Fam.
396 3531 483 3575 XV.
518 3532 555 3573 4.
598 3531 620 3583 ὦ
656 3532 719 3582 5.)
