2210 3970
189 226 296 278 540
652 237 978 276 ANNALES
1032 237 1542 278 (nonnosum.

268 370 329 443 (³)
370 370 561 425 Paucis
594 367 781 421 diebus
815 372 934 438 post
967 372 1195 420 mortem
1233 367 1434 433 Crassi,
1486 369 1541 424 C.
1576 371 1842 426 Aurelius⁴
1868 373 2021 428 Cotta

190 470 472 525 tribunatu
509 464 763 541 depulsus
805 475 912 532 est,
954 473 1006 521 et
1036 468 1280 538 sequenti
1315 485 1453 523 anno
1495 470 1565 544 (v.
1606 470 1672 525 ad
1711 489 1758 526 a.
1779 475 1905 527 664.
1941 474 2014 546 5.)

195 546 380 640 sponte
413 571 468 624 in
500 568 751 624 exsilium
773 565 921 621 abiit.
964 585 998 620 1.
1037 584 1083 620 e.
1108 571 1196 621 31.
1232 571 1304 622 99
1329 586 1405 640 sq.
1460 570 1563 637 Qui
1595 588 1763 642 quum
1797 572 2023 627 redisset

195 687 242 724 a.
267 675 393 727 672.
430 671 664 724 maxime
696 669 878 722 floruit
909 669 963 720 in
999 666 1126 721 foro.
1168 686 1207 724 1.
1239 686 1283 722 e.
1310 673 1398 724 54.
1434 675 1555 726 108.
1599 690 1653 726 11.
1679 690 1726 726 e.
1753 678 1800 727 1.
1828 678 1876 726 1.

258 771 341 816 Cio.
365 770 419 816 de
449 773 576 817 Orat.
603 783 674 815 111.
701 784 737 813 c.
756 773 797 812 3.
833 772 906 812 11.
970 769 1064 810 Non
1087 767 1202 813 vidit
1237 785 1386 815 eorum
1417 771 1647 831 ipsorum,
1679 773 1762 833 qui
1795 780 1891 818 tum
1923 772 2029 817 ado-

199 848 410 897 lescentes
445 850 602 895 Crasso
634 862 681 890 se
711 845 948 900 dicarant,
982 845 1218 893 horribiles
1249 848 1519 907 miserosque
1549 865 1695 898 casus.
1758 850 1837 896 Ex
1867 850 2031 911 quibus

201 928 245 971 G.
274 928 432 981 Cotta,
473 941 601 985 quem
632 922 713 967 ille
733 923 976 983 florentem
1013 922 1282 981 reliquerat,
1317 925 1483 987 paucis
1524 925 1678 971 diebus
1700 935 1810 988 post
1848 935 2032 973 mortem

202 1003 353 1046 Crassi
397 1001 611 1062 depulsus
647 1016 734 1061 per
771 998 988 1043 invidiam
1028 999 1289 1055 tribunatu,
1335 1016 1422 1045 non
1467 1002 1625 1047 multis
1657 1003 1712 1048 ab
1757 1020 1805 1049 eo
1844 1011 2036 1066 tempore

197 1080 421 1124 mensibus
453 1081 622 1124 eiectus
653 1086 722 1123 est
752 1094 775 1121 e
807 1078 1001 1122 civitate.
1030 1119 1035 1124 ,
1066 1081 1188 1123 Brut.
1216 1093 1254 1122 e.
1283 1080 1355 1123 49.
1383 1082 1487 1124 182.
1530 1079 1696 1125 Iisdem
1719 1080 1828 1140 fere
1874 1089 2039 1143 tempo·

197 1158 323 1203 ribus
347 1165 492 1202 aetate
521 1156 761 1215 inferiores
784 1155 969 1215 paullo,
1003 1171 1136 1216 quam
1164 1155 1343 1214 Iulius,
1377 1157 1457 1203 sed
1485 1160 1696 1218 aequales
1719 1161 2038 1222 propemodum

194 1235 393 1294 fuerunt
427 1236 470 1280 C.
494 1235 643 1289 Cotta,
675 1234 729 1278 P.
749 1233 982 1294 Sulpicius
1000 1265 1013 1289 ‚
1050 1234 1100 1291 Q.
1121 1234 1351 1293 Valerius,
1388 1238 1461 1281 Gn.
1480 1238 1777 1298 Pomponius,
1814 1239 1858 1284 G.
1880 1240 2039 1295 Curio,

203 1315 254 1359 L.
279 1312 472 1374 Fufius,
503 1315 563 1356 M.
582 1313 797 1367 Drusus,
826 1312 880 1356 P.
908 1312 1160 1368 Antistius,
1191 1329 1269 1357 nec
1299 1314 1399 1358 ulla
1430 1322 1577 1360 aetate
1607 1313 1784 1361 uberior
1812 1325 2038 1363 oratorum

193 1390 329 1449 fetus
351 1391 470 1449 fuit.
540 1390 618 1437 Ea:
651 1389 722 1433 his
757 1390 886 1433 Cotta
917 1398 961 1434 et
993 1389 1254 1450 Sulpicius,
1287 1409 1424 1452 quum
1453 1410 1547 1438 meo
1578 1394 1775 1452 iudicio,
1823 1403 1919 1440 tum
1949 1413 2037 1441 ome

203 1471 354 1532 nium,
377 1468 527 1528 facile
546 1468 722 1529 primas
753 1466 967 1511 tulerunt.
1031 1483 1065 1511 c.
1085 1471 1158 1511 55.
1186 1471 1290 1515 202.
1322 1472 1579 1517 Inveniebat
1593 1482 1722 1518 acute
1742 1476 1892 1531 Cotta,
1925 1474 2039 1519 dico-
2123 1492 2125 1494 “

150 1575 152 1577 >
204 1549 280 1593 bat
302 1565 419 1610 pure
450 1565 502 1592 ac
533 1547 679 1592 solute
686 1568 704 1602 ,-
736 1553 779 1590 et
811 1553 865 1589 ut
894 1544 955 1589 ad
982 1546 1297 1606 infirmitatem
1336 1546 1525 1594 laterum
1550 1553 1827 1612 perscienter
1864 1562 2038 1599 conten·

205 1627 368 1670 tionem
400 1641 567 1669 omnem
600 1625 833 1668 remiserat
850 1656 864 1679 ‚
907 1623 972 1667 sic
1005 1623 1067 1666 ad
1094 1624 1256 1669 virium
1288 1625 1640 1674 imbecillitatem
1669 1629 1846 1674 dicendi
1875 1647 2041 1675 accom—

203 1702 409 1749 modabat
436 1718 591 1763 genus.
661 1701 790 1746 Nihil
818 1709 914 1745 erat
943 1702 992 1745 in
1023 1702 1120 1745 eius
1150 1703 1348 1747 oratione
1379 1704 1472 1749 nisi
1501 1707 1752 1765 sincerum,
1795 1708 1916 1753 nihil
1942 1709 2035 1752 nisi

202 1781 369 1827 siccum
395 1788 529 1841 atque
559 1795 718 1825 sanum
733 1798 748 1823 .·
779 1778 984 1839 illudque
1013 1779 1257 1827 maa-imum
1274 1813 1289 1836 ,
1319 1781 1440 1841 qnod
1466 1799 1602 1843 quum
1631 1786 1907 1829 contentione
1937 1801 2034 1828 ora-

202 1859 340 1903 tionis
358 1859 549 1920 flectere
568 1859 741 1905 animos
762 1855 960 1900 iudicum
982 1857 1058 1900 via·
1072 1864 1255 1916 posset,
1280 1875 1357 1902 nec
1386 1861 1560 1905 omnino
1583 1877 1632 1905 eo
1657 1878 1816 1922 genere
1844 1861 2034 1917 diceret,

202 1936 434 1983 tractando
474 1944 620 1980 tamen
653 1933 933 1995 impellebat,
973 1941 1026 1979 ut
1055 1933 1172 1978 idem
1210 1933 1414 1989 facerent
1444 1954 1473 1981 a
1504 1953 1552 1982 se
1581 1939 1816 1995 commoti,
1858 1938 1983 2005 quozl
2006 1955 2034 1986 a

203 2015 406 2076 Sulpicio
436 2014 662 2060 concitati.
704 2012 825 2057 alibi.
873 2010 991 2056 Conf.
1017 2015 1173 2073 Meyer.
1202 2012 1320 2061 Orat,
1349 2015 1472 2059 Rom.
1497 2017 1670 2078 Fragm.
1696 2029 1808 2061 LVII.
1841 2034 1881 2078 p.
1900 2020 2004 2062 338.

281 2116 343 2191 (4)
385 2118 510 2171 Post
545 2123 773 2171 mortem
808 2114 1014 2178 Crassi,
1053 2113 1238 2169 Cicero
1269 2117 1418 2170 venit
1455 2118 1512 2170 in
1547 2117 1759 2184 forum,
1799 2137 1834 2174 1.
1871 2136 1918 2173 c.
1945 2122 2033 2175 51.

203 2221 291 2274 99.
327 2217 531 2276 dudum
572 2216 715 2274 inter
748 2214 995 2286 aequales
1017 2231 1142 2274 suos
1179 2215 1247 2290 (v.
1277 2215 1343 2275 ad
1378 2234 1424 2271 a.
1449 2221 1575 2279 658.
1617 2218 1688 2292 1.)
1726 2219 2030 2281 litterarum

202 2318 379 2374 studio
413 2318 671 2373 eminens,
713 2335 748 2372 1.
788 2321 940 2371 «255.
982 2319 1108 2372 109.
1828 2305 1832 2320 ’

263 2417 484 2463 Plutarch.
509 2418 593 2462 Cic.
620 2434 656 2462 c.
685 2421 726 2461 2.
756 2421 797 2462 1.
847 2417 934 2461 Ἐν
979 2416 1147 2480 ἡλικίᾳ
1185 2422 1274 2464 τοῦ
1320 2422 1596 2479 μανθάνειν
1636 2423 1932 2485 γενόμενος,·
1966 2423 2034 2468 δι’

203 2497 414 2556 εὐφυίαν
439 2495 687 2557 ἐκλάμψας
717 2500 798 2541 καὶ
829 2496 989 2556 λαβὼν
1019 2497 1174 2558 ὄνομα
1197 2501 1280 2543 καὶ
1309 2498 1457 2549 δόξαν
1479 2498 1531 2544 έν
1556 2509 1658 2553 τοῖς
1681 2505 1876 2559 παισὶν,
1916 2501 2039 2548 ὥστε

209 2579 326 2629 τούς
363 2575 573 2638 πατέρας
605 2574 766 2620 αὐτῶν
797 2574 1066 2634 ἐπιφοιτᾶν
1099 2584 1205 2628 τοῖς
1236 2576 1602 2630 διδασκαλείοις
1634 2577 1749 2639 ὄψει
1784 2597 1835 2625 τε
1865 2579 2038 2640 βουλο-

208 2656 386 2717 μένους
429 2655 554 2700 ἶδεῖν
598 2652 682 2699 τὸν
719 2652 974 2716 Κικέρωνα
1017 2659 1100 2701 καὶ
1139 2655 1224 2714 τήν
1265 2654 1563 2716 ὑμνουμένην
1598 2657 1755 2704 αὐτοῦ
1796 2662 1907 2721 περὶ
1953 2662 2040 2713 τὰς

206 2737 450 2797 μαθήσεις
488 2733 696 2792 ὀξύτητα
734 2735 816 2778 καὶ
860 2735 1059 2780 σύνεσιν
1101 2737 1380 2796 ἱστορῆσαι,
1424 2738 1541 2789 τούς
1585 2738 1632 2782 δ’
1669 2737 2037 2802 ἀγροικοτέρους

209 2814 494 2879 ὀργίζεσθαι
526 2821 630 2865 τοῖς
663 2812 823 2859 υἱέσιν
858 2794 1070 2875 ὁρῶντας
1098 2813 1150 2859 ἐν
1185 2822 1290 2868 ταῖς
1325 2815 1460 2868 ὁδοῖς
1492 2814 1576 2862 τὸν
1606 2816 1860 2880 Κικέρωνα
1888 2819 2037 2880 μέσον

207 2895 365 2942 αὐτῶν
395 2893 477 2940 ἐπὶ
509 2895 628 2955 τιμῇ
660 2892 1011 2954 λαμβάνοντας.
1074 2897 1348 2956 Γενόμενος
1379 2895 1441 2948 δ’,
1477 2895 1636 2959 ὥσπερ
1663 2899 1870 2945 Πλάτων
1904 2900 2039 2952 α’ξιοϊ

208 2974 293 3032 τήν
320 2974 578 3034 φιλομαθῆ
605 2975 686 3018 καὶ
716 2975 994 3034 φιλόσοφον
1021 2978 1202 3033 φύσιν,
1242 2965 1344 3026 οἷος
1369 2973 1681 3026 ἀσπαζέσθαι
1706 2981 1803 3023 πᾶν
1828 2981 2034 3040 μάθημα

206 3056 287 3100 καὶ
315 3051 464 3114 μηδὲν
498 3052 645 3115 λόγου
675 3052 795 3113 μηδὲ
824 3055 1054 3108 παιδείας
1081 3054 1334 3115 ἀτιμάζειν
1357 3049 1511 3110 εἶδος,
1546 3056 1696 3118 ἐρρύη
1723 3075 1820 3111 πως
1852 3060 2033 3121 προθυ·

204 3135 410 3194 μότερον
438 3130 521 3177 ἐπὶ
557 3135 833 3192 ποιητικήν.
897 3138 1000 3180 Καὶ
1034 3154 1083 3202 τι
1115 3137 1197 3181 καὶ
1231 3135 1527 3194 ποιημάτιον
1558 3133 1631 3181 ἔτι
1666 3137 1844 3190 παιδὸς
1879 3138 2035 3184 αὐτοῦ

206 3212 524 3267 διασώζεται,
557 3213 817 3266 Πόντιος
848 3215 1147 3271 Γλαῦκος,
1197 3213 1249 3259 ἐν
1281 3212 1580 3278 τετραμέτρῳ
1613 3216 1934 3278 πεποιημένον
1975 3220 2036 3274 [ν.

208 3293 260 3338 ad
291 3308 326 3336 a.
347 3295 448 3353 664.
476 3293 554 3348 e.].

2203 1438 2210 1593 ——a—-
2208 1376 2210 1407 „.

2203 1917 2210 1952 ¹,

2202 1960 2210 2018 l

2201 2022 2210 2099 ἒ
