2210 3970
145 216 256 271 506
676 220 691 235 ⁹
752 226 964 266 emeno
1010 226 1082 265 ns
1130 224 1270 263 v1TA
1315 224 1424 290 sm

135 370 290 427 cata,
333 378 364 418 a
421 377 508 417 me
537 367 720 418 autem
758 361 933 434 posita
959 366 1041 416 est
1082 360 1137 414 in
1187 364 1339 428 sexto
1377 355 1516 414 libro
1559 355 1626 413 de
1667 355 1976 430 Republica.

145 464 291 531 Quod
321 481 526 537 semper
554 469 814 528 movetur,
849 471 1118 517 aeternum
1157 468 1264 515 est:
1292 457 1429 532 quod
1466 464 1641 513 autem
1667 465 1866 514 motum
1896 463 1978 534 af-

86 568 92 576 “
134 569 244 640 fert
271 565 467 630 alicui,
525 563 762 637 quodque
809 564 983 637 ipsum
1013 563 1244 635 aqitatur
1281 559 1494 615 aliunde
1511 600 1528 624 ,
1567 559 1772 632 quando
1820 561 1983 632 finem

136 664 293 721 habet
329 671 498 720 metus
516 706 532 730 ‚
564 664 771 719 vivendi
786 663 975 736 'finem
1015 662 1202 717 lrabeat
1242 677 1446 724 necesse
1484 667 1576 715 est.
1655 659 1839 716 Solum
1883 661 1983 733 iqi-

138 772 261 830 ίαν,
306 764 444 837 quod
488 782 543 819 se
578 764 752 836 ipsum
800 769 1001 826 movet,
1049 762 1173 834 quia
1210 778 1500 833 numquam
1538 760 1796 816 deseritur
1826 778 1861 817 a
1892 778 1948 816 se
1967 803 1984 827 ,

137 881 427 937 numquam
455 880 520 917 ne
550 861 747 916 moveri
771 860 983 932 quidem
1015 860 1242 923 desinit5
1276 860 1403 933 quin
1423 861 1579 916 etnam
1610 861 1822 927 ceteris,
1850 879 1983 934 quae

136 970 434 1027 moventur,
481 961 567 1016 hie
598 963 720 1034 fons
738 1001 755 1025 ‚
802 959 899 1015 hoc
941 960 1270 1031 principium
1308 967 1385 1015 est
1414 961 1655 1015 movendi
1676 981 1694 1016 .·
1729 961 1982 1033 prmcipii

137 1071 314 1120 autem
354 1046 506 1117 nulla
552 1067 629 1116 est
685 1059 846 1132 oriqo.
936 1058 1076 1114 Nam
1128 1078 1155 1115 e
1196 1059 1461 1131 principio
1493 1059 1733 1115 oriuntur
1770 1059 1985 1126 omnia,-

136 1165 312 1238 ipsum
348 1169 523 1218 autem
561 1160 712 1216 nulla
757 1178 825 1215 ex
873 1178 933 1215 re
971 1160 1080 1215 alia
1118 1161 1266 1216 nasci
1294 1168 1482 1232 potest,
1535 1159 1643 1223 Nec
1680 1161 1820 1216 enim
1856 1168 1988 1218 esset

137 1263 196 1319 id
225 1262 578 1337 principium,
609 1259 747 1333 quod
783 1260 1086 1333 yiqneretur
1115 1260 1345 1318 aliunde.
1432 1260 1578 1326 Quod
1614 1261 1663 1317 si
1698 1278 1988 1334 numquam

138 1363 306 1420 oritur
324 1405 341 1430 ,
390 1380 455 1418 ne
511 1361 695 1417 oceidit
738 1360 951 1433 quidem
991 1378 1259 1434 umquam.
1350 1359 1490 1417 Nam
1526 1362 1855 1433 principium
1891 1378 1988 1419 ex·

141 1464 386 1520 stinctum
417 1480 511 1518 nec
535 1462 709 1535 ipsum
737 1461 805 1516 ab
837 1461 942 1516 alio
969 1467 1294 1527 renascetur,
1331 1477 1426 1519 nec
1449 1478 1483 1516 a
1503 1479 1559 1517 se
1592 1460 1745 1517 aliud
1776 1461 1988 1528 creabit,

141 1563 403 1638 siquidem
450 1579 655 1618 necesse
693 1569 769 1625 est
815 1580 849 1617 a
872 1561 1136 1635 principio
1181 1561 1315 1617 oriri
1361 1561 1556 1618 omnia.
1646 1560 1735 1619 Ita
1783 1561 1848 1635 fit
1866 1604 1884 1631 ‚
1932 1571 1992 1620 ut

140 1672 312 1720 motus
341 1663 665 1736 principium
697 1681 764 1718 etc
804 1680 860 1720 eo
900 1662 1005 1728 sit,
1044 1661 1182 1736 quod
1218 1663 1394 1736 ipsum
1432 1680 1468 1719 a
1498 1681 1554 1719 se
1593 1671 1844 1722 movetur.
1922 1663 1993 1722 Id

140 1773 318 1823 autem
347 1782 441 1821 nec
479 1764 626 1820 nasci
648 1771 818 1838 potest
855 1781 948 1820 nee
987 1764 1124 1820 mori
1137 1783 1156 1819 .-
1195 1763 1279 1819 vel
1303 1763 1539 1821 concidat
1569 1781 1719 1821 omne
1750 1764 1954 1827 caelum
1971 1807 1990 1833 ,

142 1868 412 1940 omnisque
448 1874 590 1922 terra
628 1866 875 1924 consistat
905 1883 1111 1923 necesse
1166 1872 1278 1931 est,
1325 1883 1421 1922 nec
1457 1866 1566 1922 vim
1603 1866 1775 1925 ullam
1811 1868 1988 1926 nanci-

140 1977 347 2035 scatur,
380 1986 483 2041 qua
494 1968 673 2040 primo
700 1966 931 2039 impulsa
962 1974 1246 2022 moveatur.
1318 1970 1444 2023 105.
1491 1966 1665 2032 Quum
1694 1976 1875 2042 pateat
1891 1969 1990 2043 iqi-

142 2078 260 2138 tur‚
292 2067 562 2126 aeternum
597 2068 656 2123 id
693 2085 832 2133 esse,
865 2066 1003 2140 quod
1027 2083 1084 2122 se
1119 2067 1295 2140 ipsum
1324 2074 1555 2142 moveat,
1587 2067 1708 2140 quis
1745 2076 1850 2135 est,
1897 2071 1993 2143 qui

138 2172 279 2233 hanc
315 2178 562 2226 naturam
597 2170 790 2226 animis
840 2186 951 2224 esse
999 2168 1253 2225 tributam
1302 2175 1455 2243 ποθεῖ
1468 2169 1498 2226 Γ
1577 2167 1882 2226 Inanimum
1917 2179 1994 2235 est

141 2273 284 2334 enim
320 2289 471 2329 omne
489 2313 506 2338 ,
551 2270 690 2345 quod
723 2270 886 2344 pulsu
925 2270 1160 2344 ayitatur
1186 2275 1420 2327 aeterno.
1504 2268 1651 2337 Quod
1693 2277 1869 2328 autem
1918 2279 1995 2337 est

142 2373 380 2439 animal,
409 2372 468 2428 id
499 2379 644 2428 motu
677 2372 846 2428 cietur
870 2371 1118 2435 interiore
1155 2378 1206 2427 et
1230 2387 1341 2427 suo·
1421 2368 1562 2427 Nam
1604 2369 1732 2428 haec
1767 2380 1846 2428 est
1869 2390 1991 2445 pro-

140 2475 263 2548 pria
291 2479 484 2528 natura
525 2472 691 2529 animi
722 2479 880 2544 atque
906 2471 1003 2527 vis.
1091 2471 1233 2536 Quae
1263 2470 1312 2529 si
1354 2478 1432 2526 est
1468 2488 1575 2529 una
1612 2490 1681 2528 eae
1718 2472 1958 2540 omnibus
1975 2516 1992 2540 ,

145 2592 279 2650 quae
310 2591 366 2629 se
401 2573 517 2645 ipsa
547 2589 751 2645 semper
779 2578 1015 2636 moveat,
1042 2588 1209 2644 neque
1239 2578 1364 2626 nata
1405 2578 1542 2628 certe
1587 2580 1665 2628 est
1694 2581 1746 2628 et
1781 2581 1993 2633 aeterna

143 2683 238 2732 est.
316 2674 470 2732 Licet
508 2678 838 2729 concurrant
888 2671 1090 2745 plebeii
1122 2688 1310 2728 omnes
1360 2671 1663 2746 philosophi
1703 2675 1806 2748 (sic
1844 2675 1991 2735 enim

146 2777 217 2843 ii,
250 2775 346 2849 qui
377 2791 410 2832 a
438 2773 666 2832 <Platone
695 2779 752 2829 et
793 2772 1014 2829 Socrate
1052 2778 1107 2829 et
1138 2771 1206 2828 ab
1244 2789 1309 2829 ea
1346 2771 1554 2830 familia
1584 2772 1883 2842 dissident,
1903 2792 1993 2850 ap-

148 2875 384 2950 pellandi
415 2874 722 2943 videntur),
763 2890 871 2931 non
916 2871 1074 2928 modo
1114 2871 1250 2927 nihil
1273 2888 1534 2945 umquam
1571 2879 1684 2930 tam
1720 2873 1996 2947 eleganter

148 2974 530 3048 explicabunt,
591 2974 689 3031 sed
742 2990 811 3030 ne
848 2973 949 3029 hoc
991 2972 1212 3046 quidem
1252 2973 1461 3046 ipsum,
1501 2990 1665 3046 quam
1723 2976 1997 3049 subtiliter

147 3076 465 3133 conclusum
521 3076 630 3141 sit,
690 3074 1008 3147 intelligent.
1091 3074 1267 3130 Sentit
1306 3075 1478 3146 igitur
1519 3075 1737 3132 animus
1781 3094 1839 3134 se
1883 3095 1993 3134 mo·

150 3180 288 3234 veri:
349 3177 490 3251 quod
517 3193 687 3250 quum
728 3177 921 3243 sentit,
974 3175 1107 3230 illud
1142 3192 1250 3231 una
1288 3176 1489 3242 sentit,
1529 3193 1587 3232 se
1619 3178 1673 3231 vi
1707 3193 1805 3233 sua
1831 3220 1843 3243 ,
1886 3195 1992 3235 non

150 3279 328 3335 aliena
358 3279 616 3337 'moverit
659 3295 758 3334 nec
806 3276 1052 3333 accidere
1093 3294 1247 3349 posse
1270 3320 1286 3343 ,
1340 3284 1403 3334 ut
1435 3278 1549 3351 ipse
1581 3293 1838 3352 umquam
1874 3295 1906 3334 a
1939 3297 1997 3336 se

149 3380 452 3459 deseretur.
530 3379 611 3436 Ex
667 3396 772 3452 quo
818 3376 1051 3434 efficitur
1103 3377 1411 3433 aeternitas,
1516 3381 1636 3433 106.
1680 3377 1817 3436 Sed¹
1868 3380 1998 3453 quid

152 3481 369 3499 *

219 3527 256 3583 ²)
288 3523 341 3567 de
374 3525 541 3567 Senect.
576 3535 608 3565 c.
630 3522 701 3563 21.
735 3521 849 3578 §78.
