2210 3970
443 246 498 306 L.
525 251 611 306 lx.
655 245 963 305 c.xxv111.
1005 248 1134 320 §81
1179 278 1254 287 —-
1294 247 1480 302 XXIX.
1522 246 1675 318 §84-
1864 251 1970 302 455

129 403 263 457 vitio
301 401 500 458 *datum
554 408 719 466 esset,
772 402 818 456 si
870 418 927 455 se
987 398 1416 461 interemissent,
1489 403 1768 470 propterea
1820 398 1960 468 quod

131 503 300 558 lenior
338 519 524 558 eorum
546 505 683 566 vita,
711 510 765 557 et
786 517 962 556 mores
983 498 1197 554 fuerant
1220 498 1511 552 faciliores:
1552 495 1745 551 Catoni
1777 503 1959 551 autem

127 619 297 676 quum
355 603 722 658 incredibilem
772 602 1050 658 tribuisset
1096 607 1289 655 natura
1338 600 1685 671 gravitatem,
1736 614 1964 670 eamque

130 703 243 775 ipsc
274 709 543 775 ‚perpetua
595 703 895 757 constantia
935 702 1268 766 roborasset,
1321 717 1638 771 semperque
1677 700 1732 753 in
1777 716 1961 772 propo·

127 804 231 858 sito
270 808 626 875 susceptoque
664 802 886 857 consilio
926 802 1334 874 permansisset,
1376 798 1724 855 moriundum
1759 800 1964 872 potine,

128 918 290 976 quam
342 904 562 977 tyranni
624 902 806 958 vultus
850 902 1191 976 aspiciendus
1249 902 1368 957 fuit.
1467 906 1558 957 83.
1600 903 1741 965 At¹‚
1793 915 1961 972 quum

127 1002 329 1076 aliquid
367 1003 433 1060 de
472 1004 734 1069 utilitate,
775 1003 1082 1070 honestate,
1122 1004 1393 1076 aequitate
1432 1003 1752 1065 disseritur,
1793 1000 1965 1073 deque

127 1105 198 1159 iis
234 1103 430 1170 rebuS,
481 1119 618 1176 quae
658 1103 744 1159 his
782 1111 911 1160 sunt
948 1106 1278 1170 contrariae,
1332 1105 1622 1160 incurrunt
1654 1109 1830 1158 status
1868 1107 1966 1157 aut

128 1205 265 1260 iuris
309 1211 405 1261 aut
450 1206 713 1268 nominis:
766 1206 907 1278 quod
954 1206 1096 1261 idem
1137 1207 1404 1277 contingit
1443 1207 1498 1261 in
1546 1204 1964 1260 laudationibus

129 1305 263 1362 Nam
295 1312 391 1362 aut
430 1306 617 1376 negari
647 1313 821 1377 potest
862 1305 916 1360 id
949 1306 1153 1360 factum
1188 1323 1333 1369 esse,
1372 1304 1516 1376 quod
1547 1304 1827 1369 laudetur,
1867 1310 1965 1358 aut

130 1422 236 1461 non
277 1421 340 1461 eo
391 1405 625 1461 nomine·
657 1403 1034 1469 afficiendum,
1087 1421 1195 1477 quo
1245 1404 1493 1460 laudator
1544 1403 1813 1468 affecerit,
1869 1411 1965 1459 aut

122 1505 346 1563 'omnino
390 1520 495 1560 non
541 1521 657 1560 esse
690 1504 983 1570 laudabile,
1036 1503 1178 1576 quod
1220 1521 1324 1559 non
1364 1510 1540 1569 recte,
1594 1520 1697 1559 non
1740 1505 1859 1560 iure
1893 1503 1964 1559 sa·

128 1612 280 1662 ctum
317 1606 406 1661 sit.
498 1604 705 1673 Quibus
743 1605 994 1660 omnibus
1032 1603 1320 1676 generibus
1359 1620 1492 1660 usus
1530 1611 1614 1659 est
1652 1604 1817 1659 nimis
1864 1605 1966 1660 im-

120 1706 397 1782 pudenter
444 1705 638 1763 Caesar
675 1712 863 1761 contra
901 1703 1159 1761 Catonem
1199 1721 1401 1760 meum.
1500 1704 1835 1777 Quamquam
1857 1711 1878 1743 ²
1921 1706 1966 1760 is

128 1807 347 1881 quidem
387 1809 444 1863 in
482 1806 705 1880 epistola
742 1806 811 1862 ad
850 1806 1099 1871 Balbum,
1152 1822 1315 1879 quam
1348 1806 1489 1879 apud
1524 1806 1702 1879 ipsum
1741 1806 1967 1862 Lanuvii

129 1909 266 1982 legi,
306 1909 494 1965 Catone
522 1926 638 1965 meo
675 1909 975 1990 saepissime
1013 1907 1228 1982 leyendo
1261 1926 1316 1963 se
1353 1907 1493 1964 dixit
1524 1908 1858 1980 copiosiorem
1887 1914 1967 1981 sa-

134 2018 308 2067 ctwmt
366 2010 522 2066 Brun·
583 2009 779 2065 Catone
817 2010 946 2064 lecto
988 2027 1043 2064 se
1089 2010 1190 2063 sibi
1233 2011 1404 2064 visum
1452 2010 1724 2065 disertum.
1824 2010 1926 2066 Sed
1949 2017 1970 2049 ⁸

121 2108 308 2185 ‘qualis
345 2109 531 2167 futura
569 2117 712 2166 esset
742 2107 988 2166 Caesaris
1026 2110 1356 2182 vituperatio·
1380 2117 1568 2165 contra
1607 2110 1970 2167 laudationem

135 2224 340 2277 meam,
392 2212 638 2285 perspexi
677 2227 742 2266 ex
782 2228 844 2266 eo
882 2210 1054 2275 libre,
1108 2227 1270 2283 quem
1311 2211 1520 2267 Hirtius
1559 2212 1626 2267 ad
1666 2228 1754 2268 me
1793 2213 1971 2276 misit,

123 2314 191 2368 -in
243 2327 349 2384 quo
397 2310 599 2383 colligit
636 2292 769 2366 {itia
807 2309 1055 2376 CatoniS,
1110 2311 1202 2366 sed
1253 2328 1379 2367 cum
1419 2313 1673 2368 maximis
1723 2313 1973 2369 laudibus

135 2428 285 2468 mels,

122 2640 124 2643 ·
209 2615 397 2672 XXIX.
478 2620 569 2672 84.
611 2616 909 2685 Quamvis*
948 2616 1118 2687 igitur
1151 2617 1349 2671 misera
1383 2624 1563 2672 essent
1595 2633 1657 2672 ea
1698 2623 1970 2691 tempora,

122 2727 277 2788 quae·
308 2725 464 2772 erant
501 2718 836 2779 miserrima:
893 2723 1075 2772 tamen
1128 2724 1272 2772 artes
1326 2724 1541 2773 nostrae
1563 2760 1577 2782 ,
1630 2721 1811 2774 nescio
1863 2737 1969 2792 quo

135 2815 318 2882 mode,
356 2823 475 2873 tum
502 2817 776 2873 uberiores
817 2816 1027 2872 fructus
1061 2816 1201 2873 serre
1241 2816 1599 2883 videbantur,
1639 2836 1801 2890 quam
1841 2819 1970 2874 olim

137 2916 408 2983 serebant,
461 2918 574 2974 sive
613 2919 739 2990 quia
781 2918 928 2973 nulla
967 2925 1086 2974 tum
1128 2919 1183 2973 in
1224 2935 1283 2973 re
1321 2918 1426 2973 alia
1467 2919 1969 2990 acquiescebamus,

137 3018 248 3072 sive
280 3017 422 3090 quod
457 3018 695 3089 gravitas
739 3017 913 3072 morbi
947 3017 1200 3084 faciebat,
1241 3027 1303 3074 ut
1344 3019 1644 3074 medicinae
1690 3035 1973 3090 egeremus

138 3134 305 3190 eaque
351 3125 471 3174 tum
509 3125 824 3191 appareret;
872 3121 1028 3175 cuius
1066 3122 1175 3175 vim
1216 3138 1322 3175 non
1362 3121 1760 3185 sentiebamus,
1801 3138 1971 3193 quum

136 3218 459 3274 valebamus
538 3219 655 3274 Ea⁵
696 3224 877 3273 autem
907 3226 1100 3275 natura
1131 3237 1315 3276 rerum
1349 3228 1455 3285 est,
1496 3228 1548 3275 et
1589 3221 1634 3275 is
1667 3228 1972 3293 temporum

201 3403 243 3458 ι)
274 3400 416 3461 Topic.
449 3403 577 3445 c.25.
612 3400 729 3457 §94.
765 3427 821 3434 —
855 3405 895 3460 2)
927 3401 978 3448 ad
1007 3405 1102 3449 Att.
1127 3406 1244 3448 Xlll.
1280 3405 1351 3447 46.
1386 3402 1471 3460 §2
1507 3429 1565 3439 -
1598 3403 1637 3460 ³)
1670 3401 1722 3447 ad
1749 3406 1840 3447 Att.
1873 3403 1971 3448 ΧΠ.

143 3479 215 3520 40.
250 3466 333 3535 51.
367 3503 426 3512 —
457 3479 500 3537 4)
533 3477 666 3539 Epist.
693 3477 747 3524 ad
780 3482 1015 3525 Varronem
1048 3481 1123 3541 (ad
1141 3486 1259 3528 Fam.
1281 3484 1351 3525 ΙΧ.
1371 3485 1413 3525 3.
1447 3480 1556 3539 62.)
1590 3508 1646 3515 -
1682 3483 1724 3540 5)
1759 3481 1889 3544 Epist.
1919 3479 1973 3527 ad

147 3557 194 3600 A.
219 3556 442 3602 Caecinam
465 3556 540 3614 (ad
566 3560 684 3604 Fam.
719 3560 787 3604 Vl.
826 3562 865 3603 5.
895 3561 1003 3618 §2.)

1635 3633 1699 3682 28
