2210 3970
307 261 412 314 712
772 274 1103 314 ANNALES
1158 270 1670 316 CICERONIANI.

298 405 399 450 odio
424 406 623 450 universi
639 404 804 465 populi
821 420 965 466 paene
991 405 1197 466 afflictus
1224 411 1304 447 est.
1367 403 1495 447 Nihil
1516 406 1598 450 illo
1625 407 1824 467 turpius.
1886 402 2127 452 Proximus·

299 491 367 527 est
399 492 543 527 tamen
570 483 692 526 Piso.
755 473 916 543 Itbque
946 483 1192 543 mirificum
1218 481 1448 542 ἐμβόλιον
1480 484 1623 544 cogito
1655 485 1703 528 in
1729 484 1966 530 secundum
1993 485 2126 528 libro·

209 585 213 590 ·
297 577 396 605 rum
426 577 619 605 meorum
650 560 900 615 includere,
934 560 1146 605 dicentem
1176 560 1500 621 Apollinemin
1526 561 1711 605 concilio
1734 561 1943 616 deorum,
1975 560 2126 620 qualis

298 637 470 683 reditus
497 638 683 682 duorum
715 638 1030 698 imperatorum
1053 637 1252 696 futuru-s·
1291 646 1426 682 esset:
1459 654 1646 699 quorum
1683 637 1800 682 alter
1837 637 1970 695 (Piso)
2004 652 2126 681 exer-

299 716 438 759 citum
462 716 740 777 perdidisset
756 747 769 771 ‚
801 713 918 757 alter
934 714 1188 775 (Gabinius)
1214 710 1485 760 vendidisset
1511 719 1575 775 [v.
1592 716 1645 761 ad
1657 733 1694 761 a.
1714 719 1816 761 696.
1835 716 1951 772 31.].
2015 713 2127 759 Ibid.

298 805 368 838 111.
390 797 417 837 5
451 798 485 839 8:
518 798 558 839 6.
593 797 635 838 1.
673 791 802 851 Quod
825 793 1033 853 quaeri5‚
1068 794 1181 854 quid
1204 794 1257 839 de
1293 795 1392 839 illis
1433 795 1561 839 libris
1589 796 1776 856 egerim,
1823 810 1957 854 quos,
1991 809 2127 854 quum

296 886 435 914 essem
456 872 504 914 in
530 873 747 926 Cumano,
780 870 967 915 scribere
992 871 1201 915 institui:
1230 888 1316 916 non
1342 875 1513 918 cessavi
1542 891 1681 935 neque
1712 888 1855 918 cesso:
1888 872 1968 916 sed
1996 885 2128 932 saepe

293 946 384 1003 iam
418 947 636 991 scribendi
664 954 806 994 totum
822 946 1059 990 consilium
1085 949 1386 1010 rationemque
1412 953 1596 997 mutavi.
1660 950 1775 998 Conf.
1802 954 1837 995 Ι.
1856 954 1899 996 P.
1918 949 2127 1004 Richarz,

299 1024 531 1067 Comment.
552 1024 671 1083 phil.
701 1025 798 1068 crit.
828 1023 880 1067 de
914 1023 1207 1070 Politicorum
1243 1016 1480 1072 Ciceronis.
1499 1028 1712 1074 librorum
1743 1036 1933 1088 tempore
1965 1026 2126 1072 natali.

295 1100 541 1163 Herbipoli‚
575 1106 709 1148 1820.
745 1104 809 1148 40.

562 1380 839 1437 ANNUS
898 1380 1157 1435 VITAE
1220 1380 1672 1439 CICERONIS
1726 1380 1856 1438 LIV.

620 1514 729 1600 [Kal.
766 1549 931 1588 Ianuar.
967 1547 1095 1588 incid.
1131 1548 1177 1587 in
1213 1547 1253 1587 d.
1293 1547 1319 1588 2
1349 1547 1544 1588 necemh.
1584 1549 1643 1588 54
1672 1563 1709 1590 a.
1739 1542 1802 1600 C.]

295 1700 333 1728 a.
351 1687 399 1728 U.
419 1683 462 1726 c,
814 1686 927 1726 Coss.
964 1686 1038 1727 cN.
1075 1685 1313 1725 pommus
1347 1685 1610 1728 cALleth,
1962 1686 2129 1730 a.A.C.

331 1774 440 1819 701.
950 1778 1014 1818 rm.
1050 1748 1304 1817 VALERIUS
1338 1777 1608 1818 MESSALLA.
2008 1779 2082 1820 53.

372 1915 434 1989 (¹)
479 1915 582 1969 Per
614 1920 815 1986 septem
855 1915 1060 1986 priores
1100 1915 1263 1970 huius
1307 1916 1436 1970 anni
1478 1933 1689 1971 menses
1731 1917 1865 1988 nulli
1908 1918 2129 1974 fuerunt

294 2015 574 2080 ConsuleS‚
615 2015 889 2086 republica
938 2015 1112 2070 delata
1148 2015 1215 2070 ad
1242 2017 1568 2087 interregeS,
1604 2034 1833 2088 quorum
1868 2037 2127 2075 numerus

294 2123 440 2186 certe
479 2132 584 2170 non
620 2115 797 2170 minor
831 2132 992 2187 quam
1022 2133 1180 2170 xxxvi
1220 2117 1396 2190 potuit
1427 2133 1561 2172 esse.

355 2217 432 2260 nio
449 2229 519 2262 xl..
537 2231 573 2261 c.
593 2218 667 2260 17.
686 2220 727 2260 1.
756 2232 792 2260 c.
813 2219 885 2261 45.
909 2220 944 2260 1.
980 2218 1142 2262 ’Ἀλλα
1160 2234 1210 2263 τε
1237 2217 1287 2264 ἐν
1306 2221 1362 2278 τῇ
1388 2219 1527 2263 πόλει
1557 2216 1808 2278 στασιώδη
1825 2219 2004 2276 πολλὰ,
2040 2219 2129 2266 κοῖν

295 2303 403 2348 ταῖς
421 2291 762 2358 ἀρχαιρεσίαις
789 2295 1025 2355 μάλιστα,
1053 2293 1269 2360 ἐγένετο,
1299 2297 1424 2344 ὥστε
1451 2299 1598 2358 μόλις
1616 2297 1806 2363 ἑβδόμῳ
1827 2303 1941 2361 μηνὶ
1962 2300 2049 2347 τόν
2076 2317 2128 2347 τε

291 2376 567 2421 Καλουῖνον
594 2378 675 2420 καὶ
695 2373 778 2419 τὸν
804 2377 1068 2421 Μεσσάλαν
1086 2375 1298 2428 ὑπάτους
1317 2375 1680 2435 ἀποδειχθῆναι
1715 2391 1774 2412 “-
1795 2412 1807 2425 .
1840 2380 2057 2439 μάλιστα
2072 2377 2127 2425 δὲ

295 2455 343 2500 οἱ
371 2453 612 2515 δήμαρχοι
630 2481 690 2488 —-
707 2452 920 2499 ἐκώλυον
939 2455 1021 2507 τοὶς
1041 2456 1216 2508 λοιπὰς
1235 2455 1388 2518 ἀρχᾶς
1412 2457 1671 2518 αἱρεθῆναι
1688 2474 1699 2486 ·
1732 2485 1792 2492 -
1826 2461 1909 2504 καὶ
1935 2460 2128 2522 χιλιάρ·

290 2549 408 2590 χους
436 2532 545 2578 ἀντὶ
580 2534 675 2578 τῶν
704 2532 897 2578 ὑπάτων
929 2559 989 2568 --
1022 2538 1324 2583 καθιστάναι
1352 2536 1646 2600 ε’σηγοῦντο·
1677 2534 1850 2595 ἐπειδή
1875 2554 1925 2583 τε
1962 2537 2129 2590 οὐδεὶς

295 2613 458 2660 αὐτῶν
483 2612 696 2671 ἐπείσθη
715 2648 725 2668 ,
762 2612 1029 2676 δικτάτορα
1057 2619 1172 2678 γοῦν
1205 2617 1293 2663 τόν
1318 2617 1580 2677 Πομπήιον
1604 2618 1845 2674 λεχθῆναι
1873 2617 1978 2662 δεῖν
2009 2616 2130 2676 ἔφα-

290 2710 441 2739 σκον.
468 2718 527 2726 -
559 2689 742 2745 ἐκεῖνός
794 2710 846 2739 τε
874 2696 962 2757 γὰρ
995 2694 1234 2755 ἀπεδήμει
1263 2721 1352 2740 -.
1385 2699 1536 2744 (2⁷46.
1583 2696 1732 2748 Τέλος
1774 2694 1828 2742 δὲ
1873 2694 1967 2756 ὀψέ
2010 2714 2127 2744 ποτε

295 2771 447 2824 αὐτὸς
475 2770 639 2818 ἐλθὼν
667 2771 751 2829 τήν
782 2770 869 2832 μὲν
897 2773 1214 2833 δικτατορίαν
1242 2773 1502 2835 διδομένην
1532 2776 1579 2821 οἱ
1607 2775 1761 2833 δῆθεν
1789 2776 1879 2822 οὐκ
1907 2774 2125 2834 ἐδέξατο,

293 2853 412 2904 τούς
446 2850 500 2898 δὲ
538 2851 749 2903 ὑπάτους
777 2850 1145 2911 ἀποδειχθῆναι
1177 2855 1551 2917 παρεσκεύασεν.
1615 2854 1678 2899 cf.
1708 2855 1889 2917 Appian.
1925 2859 1972 2901 B.
1995 2860 2038 2901 C.
2074 2869 2125 2904 11.

293 2946 328 2975 c.
347 2932 420 2976 19.
452 2930 538 2974 Cic.
558 2930 612 2974 ad
630 2935 723 2994 Ait.
743 2942 807 2975 lv.
829 2933 901 2976 15.
920 2933 962 2975 7.
1000 2931 1058 2975 ad
1092 2936 1143 2992 Q.
1171 2930 1225 2976 fr.
1245 2944 1296 2977 11.
1318 2936 1375 2976 15
1393 2947 1439 2979 a.
1465 2935 1507 2976 5.

372 3042 434 3116 (2)
477 3041 544 3096 M.
581 3041 806 3097 Crassus
844 3043 900 3096 in
937 3043 1275 3115 expeditione
1310 3033 1568 3100 adversus
1608 3012 1834 3102 Parthos
1875 3046 1946 3120 [v.
1977 3047 2045 3102 ad
2075 3065 2126 3106 a.

293 3147 422 3198 699.
465 3145 581 3214 6.],
621 3142 907 3197 interfecto
950 3144 1008 3198 P.
1042 3144 1149 3198 filio
1197 3146 1546 3216 exercituque
1579 3145 1780 3211 deleto,
1827 3154 1980 3202 trans
2021 3149 2126 3206 Eu·
2189 3144 2192 3147 ’

294 3242 541 3314 phratem
595 3260 720 3297 cum
773 3240 1067 3314 ignominia
1114 3251 1167 3299 et
1209 3244 1466 3300 dedecore
1513 3262 1562 3299 a.
1602 3245 1652 3300 d.
1689 3265 1737 3300 v.
1776 3246 1903 3302 Idus
1943 3249 2126 3304 Iunias

301 3343 388 3416 [..-.
430 3349 462 3398 9
499 3344 642 3399 Iunii
679 3348 780 3399 701
817 3363 880 3395 =
921 3349 954 3399 6
983 3345 1108 3399 Maii
1143 3350 1231 3400 55.
1271 3363 1317 3400 a.
1345 3347 1425 3420 0.]
1466 3336 1623 3419 perit.
1665 3365 1732 3402 v1.
1767 3366 1812 3402 G.
1837 3352 1926 3404 58.
1962 3354 2050 3404 98.

354 3442 500 3487 Livius
531 3443 645 3504 Epit.
681 3447 785 3488 106.
818 3446 875 3488 M.
909 3446 1122 3501 Graecam,
1157 3445 1318 3490 bellum
1349 3445 1538 3490 Parthis
1566 3445 1782 3490 illaturus
1800 3479 1814 3502 9
1845 3447 2126 3508 Euphratem
2194 3507 2198 3511 Ι

283 3519 484 3580 fluvium
506 3520 716 3578 transiit,
747 3521 979 3582 victusque
1001 3522 1201 3583 praelio,
1234 3523 1283 3568 in
1308 3539 1395 3583 quo
1419 3531 1464 3569 et
1481 3523 1621 3584 filius
1645 3524 1742 3568 eius
1771 3525 1957 3580 cecidit,
1991 3544 2126 3588 quum
2187 3558 2190 3561 -
