2210 3970
646 216 675 253 A
690 217 720 254 n
735 218 765 255 n
779 217 811 254 u
826 217 851 255 s
902 217 951 254 11.
998 217 1043 254 e.
1102 203 1394 256 695—696
1841 206 1949 258 663

115 348 219 395 dum
265 348 464 410 speciosa
511 347 708 408 equestri
746 348 929 408 genitus
960 346 1180 407 familia,
1225 347 1380 409 gravis
1396 378 1411 402 ‚
1460 353 1668 403 sanctus,
1715 346 1948 404 innocens,

116 426 253 472 dives.
322 426 404 470 Hic
428 431 616 486 praetor
646 425 763 469 inter
793 425 1095 470 nobilissimos
1122 425 1242 468 viros
1272 432 1448 468 creatus
1474 426 1623 485 primo
1656 424 1776 481 Ioco,
1810 442 1949 487 quum

115 506 157 550 ei
189 504 392 566 dignatio
418 503 544 548 Iulia
571 503 770 565 genitam
795 504 947 548 Atiam
972 501 1254 548 conciliasset
1278 518 1486 558 uxorem,
1519 518 1575 547 ea·
1597 519 1645 547 eo
1673 502 1832 549 honore
1854 518 1951 548 sor-

114 582 230 627 titus
262 579 561 627 Macedoniam
578 613 592 637 ‚
625 579 966 642 appellatusque
995 581 1046 624 in
1071 596 1124 624 ea
1153 580 1420 641 imperator,
1454 578 1663 625 decedens
1689 579 1752 625 ad
1761 581 1948 642 petitio·

111 675 210 704 nem
235 657 495 704 consulatus
521 657 658 714 obiit,
690 665 979 718 praetextato
1001 655 1157 702 relicto
1182 655 1307 718 filio.
1370 660 1550 702 Sueton.
1586 662 1697 718 Aug.
1724 674 1762 702 c.
1781 663 1825 703 3.
1867 659 1949 703 Ea·

106 744 327 799 praetura
352 733 654 780 Macedoniam
687 736 903 791 sortitus,
926 734 1158 795 fugitivos
1174 764 1190 788 ‚
1224 732 1450 779 residuam
1476 735 1688 794 Spartaci
1714 743 1758 780 et
1788 736 1948 781 Catili-

115 830 199 861 nae
219 830 423 871 manum,
461 812 704 857 Thurinum
729 829 888 874 agrum
919 819 1115 858 tenentes
1128 844 1142 868 ‚
1170 812 1220 857 in
1245 811 1406 857 itinere
1437 811 1620 869 delevit,
1651 815 1827 876 negotio
1857 815 1948 860 sibi

114 892 166 937 in
190 898 350 936 senatu
371 898 502 937 eaetra
520 890 716 935 ordinem
743 889 862 936 dato.
925 890 1185 935 Provinciae
1200 889 1435 951 praefuit,
1469 905 1556 935 non
1576 891 1744 936 minore
1766 892 1952 939 iustitia

112 986 247 1033 quam
269 968 576 1030 fortitudine:
620 983 835 1028 namque,
879 967 1035 1012 Bessis
1066 982 1119 1012 ac
1160 966 1402 1012 Thracibus
1431 984 1590 1030 magno
1615 971 1792 1032 praelio
1813 972 1951 1032 fusis

113 1049 183 1094 ita
225 1049 369 1094 socios
399 1046 638 1102 tractavit,
681 1052 735 1090 ut
776 1044 992 1106 epistolae
1023 1047 1082 1090 M.
1119 1043 1259 1090 Tullii
1294 1044 1514 1090 Ciceronis
1545 1056 1745 1104 exstent,
1785 1050 1951 1111 quibus

116 1126 167 1185 Q.
191 1125 425 1187 fmtrem‘,
457 1124 605 1171 eodem
637 1132 832 1186 tempore
855 1140 1021 1185 parum
1052 1122 1244 1169 secunda
1266 1124 1404 1183 fama
1418 1126 1786 1186 proconsulatum
1813 1129 1949 1174 Asiae

113 1202 526 1261 administrantem,
560 1204 766 1250 hortatur
784 1210 828 1248 et
843 1210 988 1247 monet
1001 1234 1016 1258 ‚
1044 1202 1253 1247 imitetur
1278 1203 1328 1246 in
1346 1203 1653 1263 promerendis
1677 1206 1814 1250 sociis
1839 1206 1950 1252 vici·

114 1298 222 1326 num
252 1298 385 1328 suum
415 1284 648 1328 Octavium
681 1282 757 1341 [ad
787 1280 963 1341 Q.fr.1.
982 1284 1024 1326 1.
1063 1282 1104 1324 7.
1123 1282 1197 1324 21.
1232 1278 1343 1324 lbid.
1362 1283 1405 1325 2.
1423 1283 1465 1324 2.
1484 1282 1564 1338 7.].
1600 1280 1823 1326 Decedens
1854 1285 1951 1327 Ma·

112 1357 316 1417 cedonia,
341 1361 614 1423 priusquam
638 1359 855 1422 profiteri
881 1374 929 1402 se
956 1355 1244 1402 candidatum
1275 1356 1536 1401 consulatus
1556 1365 1735 1417 posset,
1766 1368 1950 1405 mortem

113 1435 226 1483 obiit
257 1438 544 1500 repentinam.
593 1436 654 1483 cf.
687 1436 770 1482 Cic.
799 1434 910 1480 Phil.
939 1447 1012 1481 111.
1046 1449 1083 1480 c.
1113 1437 1154 1480 6.
1190 1436 1264 1478 15.
1297 1436 1348 1479 Α.
1375 1432 1627 1491 Weichert,
1658 1437 1949 1498 Imperatoris

116 1514 321 1561 Caesaris
346 1516 545 1580 Augusti
575 1516 844 1577 scriptorum
875 1512 1105 1575 reliquiae.
1139 1510 1342 1571 Grimae5
1375 1514 1508 1559 1846.
1536 1516 1598 1559 40.
1632 1530 1673 1576 p.
1691 1517 1733 1560 4.

403 1887 661 1945 ANNUS
711 1886 952 1943 VITAE
1003 1882 1419 1943 CICERONIS
1469 1885 1651 1943 XLIX.

449 2039 560 2098 [Kal.
587 2045 753 2086 Ianuar.
783 2045 911 2086 incid.
946 2045 991 2085 in
1017 2044 1058 2086 d.
1092 2043 1152 2086 22
1188 2043 1353 2084 Ianuar.
1394 2044 1452 2083 58
1482 2057 1520 2085 a.
1549 2039 1614 2095 6.]

108 2196 146 2225 a.
165 2184 214 2225 11.
233 2182 277 2224 (Ξ.
433 2230 438 2237 ,
521 2185 635 2226 Coss.
670 2185 715 2224 L.
752 2182 1066 2224 CALPURNIUS
1099 2182 1210 2223 Plso
1243 2180 1561 2224 CAESONINUS.
1772 2184 1876 2227 ·.A.
1896 2185 1942 2227 C.

145 2275 254 2319 696.
627 2301 633 2306 1
671 2275 720 2316 A.
756 2275 1006 2315 GABINIUS.
1820 2279 1896 2319 58.

185 2403 248 2480 (¹)
293 2404 416 2460 Piso
451 2409 503 2459 et
537 2401 798 2460 Gabinius
826 2409 954 2458 sunt
993 2402 1099 2456 duo
1130 2401 1359 2468 funesti,
1399 2419 1505 2457 non
1543 2403 1815 2470 consuleS‚
1850 2406 1943 2461 sed

104 2504 340 2560 latrones
387 2509 549 2576 alque
598 2519 872 2558 eversores
920 2501 1270 2575 reipublicae;
1328 2519 1461 2575 quos
1512 2505 1625 2559 suis
1677 2504 1944 2562 coloribus

30 2675 33 2679 ἢ
70 2605 289 2687 ,Cicero
330 2603 519 2676 mul-tis
550 2602 681 2659 locis
717 2603 978 2676 depinxit.
1014 2620 1083 2658 ιν.
1119 2620 1164 2658 ο.
1190 2606 1278 2659 20.
1323 2606 1394 2658 49
1428 2620 1542 2675 sqq.
1578 2621 1625 2658 c.
1649 2608 1740 2660 23.
1775 2611 1864 2661 58.

166 2705 253 2750 cio.
279 2703 333 2749 de
354 2702 542 2765 provino.
571 2717 684 2748 cons.
713 2718 749 2748 ο.
767 2706 809 2748 1.
836 2705 878 2748 2.
917 2702 1047 2760 Quod
1074 2704 1118 2747 si
1143 2703 1224 2747 ille
1255 2704 1330 2761 (P.
1351 2703 1594 2763 Servilius)
1616 2730 1677 2739 —
1707 2705 1944 2752 Gabinium

108 2790 152 2828 et
187 2782 425 2838 Pisonem,
457 2780 544 2826 duo
575 2779 846 2841 reipublicae
869 2788 1083 2841 portenta
1115 2795 1167 2824 ac
1195 2796 1341 2840 paene
1357 2780 1532 2839 funera
1549 2814 1563 2837 ‚
1595 2798 1732 2842 quum
1755 2793 1945 2845 propter

107 2859 225 2903 alias
257 2872 467 2914 caussas,
509 2865 605 2903 tum
637 2858 831 2902 maa-ime
854 2866 1042 2919 propter
1078 2857 1201 2901 illud
1223 2858 1399 2918 insigne
1430 2858 1577 2903 scelus
1605 2875 1754 2904 eorum
1785 2869 1830 2906 et
1858 2863 1943 2907 im·

98 2944 343 3000 pov-tunam
368 2936 418 2980 in
447 2951 516 2981 me
541 2934 877 2989 crudelitatem,
909 2951 996 2980 non
1017 2934 1163 2980 solum
1187 2936 1408 2980 sententia
1437 2951 1547 2991 sua,
1580 2935 1662 2980 sed
1685 2938 1822 2983 etiam
1846 2957 1940 2986 ver-

108 3016 259 3061 borum
287 3013 513 3076 gravitate
550 3028 646 3057 esse
678 3012 894 3057 notandos
923 3013 1110 3074 putavit
1120 3033 1138 3066 ;
1168 3029 1358 3075 quonam
1389 3030 1456 3057 me
1483 3014 1630 3058 animo
1662 3015 1711 3060 in
1743 3032 1817 3061 eos
1844 3034 1940 3064 esse

106 3100 304 3155 oportet,
344 3092 475 3136 cuius
505 3090 583 3135 illi
618 3089 811 3134 salutem
833 3106 921 3151 pro
944 3092 1136 3153 pignore
1163 3091 1444 3137 tradiderunt
1470 3092 1532 3136 acl
1563 3092 1805 3154 explendas
1828 3110 1941 3141 suas

107 3170 421 3232 cupiditates?
486 3169 604 3214 Idem
638 3183 715 3228 pro
742 3170 876 3212 Domo
907 3184 987 3213 sua
1019 3185 1057 3213 c.
1076 3171 1118 3215 9.
1152 3173 1225 3215 23.
1258 3171 1312 3215 de
1339 3175 1523 3232 Harusp.
1557 3187 1741 3233 respons.
1771 3188 1807 3218 c.
1825 3177 1868 3219 2.
1897 3179 1941 3221 3.

109 3248 210 3310 Ego
237 3249 374 3304 enim,
402 3249 566 3292 Patres
597 3247 844 3307 Conscripti
861 3278 874 3302 ,
905 3247 1135 3292 inimicum
1160 3263 1228 3291 me
1259 3255 1428 3308 semper
1460 3266 1554 3295 esse
1575 3252 1816 3311 professus
1840 3271 1940 3300 sum

109 3323 298 3383 duobus,
347 3326 429 3387 qui
460 3342 527 3369 me
543 3357 556 3381 ‚
600 3325 681 3385 qui
723 3325 1039 3386 rempublicam
1055 3358 1069 3382 ‚
1111 3342 1246 3386 quum
1290 3324 1527 3384 defendere
1574 3329 1798 3388 deberent,
1848 3349 1939 3378 ser-

108 3418 212 3447 vare
229 3411 414 3464 possent
425 3425 442 3459 ,-
474 3419 694 3464 quumque
722 3401 783 3446 ad
806 3403 1039 3449 consulare
1065 3404 1263 3465 officium
1291 3404 1407 3464 ipsis
1428 3406 1680 3468 insignibus
1702 3409 1834 3454 illius
1856 3411 1938 3455 im·

106 3481 250 3541 perii,
296 3481 357 3527 ad
391 3498 530 3527 meam
573 3480 764 3526 salutem
804 3497 890 3527 non
924 3481 1068 3527 solum
1103 3483 1400 3542 auctoritate,
1444 3484 1526 3530 sed
1555 3487 1690 3532 etiam
1727 3489 1935 3548 precibus
