<?xml version="1.0" encoding="UTF-8"?>
<!DOCTYPE html PUBLIC "-//W3C//DTD XHTML 1.0 Transitional//EN"
    "http://www.w3.org/TR/xhtml1/DTD/xhtml1-transitional.dtd">
<html xmlns="http://www.w3.org/1999/xhtml" xml:lang="en" lang="en">
 <head>
  <title>
</title>
<meta http-equiv="Content-Type" content="text/html;charset=utf-8" />
  <meta name='ocr-system' content='tesseract 3.04.00' />
  <meta name='ocr-capabilities' content='ocr_page ocr_carea ocr_par ocr_line ocrx_word'/>
</head>
<body>
  <div class='ocr_page' id='page_1' title='image "./mtulliiciceronis00suriuoft/mtulliiciceronis00suriuoft_0782.png"; bbox 0 0 2210 3970; ppageno 0'>
   <div class='ocr_carea' id='block_1_1' title="bbox 250 235 1604 288">
    <p class='ocr_par' dir='ltr' id='par_1_1' title="bbox 250 235 1604 288">
     <span class='ocr_line' id='line_1_1' title="bbox 250 235 1604 288; baseline -0.004 -1"><span class='ocrx_word' id='word_1_1' title='bbox 250 235 355 288; x_wconf 80' lang='lat'><strong><em>756</em></strong></span> <span class='ocrx_word' id='word_1_2' title='bbox 710 243 1039 281; x_wconf 80' lang='lat' dir='ltr'><strong>ANNALES</strong></span> <span class='ocrx_word' id='word_1_3' title='bbox 1097 243 1604 283; x_wconf 77' lang='lat' dir='ltr'><strong>CICERONIANI.</strong></span> 
     </span>
    </p>
   </div>
   <div class='ocr_carea' id='block_1_2' title="bbox 254 371 2106 1843">
    <p class='ocr_par' dir='ltr' id='par_1_2' title="bbox 254 371 2106 1843">
     <span class='ocr_line' id='line_1_2' title="bbox 254 371 2083 439; baseline 0.001 -17"><span class='ocrx_word' id='word_1_4' title='bbox 254 376 349 433; x_wconf 72' lang='lat' dir='ltr'><strong><em>bis,</em></strong></span> <span class='ocrx_word' id='word_1_5' title='bbox 395 375 529 437; x_wconf 82' lang='lat' dir='ltr'><strong><em>legem</em></strong></span> <span class='ocrx_word' id='word_1_6' title='bbox 550 374 731 433; x_wconf 84' lang='lat' dir='ltr'><strong><em>ferente</em></strong></span> <span class='ocrx_word' id='word_1_7' title='bbox 763 373 815 417; x_wconf 84' lang='lat' dir='ltr'><strong><em>de</em></strong></span> <span class='ocrx_word' id='word_1_8' title='bbox 845 374 970 416; x_wconf 84' lang='lat' dir='ltr'><strong><em>novis</em></strong></span> <span class='ocrx_word' id='word_1_9' title='bbox 1003 371 1172 417; x_wconf 82' lang='lat' dir='ltr'><strong><em>tabulis</em></strong></span> <span class='ocrx_word' id='word_1_10' title='bbox 1208 375 1349 431; x_wconf 83' lang='grc' dir='ltr'><em>[τούς</em></span> <span class='ocrx_word' id='word_1_11' title='bbox 1382 375 1584 436; x_wconf 88' lang='grc' dir='ltr'><em>νόμους,</em></span> <span class='ocrx_word' id='word_1_12' title='bbox 1633 376 1720 422; x_wconf 84' lang='grc' dir='ltr'><strong><em>τόν</em></strong></span> <span class='ocrx_word' id='word_1_13' title='bbox 1754 393 1804 421; x_wconf 85' lang='grc' dir='ltr'><strong><em>τε</em></strong></span> <span class='ocrx_word' id='word_1_14' title='bbox 1835 381 1946 439; x_wconf 78' lang='grc' dir='ltr'><em>περὶ</em></span> <span class='ocrx_word' id='word_1_15' title='bbox 1990 377 2083 423; x_wconf 74' lang='grc' dir='ltr'><em>τῶν</em></span> 
     </span>
     <span class='ocr_line' id='line_1_3' title="bbox 255 450 2086 518; baseline -0.001 -18"><span class='ocrx_word' id='word_1_16' title='bbox 255 455 412 518; x_wconf 72' lang='grc' dir='ltr'><em>χρεῶν</em></span> <span class='ocrx_word' id='word_1_17' title='bbox 444 452 526 500; x_wconf 80' lang='grc' dir='ltr'><em>καὶ</em></span> <span class='ocrx_word' id='word_1_18' title='bbox 561 450 643 498; x_wconf 87' lang='grc' dir='ltr'><strong><em>τὸν</em></strong></span> <span class='ocrx_word' id='word_1_19' title='bbox 678 455 786 512; x_wconf 80' lang='grc' dir='ltr'><em>περὶ</em></span> <span class='ocrx_word' id='word_1_20' title='bbox 837 452 932 497; x_wconf 84' lang='grc' dir='ltr'><strong><em>τῶν</em></strong></span> <span class='ocrx_word' id='word_1_21' title='bbox 967 450 1213 497; x_wconf 73' lang='grc' dir='ltr'><em>ἑνοικίωνε</em></span> <span class='ocrx_word' id='word_1_22' title='bbox 1282 453 1358 496; x_wconf 91' lang='lat' dir='ltr'><strong><em>Dio</em></strong></span> <span class='ocrx_word' id='word_1_23' title='bbox 1390 467 1500 497; x_wconf 76' lang='lat' dir='ltr'><strong><em>xml.</em></strong></span> <span class='ocrx_word' id='word_1_24' title='bbox 1543 469 1579 499; x_wconf 87' lang='lat' dir='ltr'><strong><em>e.</em></strong></span> <span class='ocrx_word' id='word_1_25' title='bbox 1614 457 1686 497; x_wconf 84' lang='lat'><strong><em>32.</em></strong></span> <span class='ocrx_word' id='word_1_26' title='bbox 1719 456 1817 512; x_wconf 81' lang='lat'><strong>2.]‚</strong></span> <span class='ocrx_word' id='word_1_27' title='bbox 1865 455 2086 499; x_wconf 74' lang='lat' dir='ltr'><strong><em>excitatae</em></strong></span> 
     </span>
     <span class='ocr_line' id='line_1_4' title="bbox 260 529 2093 591; baseline -0.001 -14"><span class='ocrx_word' id='word_1_28' title='bbox 260 540 407 578; x_wconf 79' lang='lat' dir='ltr'><em>essent</em></span> <span class='ocrx_word' id='word_1_29' title='bbox 445 540 488 575; x_wconf 91' lang='lat' dir='ltr'><strong><em>et</em></strong></span> <span class='ocrx_word' id='word_1_30' title='bbox 531 547 584 575; x_wconf 74' lang='lat' dir='ltr'><strong><em>ea·</em></strong></span> <span class='ocrx_word' id='word_1_31' title='bbox 617 547 668 573; x_wconf 88' lang='lat' dir='ltr'><strong><em>ea</em></strong></span> <span class='ocrx_word' id='word_1_32' title='bbox 711 546 870 574; x_wconf 80' lang='lat' dir='ltr'><strong><em>caussa</em></strong></span> <span class='ocrx_word' id='word_1_33' title='bbox 904 530 1035 591; x_wconf 80' lang='lat' dir='ltr'><strong><em>plebs</em></strong></span> <span class='ocrx_word' id='word_1_34' title='bbox 1076 530 1459 586; x_wconf 78' lang='lat' dir='ltr'><strong><em>tumultuaretur,</em></strong></span> <span class='ocrx_word' id='word_1_35' title='bbox 1502 529 1700 574; x_wconf 83' lang='lat' dir='ltr'><strong><em>inductis</em></strong></span> <span class='ocrx_word' id='word_1_36' title='bbox 1738 547 1766 573; x_wconf 92' lang='lat' dir='ltr'><strong><em>a</em></strong></span> <span class='ocrx_word' id='word_1_37' title='bbox 1813 533 1870 575; x_wconf 90' lang='lat' dir='ltr'><strong><em>M.</em></strong></span> <span class='ocrx_word' id='word_1_38' title='bbox 1904 533 2093 575; x_wconf 86' lang='lat' dir='ltr'><strong><em>Antonio</em></strong></span> 
     </span>
     <span class='ocr_line' id='line_1_5' title="bbox 262 607 2095 671; baseline -0.002 -17"><span class='ocrx_word' id='word_1_39' title='bbox 262 611 480 671; x_wconf 77' lang='lat' dir='ltr'><strong><em>magistro</em></strong></span> <span class='ocrx_word' id='word_1_40' title='bbox 518 609 716 668; x_wconf 87' lang='lat' dir='ltr'><strong><em>equitum</em></strong></span> <span class='ocrx_word' id='word_1_41' title='bbox 754 609 802 651; x_wconf 84' lang='lat' dir='ltr'><strong><em>in</em></strong></span> <span class='ocrx_word' id='word_1_42' title='bbox 849 608 1002 652; x_wconf 76' lang='lat' dir='ltr'><strong><em>Urbem</em></strong></span> <span class='ocrx_word' id='word_1_43' title='bbox 1041 609 1289 663; x_wconf 77' lang='lat' dir='ltr'><strong><em>militibus,</em></strong></span> <span class='ocrx_word' id='word_1_44' title='bbox 1335 608 1577 669; x_wconf 74' lang='lat' dir='ltr'><strong><em>octingenti</em></strong></span> <span class='ocrx_word' id='word_1_45' title='bbox 1609 623 1631 650; x_wconf 92' lang='lat' dir='ltr'><strong><em>e</em></strong></span> <span class='ocrx_word' id='word_1_46' title='bbox 1660 607 1793 667; x_wconf 81' lang='lat' dir='ltr'><em>plebe</em></span> <span class='ocrx_word' id='word_1_47' title='bbox 1825 610 1944 655; x_wconf 85' lang='lat' dir='ltr'><strong><em>caesi</em></strong></span> <span class='ocrx_word' id='word_1_48' title='bbox 1977 617 2095 653; x_wconf 86' lang='lat' dir='ltr'><strong><em>sunt.</em></strong></span> 
     </span>
     <span class='ocr_line' id='line_1_6' title="bbox 263 685 2095 746; baseline -0.001 -14"><span class='ocrx_word' id='word_1_49' title='bbox 263 687 349 733; x_wconf 85' lang='lat' dir='ltr'><strong><em>cic.</em></strong></span> <span class='ocrx_word' id='word_1_50' title='bbox 381 687 435 733; x_wconf 86' lang='lat' dir='ltr'><strong><em>ad</em></strong></span> <span class='ocrx_word' id='word_1_51' title='bbox 469 692 561 732; x_wconf 80' lang='lat' dir='ltr'><strong><em>Att.</em></strong></span> <span class='ocrx_word' id='word_1_52' title='bbox 581 700 644 731; x_wconf 81' lang='lat' dir='ltr'><strong><em>XI.</em></strong></span> <span class='ocrx_word' id='word_1_53' title='bbox 681 688 752 729; x_wconf 81' lang='lat'><strong><em>12.</em></strong></span> <span class='ocrx_word' id='word_1_54' title='bbox 788 690 829 730; x_wconf 79' lang='lat'><strong><em>4.</em></strong></span> <span class='ocrx_word' id='word_1_55' title='bbox 868 686 997 744; x_wconf 80' lang='lat' dir='ltr'><strong><em>Quod</em></strong></span> <span class='ocrx_word' id='word_1_56' title='bbox 1021 704 1087 731; x_wconf 90' lang='lat' dir='ltr'><strong><em>me</em></strong></span> <span class='ocrx_word' id='word_1_57' title='bbox 1112 686 1244 730; x_wconf 82' lang='lat' dir='ltr'><strong><em>audis</em></strong></span> <span class='ocrx_word' id='word_1_58' title='bbox 1277 687 1528 730; x_wconf 80' lang='lat' dir='ltr'><strong><em>erectiorem</em></strong></span> <span class='ocrx_word' id='word_1_59' title='bbox 1550 700 1644 729; x_wconf 88' lang='lat' dir='ltr'><strong><em>esse</em></strong></span> <span class='ocrx_word' id='word_1_60' title='bbox 1667 685 1813 728; x_wconf 89' lang='lat' dir='ltr'><strong><em>animo</em></strong></span> <span class='ocrx_word' id='word_1_61' title='bbox 1831 719 1843 742; x_wconf 80' lang='lat'>‚</span> <span class='ocrx_word' id='word_1_62' title='bbox 1877 685 1990 745; x_wconf 84' lang='lat' dir='ltr'><strong><em>quid</em></strong></span> <span class='ocrx_word' id='word_1_63' title='bbox 2005 703 2095 746; x_wconf 82' lang='lat' dir='ltr'><strong><em>pu-</em></strong></span> 
     </span>
     <span class='ocr_line' id='line_1_7' title="bbox 266 758 2102 827; baseline -0.002 -16"><span class='ocrx_word' id='word_1_64' title='bbox 266 774 371 822; x_wconf 83' lang='lat' dir='ltr'><strong><em>tas,</em></strong></span> <span class='ocrx_word' id='word_1_65' title='bbox 404 783 540 827; x_wconf 86' lang='lat' dir='ltr'><strong><em>quum</em></strong></span> <span class='ocrx_word' id='word_1_66' title='bbox 571 764 750 816; x_wconf 73' lang='lat' dir='ltr'><strong><em>videas,</em></strong></span> <span class='ocrx_word' id='word_1_67' title='bbox 783 766 1022 808; x_wconf 71' lang='lat' dir='ltr'><strong><em>accessisse</em></strong></span> <span class='ocrx_word' id='word_1_68' title='bbox 1050 764 1110 808; x_wconf 86' lang='lat' dir='ltr'><strong><em>ad</em></strong></span> <span class='ocrx_word' id='word_1_69' title='bbox 1139 764 1389 824; x_wconf 81' lang='lat' dir='ltr'><strong><em>superiores</em></strong></span> <span class='ocrx_word' id='word_1_70' title='bbox 1426 762 1728 823; x_wconf 82' lang='lat' dir='ltr'><strong><em>aegritudines</em></strong></span> <span class='ocrx_word' id='word_1_71' title='bbox 1750 763 2007 823; x_wconf 78' lang='lat' dir='ltr'><strong><em>praeclaras</em></strong></span> <span class='ocrx_word' id='word_1_72' title='bbox 2027 758 2102 823; x_wconf 77' lang='lat' dir='ltr'><strong><em>ge·</em></strong></span> 
     </span>
     <span class='ocr_line' id='line_1_8' title="bbox 264 839 2098 900; baseline -0.002 -12"><span class='ocrx_word' id='word_1_73' title='bbox 264 845 363 888; x_wconf 81' lang='lat' dir='ltr'><strong><em>neri</em></strong></span> <span class='ocrx_word' id='word_1_74' title='bbox 394 844 626 888; x_wconf 82' lang='lat' dir='ltr'><strong><em>actiones?</em></strong></span> <span class='ocrx_word' id='word_1_75' title='bbox 705 841 816 885; x_wconf 90' lang='lat' dir='ltr'><strong><em>lbid.</em></strong></span> <span class='ocrx_word' id='word_1_76' title='bbox 850 845 924 886; x_wconf 80' lang='lat'><strong><em>23.</em></strong></span> <span class='ocrx_word' id='word_1_77' title='bbox 959 847 1000 886; x_wconf 86' lang='lat'><strong><em>3.</em></strong></span> <span class='ocrx_word' id='word_1_78' title='bbox 1050 842 1266 885; x_wconf 76' lang='lat' dir='ltr'><strong><em>Audimus</em></strong></span> <span class='ocrx_word' id='word_1_79' title='bbox 1311 841 1363 885; x_wconf 86' lang='lat' dir='ltr'><strong><em>de</em></strong></span> <span class='ocrx_word' id='word_1_80' title='bbox 1407 850 1533 885; x_wconf 86' lang='lat' dir='ltr'><strong><em>statu</em></strong></span> <span class='ocrx_word' id='word_1_81' title='bbox 1565 839 1848 900; x_wconf 80' lang='lat' dir='ltr'><strong><em>reipublicae.</em></strong></span> <span class='ocrx_word' id='word_1_82' title='bbox 1933 841 1969 883; x_wconf 87' lang='lat'><em>0</em></span> <span class='ocrx_word' id='word_1_83' title='bbox 1997 839 2098 884; x_wconf 76' lang='lat' dir='ltr'><strong><em>dii!</em></strong></span> 
     </span>
     <span class='ocr_line' id='line_1_9' title="bbox 260 918 2101 982; baseline -0.002 -17"><span class='ocrx_word' id='word_1_84' title='bbox 260 937 525 982; x_wconf 80' lang='lat' dir='ltr'><strong><em>generumne</em></strong></span> <span class='ocrx_word' id='word_1_85' title='bbox 557 927 757 964; x_wconf 88' lang='lat' dir='ltr'><strong><em>nostrum</em></strong></span> <span class='ocrx_word' id='word_1_86' title='bbox 782 919 1073 979; x_wconf 83' lang='lat' dir='ltr'><strong><em>potissimum</em></strong></span> <span class='ocrx_word' id='word_1_87' title='bbox 1092 951 1105 974; x_wconf 90' lang='lat'>‚</span> <span class='ocrx_word' id='word_1_88' title='bbox 1138 927 1191 962; x_wconf 89' lang='lat' dir='ltr'><strong><em>ut</em></strong></span> <span class='ocrx_word' id='word_1_89' title='bbox 1223 919 1330 973; x_wconf 78' lang='lat' dir='ltr'><strong><em>hoc‚</em></strong></span> <span class='ocrx_word' id='word_1_90' title='bbox 1364 918 1436 962; x_wconf 83' lang='lat' dir='ltr'><strong><em>vel</em></strong></span> <span class='ocrx_word' id='word_1_91' title='bbox 1466 918 1646 962; x_wconf 87' lang='lat' dir='ltr'><strong><em>tabulas</em></strong></span> <span class='ocrx_word' id='word_1_92' title='bbox 1682 919 1856 962; x_wconf 83' lang='lat' dir='ltr'><strong><em>novas?</em></strong></span> <span class='ocrx_word' id='word_1_93' title='bbox 1936 922 2101 962; x_wconf 82' lang='lat' dir='ltr'><strong><em>Auctor</em></strong></span> 
     </span>
     <span class='ocr_line' id='line_1_10' title="bbox 267 994 2100 1063; baseline -0.004 -18"><span class='ocrx_word' id='word_1_94' title='bbox 267 1004 322 1046; x_wconf 82' lang='lat' dir='ltr'><strong><em>B.</em></strong></span> <span class='ocrx_word' id='word_1_95' title='bbox 353 999 473 1044; x_wconf 83' lang='lat' dir='ltr'><strong><em>Alex.</em></strong></span> <span class='ocrx_word' id='word_1_96' title='bbox 499 1014 536 1043; x_wconf 88' lang='lat' dir='ltr'><strong><em>e.</em></strong></span> <span class='ocrx_word' id='word_1_97' title='bbox 553 1001 623 1042; x_wconf 85' lang='lat'><strong><em>65.</em></strong></span> <span class='ocrx_word' id='word_1_98' title='bbox 662 997 806 1054; x_wconf 79' lang='lat' dir='ltr'><strong><em>Quum</em></strong></span> <span class='ocrx_word' id='word_1_99' title='bbox 832 997 882 1039; x_wconf 89' lang='lat' dir='ltr'><strong><em>in</em></strong></span> <span class='ocrx_word' id='word_1_100' title='bbox 914 996 1096 1057; x_wconf 69' lang='lat' dir='ltr'><strong><em>Syriam</em></strong></span> <span class='ocrx_word' id='word_1_101' title='bbox 1133 997 1294 1038; x_wconf 83' lang='lat' dir='ltr'><strong><em>Caesar</em></strong></span> <span class='ocrx_word' id='word_1_102' title='bbox 1322 1011 1377 1038; x_wconf 76' lang='lat' dir='ltr'><strong><em>ex</em></strong></span> <span class='ocrx_word' id='word_1_103' title='bbox 1403 996 1606 1056; x_wconf 74' lang='lat' dir='ltr'><strong><em>Aegypto</em></strong></span> <span class='ocrx_word' id='word_1_104' title='bbox 1637 996 1852 1063; x_wconf 45' lang='lat' dir='ltr'><strong><em>venisset,</em></strong></span> <span class='ocrx_word' id='word_1_105' title='bbox 1885 1003 2018 1055; x_wconf 85' lang='lat' dir='ltr'><strong><em>atque</em></strong></span> <span class='ocrx_word' id='word_1_106' title='bbox 2045 994 2100 1039; x_wconf 87' lang='lat' dir='ltr'><strong><em>ab</em></strong></span> 
     </span>
     <span class='ocr_line' id='line_1_11' title="bbox 264 1072 2102 1136; baseline -0.002 -15"><span class='ocrx_word' id='word_1_107' title='bbox 264 1078 355 1133; x_wconf 80' lang='lat' dir='ltr'><strong><em>iis,</em></strong></span> <span class='ocrx_word' id='word_1_108' title='bbox 389 1077 470 1136; x_wconf 85' lang='lat' dir='ltr'><strong><em>qui</em></strong></span> <span class='ocrx_word' id='word_1_109' title='bbox 501 1077 640 1118; x_wconf 88' lang='lat' dir='ltr'><strong><em>Roma</em></strong></span> <span class='ocrx_word' id='word_1_110' title='bbox 670 1080 879 1117; x_wconf 84' lang='lat' dir='ltr'><strong><em>venerant</em></strong></span> <span class='ocrx_word' id='word_1_111' title='bbox 911 1073 971 1116; x_wconf 77' lang='lat' dir='ltr'><strong><em>acl</em></strong></span> <span class='ocrx_word' id='word_1_112' title='bbox 1005 1089 1134 1127; x_wconf 83' lang='lat' dir='ltr'><strong><em>eum,</em></strong></span> <span class='ocrx_word' id='word_1_113' title='bbox 1168 1080 1468 1133; x_wconf 80' lang='lat' dir='ltr'><strong><em>cognosceret,</em></strong></span> <span class='ocrx_word' id='word_1_114' title='bbox 1506 1072 1760 1131; x_wconf 81' lang='lat' dir='ltr'><strong><em>litterisque</em></strong></span> <span class='ocrx_word' id='word_1_115' title='bbox 1791 1072 1974 1116; x_wconf 81' lang='lat' dir='ltr'><strong><em>urbanis</em></strong></span> <span class='ocrx_word' id='word_1_116' title='bbox 2006 1073 2102 1117; x_wconf 84' lang='lat' dir='ltr'><strong><em>ani-</em></strong></span> 
     </span>
     <span class='ocr_line' id='line_1_12' title="bbox 266 1149 2102 1210; baseline -0.003 -10"><span class='ocrx_word' id='word_1_117' title='bbox 266 1154 584 1204; x_wconf 81' lang='lat' dir='ltr'><strong><em>madverteret,</em></strong></span> <span class='ocrx_word' id='word_1_118' title='bbox 615 1153 760 1196; x_wconf 88' lang='lat' dir='ltr'><strong><em>multa</em></strong></span> <span class='ocrx_word' id='word_1_119' title='bbox 788 1153 949 1195; x_wconf 85' lang='lat' dir='ltr'><strong><em>Romae</em></strong></span> <span class='ocrx_word' id='word_1_120' title='bbox 971 1150 1086 1194; x_wconf 80' lang='lat' dir='ltr'><strong><em>male</em></strong></span> <span class='ocrx_word' id='word_1_121' title='bbox 1110 1158 1154 1193; x_wconf 78' lang='lat' dir='ltr'><strong><em>ee</em></strong></span> <span class='ocrx_word' id='word_1_122' title='bbox 1180 1150 1408 1194; x_wconf 84' lang='lat' dir='ltr'><strong><em>inutiliter</em></strong></span> <span class='ocrx_word' id='word_1_123' title='bbox 1428 1149 1763 1200; x_wconf 84' lang='lat' dir='ltr'><strong><em>administrari,</em></strong></span> <span class='ocrx_word' id='word_1_124' title='bbox 1799 1166 1936 1210; x_wconf 84' lang='lat' dir='ltr'><strong><em>neque</em></strong></span> <span class='ocrx_word' id='word_1_125' title='bbox 1959 1150 2102 1196; x_wconf 84' lang='lat' dir='ltr'><strong><em>ullam</em></strong></span> 
     </span>
     <span class='ocr_line' id='line_1_13' title="bbox 261 1227 2104 1294; baseline -0.003 -17"><span class='ocrx_word' id='word_1_126' title='bbox 261 1240 442 1294; x_wconf 81' lang='lat' dir='ltr'><strong><em>partem</em></strong></span> <span class='ocrx_word' id='word_1_127' title='bbox 464 1231 735 1293; x_wconf 81' lang='lat' dir='ltr'><strong><em>reipublicae</em></strong></span> <span class='ocrx_word' id='word_1_128' title='bbox 767 1229 883 1272; x_wconf 87' lang='lat' dir='ltr'><strong><em>satis</em></strong></span> <span class='ocrx_word' id='word_1_129' title='bbox 914 1227 1130 1271; x_wconf 85' lang='lat' dir='ltr'><strong><em>commode</em></strong></span> <span class='ocrx_word' id='word_1_130' title='bbox 1154 1229 1255 1289; x_wconf 82' lang='lat' dir='ltr'><strong><em>geri</em></strong></span> <span class='ocrx_word' id='word_1_131' title='bbox 1270 1248 1288 1281; x_wconf 79' lang='grc'><strong><em>,-</em></strong></span> <span class='ocrx_word' id='word_1_132' title='bbox 1319 1227 1438 1289; x_wconf 82' lang='lat' dir='ltr'><strong><em>quod</em></strong></span> <span class='ocrx_word' id='word_1_133' title='bbox 1463 1236 1507 1272; x_wconf 88' lang='lat' dir='ltr'><strong><em>et</em></strong></span> <span class='ocrx_word' id='word_1_134' title='bbox 1533 1228 1885 1271; x_wconf 82' lang='lat' dir='ltr'><strong><em>contentionibus</em></strong></span> <span class='ocrx_word' id='word_1_135' title='bbox 1914 1228 2104 1272; x_wconf 82' lang='lat' dir='ltr'><strong><em>tribuni·</em></strong></span> 
     </span>
     <span class='ocr_line' id='line_1_14' title="bbox 270 1305 2105 1371; baseline -0.002 -16"><span class='ocrx_word' id='word_1_136' title='bbox 270 1311 353 1355; x_wconf 87' lang='lat' dir='ltr'><strong><em>tiis</em></strong></span> <span class='ocrx_word' id='word_1_137' title='bbox 387 1310 668 1371; x_wconf 78' lang='lat' dir='ltr'><strong><em>perniciosae</em></strong></span> <span class='ocrx_word' id='word_1_138' title='bbox 704 1306 945 1351; x_wconf 81' lang='lat' dir='ltr'><strong><em>seditiones</em></strong></span> <span class='ocrx_word' id='word_1_139' title='bbox 976 1307 1224 1361; x_wconf 77' lang='lat' dir='ltr'><strong><em>orirentur,</em></strong></span> <span class='ocrx_word' id='word_1_140' title='bbox 1257 1331 1316 1339; x_wconf 90' lang='lat'><strong><em>—-</em></strong></span> <span class='ocrx_word' id='word_1_141' title='bbox 1351 1321 1487 1365; x_wconf 84' lang='lat' dir='ltr'><strong><em>eaque</em></strong></span> <span class='ocrx_word' id='word_1_142' title='bbox 1519 1306 1667 1349; x_wconf 89' lang='lat' dir='ltr'><strong><em>omnia</em></strong></span> <span class='ocrx_word' id='word_1_143' title='bbox 1690 1307 1916 1366; x_wconf 80' lang='lat' dir='ltr'><strong><em>flagitare</em></strong></span> <span class='ocrx_word' id='word_1_144' title='bbox 1947 1305 2105 1351; x_wconf 81' lang='lat' dir='ltr'><strong><em>adven-</em></strong></span> 
     </span>
     <span class='ocr_line' id='line_1_15' title="bbox 272 1382 2105 1444; baseline -0.003 -11"><span class='ocrx_word' id='word_1_145' title='bbox 272 1398 368 1434; x_wconf 86' lang='lat' dir='ltr'><strong><em>tum</em></strong></span> <span class='ocrx_word' id='word_1_146' title='bbox 394 1404 527 1432; x_wconf 77' lang='lat' dir='ltr'><strong><em>suum</em></strong></span> <span class='ocrx_word' id='word_1_147' title='bbox 557 1386 753 1439; x_wconf 84' lang='lat' dir='ltr'><strong><em>videret;</em></strong></span> <span class='ocrx_word' id='word_1_148' title='bbox 785 1393 931 1429; x_wconf 88' lang='lat' dir='ltr'><strong><em>tamen</em></strong></span> <span class='ocrx_word' id='word_1_149' title='bbox 953 1383 1296 1444; x_wconf 82' lang='lat' dir='ltr'><strong><em>praeferendum</em></strong></span> <span class='ocrx_word' id='word_1_150' title='bbox 1320 1384 1597 1428; x_wconf 77' lang='lat' dir='ltr'><strong><em>existimavit</em></strong></span> <span class='ocrx_word' id='word_1_151' title='bbox 1621 1391 1702 1428; x_wconf 87' lang='lat' dir='ltr'><strong><em>cet.</em></strong></span> <span class='ocrx_word' id='word_1_152' title='bbox 1766 1382 1986 1428; x_wconf 86' lang='lat' dir='ltr'><strong><em>Plutarch.</em></strong></span> <span class='ocrx_word' id='word_1_153' title='bbox 2015 1387 2105 1428; x_wconf 87' lang='lat' dir='ltr'><strong><em>An-</em></strong></span> 
     </span>
     <span class='ocr_line' id='line_1_16' title="bbox 271 1461 2106 1525; baseline -0.003 -14"><span class='ocrx_word' id='word_1_154' title='bbox 271 1476 370 1518; x_wconf 83' lang='lat' dir='ltr'><strong><em>ton.</em></strong></span> <span class='ocrx_word' id='word_1_155' title='bbox 404 1483 449 1512; x_wconf 83' lang='lat' dir='ltr'><strong><em>e.</em></strong></span> <span class='ocrx_word' id='word_1_156' title='bbox 479 1470 519 1510; x_wconf 84' lang='grc'><strong><em>9.</em></strong></span> <span class='ocrx_word' id='word_1_157' title='bbox 556 1470 597 1510; x_wconf 88' lang='grc'><strong><em>1.</em></strong></span> <span class='ocrx_word' id='word_1_158' title='bbox 645 1465 714 1512; x_wconf 81' lang='grc' dir='ltr'><strong><em>Οὐ</em></strong></span> <span class='ocrx_word' id='word_1_159' title='bbox 751 1464 843 1525; x_wconf 77' lang='grc' dir='ltr'><em>μήν</em></span> <span class='ocrx_word' id='word_1_160' title='bbox 877 1463 1000 1509; x_wconf 80' lang='grc' dir='ltr'><em>ἀλλὰ</em></span> <span class='ocrx_word' id='word_1_161' title='bbox 1040 1465 1149 1508; x_wconf 85' lang='grc' dir='ltr'><em>τότε</em></span> <span class='ocrx_word' id='word_1_162' title='bbox 1181 1462 1436 1525; x_wconf 81' lang='grc' dir='ltr'><em>δημαρχῶν</em></span> <span class='ocrx_word' id='word_1_163' title='bbox 1467 1461 1809 1522; x_wconf 79' lang='grc' dir='ltr'><strong><em>Δολαβέλλας,</em></strong></span> <span class='ocrx_word' id='word_1_164' title='bbox 1848 1461 1954 1514; x_wconf 83' lang='grc' dir='ltr'><em>νέος</em></span> <span class='ocrx_word' id='word_1_165' title='bbox 1988 1461 2106 1524; x_wconf 75' lang='grc' dir='ltr'><em>ἀνήρ</em></span> 
     </span>
     <span class='ocr_line' id='line_1_17' title="bbox 270 1541 2106 1608; baseline -0.003 -15"><span class='ocrx_word' id='word_1_166' title='bbox 270 1549 354 1594; x_wconf 83' lang='grc' dir='ltr'><em>καὶ</em></span> <span class='ocrx_word' id='word_1_167' title='bbox 384 1545 505 1592; x_wconf 81' lang='grc' dir='ltr'><em>νέων</em></span> <span class='ocrx_word' id='word_1_168' title='bbox 532 1547 820 1608; x_wconf 75' lang='grc' dir='ltr'><em>πραγμάτων</em></span> <span class='ocrx_word' id='word_1_169' title='bbox 847 1542 1156 1605; x_wconf 68' lang='grc' dir='ltr'><em>ὀρεγόμενος,</em></span> <span class='ocrx_word' id='word_1_170' title='bbox 1186 1547 1428 1608; x_wconf 75' lang='grc' dir='ltr'><em>εἰσηγεῖτο</em></span> <span class='ocrx_word' id='word_1_171' title='bbox 1454 1544 1609 1604; x_wconf 84' lang='grc' dir='ltr'><em>χρεῶν</em></span> <span class='ocrx_word' id='word_1_172' title='bbox 1637 1541 1884 1593; x_wconf 82' lang='grc' dir='ltr'><em>ἀποκοπάς</em></span> <span class='ocrx_word' id='word_1_173' title='bbox 1913 1545 1994 1587; x_wconf 84' lang='grc' dir='ltr'><em>καὶ</em></span> <span class='ocrx_word' id='word_1_174' title='bbox 2022 1541 2106 1587; x_wconf 89' lang='grc' dir='ltr'><strong><em>τὸν</em></strong></span> 
     </span>
     <span class='ocr_line' id='line_1_18' title="bbox 275 1622 2105 1689; baseline -0.002 -18"><span class='ocrx_word' id='word_1_175' title='bbox 275 1625 542 1671; x_wconf 77' lang='grc' dir='ltr'><em>’Λντώνιον</em></span> <span class='ocrx_word' id='word_1_176' title='bbox 590 1625 722 1687; x_wconf 77' lang='grc' dir='ltr'><em>αὐτῷ</em></span> <span class='ocrx_word' id='word_1_177' title='bbox 769 1641 819 1669; x_wconf 85' lang='grc' dir='ltr'><strong><em>τε</em></strong></span> <span class='ocrx_word' id='word_1_178' title='bbox 853 1625 1000 1682; x_wconf 76' lang='grc' dir='ltr'><em>φίλον</em></span> <span class='ocrx_word' id='word_1_179' title='bbox 1036 1623 1154 1669; x_wconf 78' lang='grc' dir='ltr'><em>ὄντα</em></span> <span class='ocrx_word' id='word_1_180' title='bbox 1195 1626 1277 1668; x_wconf 87' lang='grc' dir='ltr'><em>καὶ</em></span> <span class='ocrx_word' id='word_1_181' title='bbox 1323 1622 1725 1689; x_wconf 12' lang='grc' dir='ltr'><em>βουλόμενονὶὰεὶ</em></span> <span class='ocrx_word' id='word_1_182' title='bbox 1767 1628 1870 1672; x_wconf 86' lang='grc' dir='ltr'><em>τοῖς</em></span> <span class='ocrx_word' id='word_1_183' title='bbox 1907 1623 2105 1673; x_wconf 82' lang='grc' dir='ltr'><strong><em>πολλοῖς</em></strong></span> 
     </span>
     <span class='ocr_line' id='line_1_19' title="bbox 272 1699 2105 1768; baseline -0.003 -17"><span class='ocrx_word' id='word_1_184' title='bbox 272 1705 498 1768; x_wconf 75' lang='grc' dir='ltr'><em>ἀρέσκειν</em></span> <span class='ocrx_word' id='word_1_185' title='bbox 516 1703 688 1751; x_wconf 76' lang='grc' dir='ltr'><em>ἔπειθε</em></span> <span class='ocrx_word' id='word_1_186' title='bbox 704 1705 1038 1764; x_wconf 73' lang='grc' dir='ltr'><em>συμπράττειν</em></span> <span class='ocrx_word' id='word_1_187' title='bbox 1059 1708 1140 1749; x_wconf 75' lang='grc' dir='ltr'><em>καὶ</em></span> <span class='ocrx_word' id='word_1_188' title='bbox 1175 1711 1423 1749; x_wconf 77' lang='grc' dir='ltr'><em>κοινωνεῖν</em></span> <span class='ocrx_word' id='word_1_189' title='bbox 1455 1706 1544 1750; x_wconf 83' lang='grc' dir='ltr'><em>τοῦ</em></span> <span class='ocrx_word' id='word_1_190' title='bbox 1565 1703 1936 1762; x_wconf 85' lang='grc' dir='ltr'><em>πολιτεύματος.</em></span> <span class='ocrx_word' id='word_1_191' title='bbox 1987 1699 2105 1746; x_wconf 86' lang='lat' dir='ltr'><strong><em>Conf.</em></strong></span> 
     </span>
     <span class='ocr_line' id='line_1_20' title="bbox 272 1783 1378 1843; baseline -0.005 -13"><span class='ocrx_word' id='word_1_192' title='bbox 272 1785 351 1830; x_wconf 87' lang='lat' dir='ltr'><strong><em>Dio</em></strong></span> <span class='ocrx_word' id='word_1_193' title='bbox 381 1797 492 1829; x_wconf 63' lang='lat' dir='ltr'><strong>xllx.</strong></span> <span class='ocrx_word' id='word_1_194' title='bbox 525 1786 647 1829; x_wconf 81' lang='lat' dir='ltr'><strong>c.27.</strong></span> <span class='ocrx_word' id='word_1_195' title='bbox 678 1786 751 1829; x_wconf 85' lang='lat'><strong><em>32.</em></strong></span> <span class='ocrx_word' id='word_1_196' title='bbox 818 1783 1002 1843; x_wconf 81' lang='lat' dir='ltr'><strong><em>Appian.</em></strong></span> <span class='ocrx_word' id='word_1_197' title='bbox 1033 1786 1076 1827; x_wconf 92' lang='grc' dir='ltr'><strong><em>Β.</em></strong></span> <span class='ocrx_word' id='word_1_198' title='bbox 1097 1785 1138 1826; x_wconf 91' lang='lat' dir='ltr'><strong><em>C.</em></strong></span> <span class='ocrx_word' id='word_1_199' title='bbox 1165 1795 1215 1827; x_wconf 91' lang='lat'><strong><em>11.</em></strong></span> <span class='ocrx_word' id='word_1_200' title='bbox 1250 1797 1286 1826; x_wconf 88' lang='lat' dir='ltr'><strong><em>e.</em></strong></span> <span class='ocrx_word' id='word_1_201' title='bbox 1306 1783 1378 1825; x_wconf 84' lang='lat'><strong><em>92.</em></strong></span> 
     </span>
    </p>
   </div>
   <div class='ocr_carea' id='block_1_3' title="bbox 202 1889 2115 2274">
    <p class='ocr_par' dir='ltr' id='par_1_3' title="bbox 202 1889 2115 2274">
     <span class='ocr_line' id='line_1_21' title="bbox 353 1889 2108 1977; baseline -0.001 -21"><span class='ocrx_word' id='word_1_202' title='bbox 353 1902 439 1977; x_wconf 87' lang='lat'>(11)</span> <span class='ocrx_word' id='word_1_203' title='bbox 480 1900 598 1956; x_wconf 88' lang='lat' dir='ltr'><strong><em>Alia</em></strong></span> <span class='ocrx_word' id='word_1_204' title='bbox 633 1898 862 1972; x_wconf 86' lang='lat' dir='ltr'><strong><em>denique</em></strong></span> <span class='ocrx_word' id='word_1_205' title='bbox 904 1902 960 1954; x_wconf 88' lang='lat' dir='ltr'><strong><em>in</em></strong></span> <span class='ocrx_word' id='word_1_206' title='bbox 1008 1900 1204 1954; x_wconf 86' lang='lat' dir='ltr'><strong><em>Italia</em></strong></span> <span class='ocrx_word' id='word_1_207' title='bbox 1241 1907 1358 1955; x_wconf 88' lang='lat' dir='ltr'><strong><em>orta</em></strong></span> <span class='ocrx_word' id='word_1_208' title='bbox 1402 1906 1484 1955; x_wconf 85' lang='lat' dir='ltr'><strong><em>est</em></strong></span> <span class='ocrx_word' id='word_1_209' title='bbox 1523 1889 1746 1965; x_wconf 79' lang='lat' dir='ltr'><strong><em>seditio,</em></strong></span> <span class='ocrx_word' id='word_1_210' title='bbox 1790 1900 2108 1974; x_wconf 86' lang='lat' dir='ltr'><strong><em>praesertim</em></strong></span> 
     </span>
     <span class='ocr_line' id='line_1_22' title="bbox 276 1990 2110 2074; baseline -0.003 -14"><span class='ocrx_word' id='word_1_211' title='bbox 276 2003 332 2061; x_wconf 87' lang='lat' dir='ltr'><strong><em>in</em></strong></span> <span class='ocrx_word' id='word_1_212' title='bbox 361 2002 652 2074; x_wconf 80' lang='lat' dir='ltr'><strong><em>Campania</em></strong></span> <span class='ocrx_word' id='word_1_213' title='bbox 699 2002 840 2074; x_wconf 86' lang='lat' dir='ltr'><strong><em>apud</em></strong></span> <span class='ocrx_word' id='word_1_214' title='bbox 875 2000 1141 2071; x_wconf 80' lang='lat' dir='ltr'><strong><em>legioneS,</em></strong></span> <span class='ocrx_word' id='word_1_215' title='bbox 1183 2016 1319 2072; x_wconf 85' lang='lat' dir='ltr'><strong><em>quae</em></strong></span> <span class='ocrx_word' id='word_1_216' title='bbox 1359 2018 1459 2055; x_wconf 87' lang='lat' dir='ltr'><strong><em>nee</em></strong></span> <span class='ocrx_word' id='word_1_217' title='bbox 1500 2002 1602 2055; x_wconf 88' lang='lat' dir='ltr'><strong><em>sibi</em></strong></span> <span class='ocrx_word' id='word_1_218' title='bbox 1641 1990 1811 2056; x_wconf 65' lang='lat' dir='ltr'><strong><em>solata</em></strong></span> <span class='ocrx_word' id='word_1_219' title='bbox 1847 2012 1963 2057; x_wconf 61' lang='lat' dir='ltr'><strong><em>egse</em></strong></span> <span class='ocrx_word' id='word_1_220' title='bbox 1992 2018 2110 2073; x_wconf 86' lang='lat' dir='ltr'><strong><em>pro-</em></strong></span> 
     </span>
     <span class='ocr_line' id='line_1_23' title="bbox 275 2100 2113 2173; baseline -0.002 -14"><span class='ocrx_word' id='word_1_221' title='bbox 275 2104 444 2160; x_wconf 87' lang='lat' dir='ltr'><strong><em>missa</em></strong></span> <span class='ocrx_word' id='word_1_222' title='bbox 474 2101 967 2173; x_wconf 81' lang='lat' dir='ltr'><strong><em>conquerebantur,</em></strong></span> <span class='ocrx_word' id='word_1_223' title='bbox 1010 2107 1062 2155; x_wconf 83' lang='lat' dir='ltr'><strong><em>et</em></strong></span> <span class='ocrx_word' id='word_1_224' title='bbox 1094 2100 1300 2155; x_wconf 79' lang='lat' dir='ltr'><strong><em>diutius</em></strong></span> <span class='ocrx_word' id='word_1_225' title='bbox 1324 2117 1382 2155; x_wconf 90' lang='lat' dir='ltr'><strong><em>se</em></strong></span> <span class='ocrx_word' id='word_1_226' title='bbox 1417 2102 1472 2154; x_wconf 92' lang='lat' dir='ltr'><strong><em>in</em></strong></span> <span class='ocrx_word' id='word_1_227' title='bbox 1494 2101 1688 2155; x_wconf 75' lang='lat' dir='ltr'><strong><em>militia</em></strong></span> <span class='ocrx_word' id='word_1_228' title='bbox 1709 2101 1932 2156; x_wconf 84' lang='lat' dir='ltr'><strong><em>retineri</em></strong></span> <span class='ocrx_word' id='word_1_229' title='bbox 1953 2117 2113 2172; x_wconf 82' lang='lat' dir='ltr'><strong><em>aegre</em></strong></span> 
     </span>
     <span class='ocr_line' id='line_1_24' title="bbox 202 2199 2115 2274; baseline -0.004 -12"><span class='ocrx_word' id='word_1_230' title='bbox 202 2259 206 2262; x_wconf 78' lang='grc'>,</span> <span class='ocrx_word' id='word_1_231' title='bbox 276 2203 554 2264; x_wconf 82' lang='lat' dir='ltr'><strong><em>ferebant:</em></strong></span> <span class='ocrx_word' id='word_1_232' title='bbox 597 2219 730 2274; x_wconf 89' lang='lat' dir='ltr'><strong><em>quas</em></strong></span> <span class='ocrx_word' id='word_1_233' title='bbox 754 2208 934 2256; x_wconf 87' lang='lat' dir='ltr'><strong><em>tamen</em></strong></span> <span class='ocrx_word' id='word_1_234' title='bbox 957 2202 1178 2266; x_wconf 85' lang='lat' dir='ltr'><strong><em>Caesar,</em></strong></span> <span class='ocrx_word' id='word_1_235' title='bbox 1214 2218 1382 2272; x_wconf 88' lang='lat' dir='ltr'><strong><em>quum</em></strong></span> <span class='ocrx_word' id='word_1_236' title='bbox 1404 2202 1460 2256; x_wconf 90' lang='lat' dir='ltr'><strong><em>in</em></strong></span> <span class='ocrx_word' id='word_1_237' title='bbox 1495 2201 1706 2257; x_wconf 80' lang='lat' dir='ltr'><strong><em>Italiam</em></strong></span> <span class='ocrx_word' id='word_1_238' title='bbox 1741 2201 2000 2266; x_wconf 84' lang='lat' dir='ltr'><strong><em>redisset,</em></strong></span> <span class='ocrx_word' id='word_1_239' title='bbox 2041 2199 2115 2255; x_wconf 86' lang='lat' dir='ltr'><strong><em>fa-</em></strong></span> 
     </span>
    </p>
   </div>
   <div class='ocr_carea' id='block_1_4' title="bbox 242 2303 2210 3579">
    <p class='ocr_par' dir='ltr' id='par_1_4' title="bbox 279 2303 1027 2361">
     <span class='ocr_line' id='line_1_25' title="bbox 279 2303 1027 2361; baseline -0.005 0"><span class='ocrx_word' id='word_1_240' title='bbox 279 2305 381 2361; x_wconf 84' lang='lat' dir='ltr'><strong><em>cile</em></strong></span> <span class='ocrx_word' id='word_1_241' title='bbox 412 2303 636 2359; x_wconf 87' lang='lat' dir='ltr'><strong><em>sedavit.</em></strong></span> <span class='ocrx_word' id='word_1_242' title='bbox 678 2320 748 2357; x_wconf 87' lang='lat' dir='ltr'><strong><em>1x.</em></strong></span> <span class='ocrx_word' id='word_1_243' title='bbox 784 2320 829 2356; x_wconf 83' lang='lat' dir='ltr'><strong><em>e.</em></strong></span> <span class='ocrx_word' id='word_1_244' title='bbox 855 2306 906 2356; x_wconf 84' lang='lat'><strong><em>9.</em></strong></span> <span class='ocrx_word' id='word_1_245' title='bbox 938 2306 1027 2357; x_wconf 71' lang='lat'><strong><em>25.</em></strong></span> 
     </span>
    </p>

    <p class='ocr_par' dir='ltr' id='par_1_5' title="bbox 285 2399 2210 3021">
     <span class='ocr_line' id='line_1_26' title="bbox 340 2399 2113 2467; baseline -0.002 -16"><span class='ocrx_word' id='word_1_246' title='bbox 340 2405 524 2467; x_wconf 85' lang='lat' dir='ltr'><strong><em>Appian.</em></strong></span> <span class='ocrx_word' id='word_1_247' title='bbox 560 2407 606 2447; x_wconf 90' lang='lat' dir='ltr'><strong><em>B.</em></strong></span> <span class='ocrx_word' id='word_1_248' title='bbox 621 2407 663 2446; x_wconf 91' lang='lat' dir='ltr'><strong><em>C.</em></strong></span> <span class='ocrx_word' id='word_1_249' title='bbox 687 2415 735 2446; x_wconf 86' lang='lat'><strong><em>11.</em></strong></span> <span class='ocrx_word' id='word_1_250' title='bbox 755 2419 791 2445; x_wconf 89' lang='lat' dir='ltr'><strong><em>c.</em></strong></span> <span class='ocrx_word' id='word_1_251' title='bbox 812 2405 884 2446; x_wconf 80' lang='lat'><strong><em>92.</em></strong></span> <span class='ocrx_word' id='word_1_252' title='bbox 923 2405 976 2448; x_wconf 86' lang='lat' dir='ltr'><strong><em>‘O</em></strong></span> <span class='ocrx_word' id='word_1_253' title='bbox 992 2401 1046 2448; x_wconf 83' lang='grc' dir='ltr'><strong><em>δὲ</em></strong></span> <span class='ocrx_word' id='word_1_254' title='bbox 1062 2407 1255 2464; x_wconf 87' lang='grc' dir='ltr'><em>Καῖσαρ</em></span> <span class='ocrx_word' id='word_1_255' title='bbox 1273 2429 1332 2435; x_wconf 89' lang='grc'><strong>-</strong></span> <span class='ocrx_word' id='word_1_256' title='bbox 1350 2400 1401 2454; x_wconf 73' lang='grc' dir='ltr'><strong><em>ἐς</em></strong></span> <span class='ocrx_word' id='word_1_257' title='bbox 1420 2399 1612 2462; x_wconf 64' lang='grc' dir='ltr'><strong><em>ςΡώμην</em></strong></span> <span class='ocrx_word' id='word_1_258' title='bbox 1641 2400 1876 2465; x_wconf 68' lang='grc' dir='ltr'><em>ἠπείγετο.</em></span> <span class='ocrx_word' id='word_1_259' title='bbox 1948 2404 2037 2455; x_wconf 84' lang='grc' dir='ltr'><strong><em>Ὦς</em></strong></span> <span class='ocrx_word' id='word_1_260' title='bbox 2069 2402 2113 2447; x_wconf 80' lang='grc' dir='ltr'><strong><em>δ’</em></strong></span> 
     </span>
     <span class='ocr_line' id='line_1_27' title="bbox 288 2479 2122 2545; baseline -0.001 -16"><span class='ocrx_word' id='word_1_261' title='bbox 288 2482 469 2545; x_wconf 73' lang='grc' dir='ltr'><em>ἦλθεν,</em></span> <span class='ocrx_word' id='word_1_262' title='bbox 504 2481 531 2540; x_wconf 76' lang='grc' dir='ltr'><strong><em>ἡ</em></strong></span> <span class='ocrx_word' id='word_1_263' title='bbox 550 2479 636 2541; x_wconf 76' lang='grc' dir='ltr'><em>μὲν</em></span> <span class='ocrx_word' id='word_1_264' title='bbox 653 2483 828 2532; x_wconf 85' lang='grc' dir='ltr'><em>στάσις</em></span> <span class='ocrx_word' id='word_1_265' title='bbox 848 2480 874 2539; x_wconf 76' lang='grc' dir='ltr'><em>ἦ</em></span> <span class='ocrx_word' id='word_1_266' title='bbox 894 2482 1125 2539; x_wconf 80' lang='grc' dir='ltr'><em>πολιτική</em></span> <span class='ocrx_word' id='word_1_267' title='bbox 1143 2484 1440 2528; x_wconf 68' lang='grc' dir='ltr'><em>κατεπαύετο</em></span> <span class='ocrx_word' id='word_1_268' title='bbox 1462 2499 1471 2510; x_wconf 91' lang='grc'><em>·</em></span> <span class='ocrx_word' id='word_1_269' title='bbox 1508 2482 1650 2545; x_wconf 77' lang='grc' dir='ltr'><em>ἑτέρα</em></span> <span class='ocrx_word' id='word_1_270' title='bbox 1668 2482 1711 2527; x_wconf 81' lang='grc' dir='ltr'><strong><em>δ’</em></strong></span> <span class='ocrx_word' id='word_1_271' title='bbox 1733 2482 1807 2528; x_wconf 79' lang='grc' dir='ltr'><strong><em>ἐπ’</em></strong></span> <span class='ocrx_word' id='word_1_272' title='bbox 1830 2483 1984 2529; x_wconf 77' lang='grc' dir='ltr'><em>αὐτὸν</em></span> <span class='ocrx_word' id='word_1_273' title='bbox 2011 2483 2122 2528; x_wconf 80' lang='grc' dir='ltr'><strong><em>ἀνὶ-</em></strong></span> 
     </span>
     <span class='ocr_line' id='line_1_28' title="bbox 285 2559 2118 2625; baseline -0.002 -16"><span class='ocrx_word' id='word_1_274' title='bbox 285 2580 436 2610; x_wconf 88' lang='grc' dir='ltr'><em>στατο</em></span> <span class='ocrx_word' id='word_1_275' title='bbox 471 2566 557 2607; x_wconf 85' lang='grc' dir='ltr'><em>τοῦ</em></span> <span class='ocrx_word' id='word_1_276' title='bbox 592 2565 834 2623; x_wconf 82' lang='grc' dir='ltr'><em>στρατοῦ,</em></span> <span class='ocrx_word' id='word_1_277' title='bbox 888 2559 952 2612; x_wconf 83' lang='grc' dir='ltr'><strong><em>ὡς</em></strong></span> <span class='ocrx_word' id='word_1_278' title='bbox 994 2560 1110 2606; x_wconf 80' lang='grc' dir='ltr'><em>οὔτε</em></span> <span class='ocrx_word' id='word_1_279' title='bbox 1144 2564 1201 2606; x_wconf 87' lang='grc' dir='ltr'><strong><em>τά</em></strong></span> <span class='ocrx_word' id='word_1_280' title='bbox 1237 2560 1558 2625; x_wconf 80' lang='grc' dir='ltr'><strong><em>ἐπηγγελμένα</em></strong></span> <span class='ocrx_word' id='word_1_281' title='bbox 1588 2567 1764 2620; x_wconf 81' lang='grc' dir='ltr'><em>σφίσιν</em></span> <span class='ocrx_word' id='word_1_282' title='bbox 1792 2562 1874 2608; x_wconf 79' lang='grc' dir='ltr'><strong><em>ἐπὶ</em></strong></span> <span class='ocrx_word' id='word_1_283' title='bbox 1901 2563 1964 2623; x_wconf 68' lang='grc' dir='ltr'><em>τῷ</em></span> <span class='ocrx_word' id='word_1_284' title='bbox 1998 2561 2118 2607; x_wconf 80' lang='grc' dir='ltr'><em>κατὰ</em></span> 
     </span>
     <span class='ocr_line' id='line_1_29' title="bbox 285 2639 2120 2704; baseline -0.002 -15"><span class='ocrx_word' id='word_1_285' title='bbox 285 2643 541 2704; x_wconf 78' lang='grc' dir='ltr'><em>Φάρσαλον</em></span> <span class='ocrx_word' id='word_1_286' title='bbox 570 2639 686 2703; x_wconf 76' lang='grc' dir='ltr'><em>ἔργῳ</em></span> <span class='ocrx_word' id='word_1_287' title='bbox 707 2640 964 2699; x_wconf 76' lang='grc' dir='ltr'><em>λαβόντες,</em></span> <span class='ocrx_word' id='word_1_288' title='bbox 999 2640 1115 2686; x_wconf 74' lang='grc' dir='ltr'><em>οὔτε</em></span> <span class='ocrx_word' id='word_1_289' title='bbox 1144 2639 1350 2701; x_wconf 75' lang='grc' dir='ltr'><em>ἐννόμως</em></span> <span class='ocrx_word' id='word_1_290' title='bbox 1381 2642 1454 2686; x_wconf 80' lang='grc' dir='ltr'><strong><em>ἔτι</em></strong></span> <span class='ocrx_word' id='word_1_291' title='bbox 1482 2641 1803 2703; x_wconf 76' lang='grc' dir='ltr'><em>βραδύνοντες</em></span> <span class='ocrx_word' id='word_1_292' title='bbox 1830 2641 1880 2685; x_wconf 80' lang='grc' dir='ltr'><em>ἐν</em></span> <span class='ocrx_word' id='word_1_293' title='bbox 1900 2645 1955 2700; x_wconf 84' lang='grc' dir='ltr'><em>τῇ</em></span> <span class='ocrx_word' id='word_1_294' title='bbox 1980 2659 2120 2702; x_wconf 82' lang='grc' dir='ltr'><em>στρα·</em></span> 
     </span>
     <span class='ocr_line' id='line_1_30' title="bbox 288 2719 2121 2784; baseline -0.002 -16"><span class='ocrx_word' id='word_1_295' title='bbox 288 2726 426 2784; x_wconf 78' lang='grc' dir='ltr'><strong><em>τείᾳ·</em></strong></span> <span class='ocrx_word' id='word_1_296' title='bbox 482 2719 731 2778; x_wconf 77' lang='grc' dir='ltr'><em>ἀφεθῆναί</em></span> <span class='ocrx_word' id='word_1_297' title='bbox 766 2737 816 2764; x_wconf 88' lang='grc' dir='ltr'><strong><em>τε</em></strong></span> <span class='ocrx_word' id='word_1_298' title='bbox 862 2721 1035 2771; x_wconf 88' lang='grc' dir='ltr'><em>πάντες</em></span> <span class='ocrx_word' id='word_1_299' title='bbox 1068 2719 1150 2765; x_wconf 79' lang='grc' dir='ltr'><strong><em>ἐπὶ</em></strong></span> <span class='ocrx_word' id='word_1_300' title='bbox 1186 2723 1246 2765; x_wconf 83' lang='grc' dir='ltr'><strong><em>τά</em></strong></span> <span class='ocrx_word' id='word_1_301' title='bbox 1292 2721 1452 2767; x_wconf 80' lang='grc' dir='ltr'><em>αὐτῶν</em></span> <span class='ocrx_word' id='word_1_302' title='bbox 1487 2720 1667 2778; x_wconf 79' lang='grc' dir='ltr'><em>ἠξίουν.</em></span> <span class='ocrx_word' id='word_1_303' title='bbox 1734 2723 1781 2766; x_wconf 91' lang='grc' dir='ltr'><strong><em>Ὁ</em></strong></span> <span class='ocrx_word' id='word_1_304' title='bbox 1813 2721 1856 2764; x_wconf 81' lang='grc' dir='ltr'><strong><em>δ’</em></strong></span> <span class='ocrx_word' id='word_1_305' title='bbox 1888 2719 2121 2784; x_wconf 77' lang='grc' dir='ltr'><em>ἐπηγγέλ-</em></span> 
     </span>
     <span class='ocr_line' id='line_1_31' title="bbox 288 2792 2208 2863; baseline -0.001 -15"><span class='ocrx_word' id='word_1_306' title='bbox 288 2804 398 2849; x_wconf 88' lang='grc' dir='ltr'><em>λετο</em></span> <span class='ocrx_word' id='word_1_307' title='bbox 437 2799 524 2861; x_wconf 80' lang='grc' dir='ltr'><em>μὲν</em></span> <span class='ocrx_word' id='word_1_308' title='bbox 564 2799 737 2850; x_wconf 78' lang='grc' dir='ltr'><em>αὐτοῖς</em></span> <span class='ocrx_word' id='word_1_309' title='bbox 772 2798 981 2861; x_wconf 81' lang='grc' dir='ltr'><em>ἀόριστά</em></span> <span class='ocrx_word' id='word_1_310' title='bbox 1027 2818 1138 2845; x_wconf 91' lang='grc' dir='ltr'><em>τινα</em></span> <span class='ocrx_word' id='word_1_311' title='bbox 1177 2799 1229 2845; x_wconf 78' lang='grc' dir='ltr'><em>ἐν</em></span> <span class='ocrx_word' id='word_1_312' title='bbox 1268 2802 1528 2863; x_wconf 81' lang='grc' dir='ltr'><strong><em>Φαρσάλῳ,</em></strong></span> <span class='ocrx_word' id='word_1_313' title='bbox 1577 2804 1657 2846; x_wconf 85' lang='grc' dir='ltr'><em>καὶ</em></span> <span class='ocrx_word' id='word_1_314' title='bbox 1701 2801 1840 2862; x_wconf 80' lang='grc' dir='ltr'><em>ἕτερα</em></span> <span class='ocrx_word' id='word_1_315' title='bbox 1882 2801 2118 2863; x_wconf 80' lang='grc' dir='ltr'><em>ἀόριστα,</em></span> <span class='ocrx_word' id='word_1_316' title='bbox 2193 2792 2208 2819; x_wconf 34' lang='lat'><strong><em>⁴⁸</em></strong></span> 
     </span>
     <span class='ocr_line' id='line_1_32' title="bbox 288 2877 2124 2944; baseline -0.001 -16"><span class='ocrx_word' id='word_1_317' title='bbox 288 2882 407 2928; x_wconf 82' lang='grc' dir='ltr'><em>ὅταν</em></span> <span class='ocrx_word' id='word_1_318' title='bbox 443 2879 469 2925; x_wconf 83' lang='grc' dir='ltr'><em>ὁ</em></span> <span class='ocrx_word' id='word_1_319' title='bbox 502 2879 554 2924; x_wconf 75' lang='grc' dir='ltr'><em>ἐν</em></span> <span class='ocrx_word' id='word_1_320' title='bbox 579 2877 743 2940; x_wconf 80' lang='grc' dir='ltr'><em>Λιβύῃ</em></span> <span class='ocrx_word' id='word_1_321' title='bbox 770 2880 983 2940; x_wconf 82' lang='grc' dir='ltr'><em>πόλεμος</em></span> <span class='ocrx_word' id='word_1_322' title='bbox 1010 2878 1307 2940; x_wconf 72' lang='grc' dir='ltr'><em>ἐκτελεσθῇ·</em></span> <span class='ocrx_word' id='word_1_323' title='bbox 1346 2885 1461 2926; x_wconf 83' lang='grc' dir='ltr'><em>τότε</em></span> <span class='ocrx_word' id='word_1_324' title='bbox 1487 2881 1533 2925; x_wconf 78' lang='grc' dir='ltr'><strong><em>δ’</em></strong></span> <span class='ocrx_word' id='word_1_325' title='bbox 1565 2879 1797 2940; x_wconf 72' lang='grc' dir='ltr'><em>ἔπεμπεν,</em></span> <span class='ocrx_word' id='word_1_326' title='bbox 1835 2881 1983 2934; x_wconf 81' lang='grc' dir='ltr'><em>ἄλλας</em></span> <span class='ocrx_word' id='word_1_327' title='bbox 2022 2881 2124 2944; x_wconf 71' lang='grc' dir='ltr'><em>ὁρέ-</em></span> 
     </span>
     <span class='ocr_line' id='line_1_33' title="bbox 289 2958 2123 3021; baseline 0.001 -15"><span class='ocrx_word' id='word_1_328' title='bbox 289 2961 378 3013; x_wconf 83' lang='grc' dir='ltr'><em>ζων</em></span> <span class='ocrx_word' id='word_1_329' title='bbox 411 2959 597 3021; x_wconf 79' lang='grc' dir='ltr'><em>ἑκάστῳ</em></span> <span class='ocrx_word' id='word_1_330' title='bbox 629 2959 796 3015; x_wconf 81' lang='grc' dir='ltr'><em>χιλίας</em></span> <span class='ocrx_word' id='word_1_331' title='bbox 823 2959 1059 3021; x_wconf 79' lang='grc' dir='ltr'><em>δραχμάς.</em></span> <span class='ocrx_word' id='word_1_332' title='bbox 1126 2962 1184 3006; x_wconf 80' lang='grc' dir='ltr'><strong><em>Οἱ</em></strong></span> <span class='ocrx_word' id='word_1_333' title='bbox 1213 2958 1267 3005; x_wconf 82' lang='grc' dir='ltr'><strong><em>δὲ</em></strong></span> <span class='ocrx_word' id='word_1_334' title='bbox 1299 2959 1453 3006; x_wconf 74' lang='grc' dir='ltr'><em>αὐτὸν</em></span> <span class='ocrx_word' id='word_1_335' title='bbox 1488 2961 1583 3017; x_wconf 78' lang='grc' dir='ltr'><strong><em>οὐχ</em></strong></span> <span class='ocrx_word' id='word_1_336' title='bbox 1616 2961 1972 3018; x_wconf 74' lang='grc' dir='ltr'><em>ὑπισχνεῖσθαι</em></span> <span class='ocrx_word' id='word_1_337' title='bbox 1996 2964 2123 3021; x_wconf 87' lang='grc' dir='ltr'><em>μᾶλ-</em></span> 
     </span>
    </p>

    <p class='ocr_par' dir='ltr' id='par_1_6' title="bbox 242 3037 2210 3579">
     <span class='ocr_line' id='line_1_34' title="bbox 242 3037 2203 3097; baseline 0 -11"><span class='ocrx_word' id='word_1_338' title='bbox 242 3043 247 3048; x_wconf 85' lang='grc'><strong><em>’</em></strong></span> <span class='ocrx_word' id='word_1_339' title='bbox 289 3043 404 3095; x_wconf 79' lang='grc' dir='ltr'><em>λον,</em></span> <span class='ocrx_word' id='word_1_340' title='bbox 449 3038 478 3097; x_wconf 76' lang='grc' dir='ltr'><em>ἢ</em></span> <span class='ocrx_word' id='word_1_341' title='bbox 514 3039 694 3083; x_wconf 79' lang='grc' dir='ltr'><em>αὐτίκα</em></span> <span class='ocrx_word' id='word_1_342' title='bbox 727 3038 925 3084; x_wconf 80' lang='grc' dir='ltr'><em>διδόναι</em></span> <span class='ocrx_word' id='word_1_343' title='bbox 955 3044 1143 3094; x_wconf 72' lang='grc' dir='ltr'><em>πάντα,</em></span> <span class='ocrx_word' id='word_1_344' title='bbox 1182 3038 1423 3085; x_wconf 74' lang='grc' dir='ltr'><em>ἐκέλευον.</em></span> <span class='ocrx_word' id='word_1_345' title='bbox 1490 3040 1568 3083; x_wconf 90' lang='lat' dir='ltr'><strong><em>Dio</em></strong></span> <span class='ocrx_word' id='word_1_346' title='bbox 1601 3053 1710 3084; x_wconf 76' lang='lat' dir='ltr'><strong>XLH.</strong></span> <span class='ocrx_word' id='word_1_347' title='bbox 1744 3044 1869 3084; x_wconf 81' lang='lat' dir='ltr'><strong>c.52.</strong></span> <span class='ocrx_word' id='word_1_348' title='bbox 1895 3044 1936 3083; x_wconf 88' lang='lat'><strong><em>1.</em></strong></span> <span class='ocrx_word' id='word_1_349' title='bbox 1972 3042 2039 3086; x_wconf 85' lang='grc' dir='ltr'><em>Τά</em></span> <span class='ocrx_word' id='word_1_350' title='bbox 2069 3039 2122 3086; x_wconf 81' lang='grc' dir='ltr'><strong><em>δὲ</em></strong></span> <span class='ocrx_word' id='word_1_351' title='bbox 2201 3037 2203 3040; x_wconf 38' lang='lat'><strong>⁴</strong></span> 
     </span>
     <span class='ocr_line' id='line_1_35' title="bbox 287 3118 2210 3183; baseline -0.002 -15"><span class='ocrx_word' id='word_1_352' title='bbox 287 3122 348 3180; x_wconf 74' lang='grc' dir='ltr'><strong><em>δή</em></strong></span> <span class='ocrx_word' id='word_1_353' title='bbox 390 3120 698 3183; x_wconf 82' lang='grc' dir='ltr'><em>στρατόπεδα</em></span> <span class='ocrx_word' id='word_1_354' title='bbox 743 3121 839 3178; x_wconf 68' lang='grc' dir='ltr'><strong><em>οὐχ</em></strong></span> <span class='ocrx_word' id='word_1_355' title='bbox 875 3122 1027 3180; x_wconf 76' lang='grc' dir='ltr'><em>ἡσυχῇ</em></span> <span class='ocrx_word' id='word_1_356' title='bbox 1076 3119 1226 3165; x_wconf 79' lang='grc' dir='ltr'><em>αὐτὸν</em></span> <span class='ocrx_word' id='word_1_357' title='bbox 1266 3119 1514 3182; x_wconf 66' lang='grc' dir='ltr'><em>ἐτάραξεν·</em></span> <span class='ocrx_word' id='word_1_358' title='bbox 1553 3121 1707 3165; x_wconf 83' lang='grc' dir='ltr'><em>πολλὰ</em></span> <span class='ocrx_word' id='word_1_359' title='bbox 1749 3121 1838 3181; x_wconf 80' lang='grc' dir='ltr'><strong><em>γάρ</em></strong></span> <span class='ocrx_word' id='word_1_360' title='bbox 1871 3118 2120 3179; x_wconf 71' lang='grc' dir='ltr'><em>λήψεσθαι</em></span> <span class='ocrx_word' id='word_1_361' title='bbox 2193 3136 2210 3175; x_wconf 51' lang='grc' dir='ltr'><strong><em>,ρ</em></strong></span> 
     </span>
     <span class='ocr_line' id='line_1_36' title="bbox 288 3187 2197 3264; baseline -0.002 -16"><span class='ocrx_word' id='word_1_362' title='bbox 288 3203 599 3255; x_wconf 71' lang='grc' dir='ltr'><em>ἐλπίσαντες,</em></span> <span class='ocrx_word' id='word_1_363' title='bbox 635 3204 715 3245; x_wconf 85' lang='grc' dir='ltr'><em>καὶ</em></span> <span class='ocrx_word' id='word_1_364' title='bbox 745 3201 1001 3264; x_wconf 74' lang='grc' dir='ltr'><em>εὑράμενοι</em></span> <span class='ocrx_word' id='word_1_365' title='bbox 1038 3204 1119 3258; x_wconf 82' lang='grc' dir='ltr'><em>τῆς</em></span> <span class='ocrx_word' id='word_1_366' title='bbox 1151 3199 1237 3259; x_wconf 85' lang='grc' dir='ltr'><em>μὲν</em></span> <span class='ocrx_word' id='word_1_367' title='bbox 1269 3199 1404 3252; x_wconf 78' lang='grc' dir='ltr'><em>ἀξίας</em></span> <span class='ocrx_word' id='word_1_368' title='bbox 1441 3201 1532 3245; x_wconf 79' lang='grc' dir='ltr'><strong><em>οὐκ</em></strong></span> <span class='ocrx_word' id='word_1_369' title='bbox 1565 3198 1750 3245; x_wconf 79' lang='grc' dir='ltr'><em>ἐλάττω</em></span> <span class='ocrx_word' id='word_1_370' title='bbox 1782 3202 1863 3256; x_wconf 73' lang='grc' dir='ltr'><em>τῆς</em></span> <span class='ocrx_word' id='word_1_371' title='bbox 1894 3197 1948 3244; x_wconf 80' lang='grc' dir='ltr'><strong><em>δὲ</em></strong></span> <span class='ocrx_word' id='word_1_372' title='bbox 1975 3215 2119 3260; x_wconf 77' lang='grc' dir='ltr'><em>προσ·</em></span> <span class='ocrx_word' id='word_1_373' title='bbox 2194 3187 2197 3213; x_wconf 56' lang='lat'><strong><em>⁵</em></strong></span> 
     </span>
     <span class='ocr_line' id='line_1_37' title="bbox 288 3277 2197 3343; baseline -0.002 -16"><span class='ocrx_word' id='word_1_374' title='bbox 288 3281 456 3333; x_wconf 81' lang='grc' dir='ltr'><em>ὃοκὶας</em></span> <span class='ocrx_word' id='word_1_375' title='bbox 501 3279 882 3341; x_wconf 78' lang='grc' dir='ltr'><em>καταδεέστερα,</em></span> <span class='ocrx_word' id='word_1_376' title='bbox 933 3280 1272 3343; x_wconf 62' lang='grc' dir='ltr'><em>ἐθορύβησαν.</em></span> <span class='ocrx_word' id='word_1_377' title='bbox 1321 3279 1373 3325; x_wconf 73' lang='grc' dir='ltr'><em>ἐν</em></span> <span class='ocrx_word' id='word_1_378' title='bbox 1421 3284 1686 3341; x_wconf 78' lang='grc' dir='ltr'><em>Καμπανίᾳ</em></span> <span class='ocrx_word' id='word_1_379' title='bbox 1726 3277 1778 3324; x_wconf 79' lang='grc' dir='ltr'><strong><em>δὲ</em></strong></span> <span class='ocrx_word' id='word_1_380' title='bbox 1835 3280 1882 3324; x_wconf 78' lang='grc' dir='ltr'><strong><em>οἱ</em></strong></span> <span class='ocrx_word' id='word_1_381' title='bbox 1924 3280 2119 3331; x_wconf 79' lang='grc' dir='ltr'><em>πλείους</em></span> <span class='ocrx_word' id='word_1_382' title='bbox 2183 3302 2197 3332; x_wconf 67' lang='lat' dir='ltr'><em>g</em></span> 
     </span>
     <span class='ocr_line' id='line_1_38' title="bbox 289 3352 2115 3422; baseline -0.003 -16"><span class='ocrx_word' id='word_1_383' title='bbox 289 3360 476 3417; x_wconf 73' lang='grc' dir='ltr'><em>αὐτῶν,</em></span> <span class='ocrx_word' id='word_1_384' title='bbox 520 3359 583 3412; x_wconf 82' lang='grc' dir='ltr'><strong><em>ὡς</em></strong></span> <span class='ocrx_word' id='word_1_385' title='bbox 620 3364 701 3405; x_wconf 86' lang='grc' dir='ltr'><em>καὶ</em></span> <span class='ocrx_word' id='word_1_386' title='bbox 747 3359 794 3412; x_wconf 77' lang='grc' dir='ltr'><strong><em>ἐς</em></strong></span> <span class='ocrx_word' id='word_1_387' title='bbox 830 3361 912 3419; x_wconf 72' lang='grc' dir='ltr'><strong><em>τήν</em></strong></span> <span class='ocrx_word' id='word_1_388' title='bbox 948 3356 1188 3422; x_wconf 77' lang='grc' dir='ltr'><em>’Λφρικήν</em></span> <span class='ocrx_word' id='word_1_389' title='bbox 1221 3362 1695 3422; x_wconf 74' lang='grc' dir='ltr'><em>προπλευσούμενοι,</em></span> <span class='ocrx_word' id='word_1_390' title='bbox 1738 3352 1874 3417; x_wconf 74' lang='grc' dir='ltr'><em>ἦσαν.</em></span> <span class='ocrx_word' id='word_1_391' title='bbox 1939 3360 2115 3401; x_wconf 75' lang='lat' dir='ltr'><strong><em>Sueten.</em></strong></span> 
     </span>
     <span class='ocr_line' id='line_1_39' title="bbox 285 3438 2118 3499; baseline -0.004 -15"><span class='ocrx_word' id='word_1_392' title='bbox 285 3444 398 3484; x_wconf 86' lang='lat' dir='ltr'><strong><em>Caes.</em></strong></span> <span class='ocrx_word' id='word_1_393' title='bbox 429 3456 463 3484; x_wconf 78' lang='lat' dir='ltr'><strong><em>c,</em></strong></span> <span class='ocrx_word' id='word_1_394' title='bbox 485 3442 553 3482; x_wconf 88' lang='lat'><strong><em>70.</em></strong></span> <span class='ocrx_word' id='word_1_395' title='bbox 590 3441 866 3484; x_wconf 80' lang='lat' dir='ltr'><strong><em>Decumanos</em></strong></span> <span class='ocrx_word' id='word_1_396' title='bbox 895 3449 1043 3485; x_wconf 86' lang='lat' dir='ltr'><strong><em>autem</em></strong></span> <span class='ocrx_word' id='word_1_397' title='bbox 1074 3442 1235 3482; x_wconf 84' lang='lat' dir='ltr'><strong><em>Romae</em></strong></span> <span class='ocrx_word' id='word_1_398' title='bbox 1264 3456 1362 3483; x_wconf 83' lang='lat' dir='ltr'><strong><em>cum</em></strong></span> <span class='ocrx_word' id='word_1_399' title='bbox 1388 3439 1642 3499; x_wconf 75' lang='lat' dir='ltr'><strong><em>ingentibus</em></strong></span> <span class='ocrx_word' id='word_1_400' title='bbox 1669 3438 1802 3481; x_wconf 72' lang='lat' dir='ltr'><strong><em>minis</em></strong></span> <span class='ocrx_word' id='word_1_401' title='bbox 1820 3470 1832 3491; x_wconf 63' lang='lat'><em>7</em></span> <span class='ocrx_word' id='word_1_402' title='bbox 1866 3451 2118 3495; x_wconf 83' lang='lat' dir='ltr'><strong><em>summoque</em></strong></span> 
     </span>
     <span class='ocr_line' id='line_1_40' title="bbox 284 3513 2118 3579; baseline -0.004 -16"><span class='ocrx_word' id='word_1_403' title='bbox 284 3519 418 3567; x_wconf 74' lang='lat' dir='ltr'><strong><em>etiam</em></strong></span> <span class='ocrx_word' id='word_1_404' title='bbox 458 3517 584 3561; x_wconf 83' lang='lat' dir='ltr'><strong><em>Urbis</em></strong></span> <span class='ocrx_word' id='word_1_405' title='bbox 610 3517 837 3579; x_wconf 59' lang='lat' dir='ltr'><strong><em>perinde,</em></strong></span> <span class='ocrx_word' id='word_1_406' title='bbox 884 3520 1136 3563; x_wconf 77' lang='lat' dir='ltr'><strong><em>missionem</em></strong></span> <span class='ocrx_word' id='word_1_407' title='bbox 1170 3525 1213 3561; x_wconf 85' lang='lat' dir='ltr'><strong><em>et</em></strong></span> <span class='ocrx_word' id='word_1_408' title='bbox 1238 3518 1446 3577; x_wconf 77' lang='lat' dir='ltr'><strong><em>praemia</em></strong></span> <span class='ocrx_word' id='word_1_409' title='bbox 1466 3518 1768 3577; x_wconf 60' lang='lat' dir='ltr'><strong><em>flagitantes„</em></strong></span> <span class='ocrx_word' id='word_1_410' title='bbox 1801 3513 1980 3558; x_wconf 76' lang='lat' dir='ltr'><strong><em>ardente</em></strong></span> <span class='ocrx_word' id='word_1_411' title='bbox 2014 3522 2118 3557; x_wconf 75' lang='lat' dir='ltr'><strong><em>tunc</em></strong></span> 
     </span>
    </p>
   </div>
  </div>
 </body>
</html>
