2210 3970
226 214 331 264 584
806 223 1018 262 c1ceao
1066 223 1135 260 DE
1184 216 1321 263 VITA
1369 219 1474 260 suA
1643 184 1672 225 ‘

224 361 366 415 xime
406 357 762 424 ostenderas?
830 355 1026 413 Aderat
1059 361 1111 410 et
1152 354 1291 409 idem
1332 361 1464 409 erat.
1545 353 1648 408 Sed
1688 355 1895 408 utinam
1928 371 2046 410 meo

218 458 393 514 solum
419 459 594 530 capite
621 457 908 514 decernere
939 456 1204 512 licuisset!
1264 455 1541 510 Lacrimae
1573 470 1818 509 meorum
1849 471 1936 509 me
1959 456 2046 508 vin-

221 558 436 615 terdum
469 558 777 615 molliebant
796 601 811 624 ,
855 558 1194 631 precantium
1216 599 1231 621 ,
1271 562 1333 610 ut
1370 554 1437 610 de
1475 554 1746 626 Hispaniis
1778 561 2046 626 exspecta—

218 671 420 716 remus·
478 660 548 715 M.
569 660 732 715 Caelii
763 660 981 732 quidem
1013 658 1315 731 epistolam,
1355 657 1613 729 scriptam
1645 654 2048 718 miserabiliter,

219 775 390 832 quum
423 759 524 815 hoc
562 759 705 815 idem
756 760 1089 823 obsecraret,
1142 765 1204 814 ut
1247 739 1642 830 exspectarem,
1693 772 1762 810 ne
1808 754 2050 810 fortunas

219 876 367 917 meas
380 897 397 926 ‚
435 872 503 915 ne
522 861 745 914 unicum
780 859 948 915 filium
961 897 977 924 ,
1011 876 1079 914 ne
1104 871 1252 914 meos
1282 866 1470 912 omnes
1494 863 1608 911 tam
1630 861 1831 911 temere
1848 865 1850 867 '
1865 854 2050 927 prode·

220 976 363 1024 rem,
391 975 497 1014 non
531 959 647 1012 sine
673 974 870 1029 magno
909 958 1041 1014 fletu
1073 957 1321 1028 legerunt
1340 957 1495 1029 pueri
1524 956 1722 1011 nostri:
1762 956 1864 1010 etsi
1897 971 2051 1011 meus

217 1059 439 1132 ‘quidem
471 1065 589 1114 erat
627 1057 816 1114 fortior
835 1097 851 1123 ,
890 1074 1059 1130 eoque
1096 1059 1212 1130 ipso
1249 1056 1622 1112 vehementius
1658 1055 2051 1118 commovebat;

219 1176 318 1216 nec
344 1157 668 1231 quidquam,
690 1158 795 1213 nisi
817 1156 884 1213 de
902 1156 1237 1230 dignatione,
1258 1156 1547 1213 laborabat.
1608 1159 1696 1211 82.
1736 1156 1819 1213 En
1837 1162 1853 1194 ¹
1887 1154 2049 1212 Caelii

219 1257 525 1315 litterarum
565 1256 894 1331 exemplum:
1658 1267 1662 1270 ’

738 1405 1017 1464 Caenos
1059 1407 1375 1469 &cenom
1416 1424 1462 1465 s,

222 1560 574 1617 Exanimatus
612 1562 715 1615 tuis
766 1561 983 1625 litteris,
1037 1561 1223 1633 quibus
1262 1569 1311 1615 te
1348 1560 1520 1624 nillil,
1569 1561 1674 1614 nisi
1704 1560 1879 1624 triste,
1917 1560 2051 1631 coqi·

217 1671 329 1717 tare
366 1660 666 1724 ostendisti,
717 1677 910 1731 neque,
954 1660 1012 1714 id
1062 1660 1200 1732 quod
1237 1667 1367 1715 esset
1386 1701 1402 1725 ‚
1446 1660 1832 1731 perscripsisti,
1888 1676 2054 1732 neque

219 1779 322 1816 non
372 1769 579 1824 tamen,
618 1759 774 1832 quale
806 1767 962 1824 esset,
986 1795 991 1797 -
1014 1760 1151 1832 quod
1189 1762 1471 1834 coqitares,
1509 1760 1762 1832 aperuisti
1775 1779 1793 1822 ,·
1846 1759 1942 1815 lias
1986 1759 2055 1815 ad

222 1871 271 1916 te
320 1862 466 1916 illico
524 1861 725 1916 litteras
769 1861 974 1932 scripsi.
1072 1860 1178 1916 Per
1227 1865 1468 1934 fortunas
1501 1870 1646 1927 ιααε,
1701 1861 1875 1918 Cicero
1894 1902 1910 1925 ,
1952 1878 2053 1932 per

223 1959 413 2018 liberos
458 1972 506 2018 te
547 1981 635 2018 oro
676 1971 725 2018 et
775 1962 1007 2027 obsecro,
1057 1981 1121 2016 ne
1154 1963 1281 2035 quid
1318 1963 1532 2036 qravius
1569 1963 1634 2018 de
1678 1963 1844 2018 salute
1889 1970 1938 2017 et
1975 1962 2052 2015 in-

221 2063 517 2121 columitate
561 2072 653 2121 tua
689 2063 944 2119 consulas.
1022 2061 1160 2118 Nam
1190 2063 1313 2117 deos
1345 2063 1709 2135 hominesque,
1746 2062 2052 2119 amicitiam-

223 2181 324 2237 que
365 2172 600 2219 nostram
649 2165 926 2237 testificor,
974 2180 1058 2218 me
1102 2163 1197 2217 tibi
1235 2163 1596 2234 praediaeisse,
1653 2181 1817 2234 neque
1868 2171 2057 2217 temere

219 2264 508 2330 monuisse,
540 2264 655 2329 sed,
681 2273 961 2336 postquam
995 2263 1267 2318 Caesarem
1298 2263 1622 2318 convenerim
1653 2262 2056 2334 sententiamque

221 2366 333 2429 eius
352 2404 368 2431 ,
401 2366 574 2437 qualis
610 2369 793 2438 sutura
826 2373 958 2420 esset
989 2373 1146 2436 parta
1176 2364 1420 2430 victoria,
1459 2365 1724 2438 coqnorim
1743 2407 1758 2429 ,
1788 2373 1846 2419 ate
1876 2363 2054 2419 certio⁴

216 2483 335 2519 rem
365 2466 568 2538 secisse.
660 2465 719 2519 Si
753 2466 1025 2520 existimas
1057 2465 1291 2520 eamdem
1321 2465 1575 2520 rationem
1603 2468 1719 2538 sore
1755 2465 1964 2519 Caesari
2000 2466 2057 2518 in

220 2565 543 2620 dimittendis
575 2565 890 2620 adversariis
919 2573 966 2619 et
987 2564 1359 2618 conditionibus
1379 2564 1639 2635 serendis,
1660 2581 1822 2618 erras.
1876 2563 2055 2628 Nihil,

222 2666 328 2726 nisi.
369 2674 522 2721 atrox
563 2674 612 2720 et
659 2684 868 2723 saevum
887 2707 902 2731 ,
942 2665 1130 2738 coqitat
1168 2673 1322 2736 atque
1359 2665 1516 2718 etiam
1556 2663 1800 2736 loquitur.
1879 2664 2057 2719 Iratus

224 2765 427 2821 senatui
470 2766 633 2820 exiit:
686 2765 769 2821 liis
807 2765 1255 2820 intercessionibus
1291 2764 1454 2836 plane
1496 2765 1740 2819 incitatus
1771 2773 1862 2818 est.
1941 2764 2056 2820 Non

223 2866 516 2921 mehercule
553 2867 653 2921 erit
691 2867 1037 2939 deprecationi
1069 2867 1227 2920 locus.
1307 2870 1397 2920 85.
1449 2866 1654 2938 Quare,
1689 2866 1735 2919 si
1766 2865 1861 2919 tibi
1893 2874 1977 2929 tu,
2010 2868 2058 2919 si

216 2967 373 3039 filius
402 2968 615 3033 unicus,
654 2969 701 3022 si
727 2969 938 3033 domus,
972 2969 1018 3022 si
1050 2986 1166 3039 spes
1193 2976 1310 3022 tuae
1341 2966 1576 3039 reliquae
1604 2966 1699 3020 tibi
1725 2984 1875 3021 carae
1902 2975 2021 3021 sunt
2035 2986 2052 3028 ,-

226 3070 272 3122 si
303 3068 507 3140 aliquid
531 3068 671 3140 apud
703 3077 750 3123 te
781 3086 903 3133 nos,
937 3068 984 3122 si
1014 3069 1096 3121 vir
1128 3069 1378 3139 optimus,
1417 3086 1575 3140 qener
1607 3076 1754 3131 tuuS,
1787 3067 2053 3121 valemus:

227 3187 404 3223 eorum
429 3173 696 3242 fortunam
721 3188 820 3224 non
849 3169 1000 3224 debes
1024 3169 1158 3223 velle
1186 3169 1490 3223 conturbare
1505 3187 1522 3229 ,·
1556 3176 1614 3221 ut
1647 3185 1760 3221 eam
1791 3185 2051 3231 caussam,

225 3271 282 3322 in
315 3270 460 3323 cuius
491 3271 702 3325 victoria
744 3271 886 3326 salus
917 3279 1092 3325 nostra
1127 3279 1228 3333 est,
1262 3270 1429 3324 odisse
1463 3277 1551 3324 aut
1583 3267 1876 3339 relinquere
1908 3287 2052 3339 coya-

291 3504 328 3561 ¹)
360 3501 468 3549 lbid.
504 3505 586 3562 §3.
