2150 3990
209 229 308 279 174
777 238 990 277 menno
1038 239 1107 273 1)ss
1159 237 1295 276 vi'rA
1345 235 1449 273 su».

196 375 296 428 hac
334 372 625 429 adventitia
672 374 898 445 pecunia
937 377 1237 436 emeretur,
1277 386 1416 443 quae
1457 383 1522 425 ex
1563 369 1714 424 novis
1755 369 2042 440 vectigali-·

198 474 298 530 bus
341 491 437 548 per
474 475 904 547 quinquennium
944 475 1291 552 reciperetur.
1371 475 1461 525 41.
1504 469 1642 524 Huic
1689 469 1790 525 toti
1829 470 2026 525 rationi

198 575 443 646 agrariae
475 581 693 630 senatus
735 572 1117 629 adversabatur
1137 615 1152 638 ,
1192 571 1473 644 suspicans
1492 611 1508 635 ,
1547 570 1798 642 Pompeio
1837 584 2028 625 novam

197 675 485 747 quamdam
518 676 811 747 potentiam
842 675 1044 745 quaeri.
1127 671 1410 743 Pompeius
1443 685 1568 725 vero
1599 669 1666 724 ad
1698 669 2028 726 voluntatem

198 774 544 847 perferendae
592 774 727 845 legis
786 773 1121 827 incubuerat.
1201 771 1314 842 Ego
1374 777 1592 836 autem,
1649 786 1846 841 magna
1902 787 2028 826 cum

196 877 535 947 agrariorum
573 874 748 945 gratia
767 914 784 938 ,
835 871 1219 927 confirmabam
1260 871 1504 925 omnium
1540 872 1875 944 privatorum
1915 887 2030 943 pos-

196 977 461 1031 sessiones
478 995 494 1028 :
557 975 626 1047 (is
664 975 810 1028 enim
849 979 932 1027 est
984 979 1167 1026 noster
1205 971 1508 1036 exercituS‚
1565 971 1847 1028 hominum
1886 972 2030 1029 locu-

198 1073 446 1147 pletium)
506 1071 701 1145 populo
743 1079 927 1127 autem
967 1077 1023 1126 et
1060 1071 1313 1143 Pompeio
1364 1071 1514 1145 (nam
1558 1070 1615 1125 id
1653 1088 1864 1144 quoque
1895 1070 2032 1127 vole-

196 1173 343 1247 bam)
385 1172 780 1228 satisfacieham
818 1173 1118 1245 emptione,
1171 1178 1280 1244 qua
1319 1171 1615 1226 constituta
1654 1169 1942 1242 diligenter
1979 1179 2034 1228 et

196 1273 466 1330 sentinam
498 1273 657 1330 Urbis
690 1273 970 1329 exhauriri
1005 1280 1060 1329 et
1087 1272 1274 1329 Italiae
1313 1271 1660 1328 solitudinem
1697 1270 2029 1345 frequentari

197 1392 351 1450 posse
389 1375 707 1432 arbitrabar.
787 1375 893 1432 Sed
931 1374 1063 1431 haec
1101 1380 1216 1430 tota
1254 1390 1341 1429 res
1385 1372 1723 1446 interpellata
1772 1372 1910 1428 bello
1950 1389 2028 1428 re·

198 1475 438 1532 frixerat.

272 1577 414 1633 Haec
437 1583 454 1615 ¹
495 1583 680 1640 erant,
721 1583 782 1632 ut
820 1576 1008 1647 opinor
1027 1616 1043 1639 ,
1096 1578 1152 1630 in
1202 1573 1494 1647 republica.
1574 1573 1727 1629 Nunc
1748 1578 1768 1611 ²
1821 1573 1887 1628 ad
1927 1575 2032 1645 pri·

202 1682 326 1732 vata
348 1675 586 1732 redeam.

271 1875 446 1934 XVIL
512 1879 605 1931 42.
647 1875 752 1930 Nos
771 1881 793 1914 ⁸
827 1875 997 1946 igitur
1016 1915 1031 1940 ,
1071 1876 1166 1947 qui
1211 1873 1715 1947 publicis'consiliis
1760 1874 1924 1930 nullis
1958 1876 2034 1929 in-

198 1982 502 2032 tereramus
520 2017 536 2041 ‚
577 1981 717 2030 totos
755 1991 854 2030 nos
887 1974 955 2029 ad
988 1973 1255 2030 forensem
1287 1988 1507 2047 operam
1531 1974 1876 2047 laboremque
1912 1992 2032 2029 con-

195 2067 439 2129 tu'limUS.
518 2075 600 2131 Ex
652 2091 759 2146 quo
779 2116 794 2139 ,
842 2074 984 2147 quod
1034 2073 1192 2130 facile
1238 2075 1468 2147 intelligi
1515 2076 1685 2148 possit
1704 2116 1719 2140 ‚
1766 2076 1823 2129 in
1863 2075 2035 2130 multa

194 2175 703 2230 commemoratione
747 2191 936 2230 earum
982 2190 1198 2240 rerum,
1244 2190 1388 2248 quas
1436 2175 1706 2247 gessimus
1726 2217 1742 2240 ,
1791 2175 2034 2230 versaba-

195 2291 348 2330 mur:
388 2275 745 2348 praesertim⁴
783 2292 954 2347 quum
993 2275 1050 2331 L.
1093 2275 1318 2331 Flacci
1350 2293 1439 2333 res
1470 2276 1750 2347 agebatur.
1827 2275 2034 2331 Guius⁵

197 2391 348 2437 amor
379 2376 436 2429 in
463 2376 696 2446 patriam
729 2375 865 2430 mihi
897 2375 1076 2430 fuerat
1095 2383 1437 2449 perspectus:
1478 2378 1573 2450 qui
1587 2383 1626 2443 Β,
1666 2378 1735 2432 iis
1767 2377 2034 2455 consiliis,

196 2475 395 2547 quibus
426 2489 642 2530 mecum
681 2477 737 2530 in
774 2476 1061 2531 consulatu
1114 2493 1234 2532 meo
1273 2479 1597 2534 coniunctus
1642 2478 1747 2534 fuit
1791 2478 1860 2534 ad
1910 2494 2031 2534 con-

198 2575 517 2631 servandam
550 2575 938 2649 rempublicam
960 2617 976 2641 ,
1014 2576 1369 2649 dignissimus
1389 2621 1405 2644 ,
1443 2579 1688 2634 indicia⁷
1731 2580 2036 2634 communis

198 2677 351 2732 exitii
384 2682 700 2749 exceperat:
753 2683 951 2749 quem⁸
990 2684 1104 2733 tota
1135 2678 1328 2734 civitas
1368 2679 1828 2736 modestissimum
1862 2678 2032 2734 adole·

201 2784 470 2843 scentem,
518 2778 826 2850 provinciae
862 2780 1131 2835 maximae
1168 2781 1574 2835 sanctissimum
1614 2781 1787 2836 civem
1808 2821 1824 2846 ,
1863 2782 2033 2836 nostri

201 2880 472 2935 exercitus
528 2878 885 2935 fortissimum
944 2881 1173 2937 militem
1195 2925 1210 2947 ,
1281 2882 1759 2954 diligentissimum
1805 2881 1996 2937 ducem
2018 2925 2034 2948 ‚

2139 2759 2143 2766 -
2130 2673 2150 2700 ‚⁴³
2134 2558 2150 2643 ,mh-fn.
2132 2429 2150 2538 ›usssssszsi

203 2981 719 3053 temperatissimum
787 2981 1025 3053 legatum
1104 2989 1551 3057 quaestoremque
1622 2990 2033 3056 cognoverunt:

201 3099 362 3153 quem
440 3089 661 3141 senatus
693 3075 1215 3140 'constantissimum
1275 3091 1576 3140 senatorem
1598 3127 1614 3148 ‚
1673 3085 2033 3139 iustissimum
2123 3072 2146 3100 “³⁶

268 3354 306 3409 ¹)
340 3349 451 3397 Ibid.
484 3353 570 3409 §5·
603 3376 662 3385 -
696 3353 733 3410 ²)
766 3350 820 3395 ad
853 3354 946 3395 Att.
978 3355 1014 3397 1.
1047 3354 1118 3396 14.
1154 3354 1237 3409 μ’.
1272 3377 1330 3385 -
1362 3353 1403 3411 ⁵)
1434 3351 1488 3397 ad
1521 3356 1614 3398 Att.
1646 3357 1704 3399 11.
1737 3356 1812 3398 23.
1854 3355 1937 3412 §a
1974 3380 2033 3388 -

207 3429 248 3486 4)
282 3443 357 3488 pro
389 3427 541 3473 Flacco
571 3444 608 3472 c.
642 3431 713 3472 11.
748 3429 863 3485 §25
895 3455 953 3463 -—-
987 3431 1028 3489 ⁵)
1060 3428 1171 3474 Ibid.
1199 3444 1235 3475 c.
1265 3433 1307 3473 1.
1343 3432 1367 3488 §
1401 3433 1443 3476 2.
1477 3457 1537 3466 —
1569 3433 1609 3492 6)
1641 3432 1687 3476 in
1720 3431 1853 3476 Pison.
1888 3447 1926 3476 c.
1961 3434 2031 3476 23.
2120 3450 2122 3453 ’

206 3507 320 3561 954.
358 3532 413 3540 --
448 3509 488 3564 7)
515 3521 590 3566 pro
622 3506 772 3550 Flacco
795 3523 829 3554 c.
863 3509 906 3552 2.
934 3509 1018 3564 §52
1052 3534 1109 3541 —
1143 3504 1196 3566 81
1215 3507 1323 3553 lbid.
1357 3525 1393 3553 c.
1426 3513 1468 3555 3.
1501 3511 1585 3567 §8.
