2158 4030
560 1049 1375 1073 *mm*—

129 1701 222 1753 Est
253 1699 379 1752 mihi
399 1708 534 1751 sene
565 1696 703 1765 quod
737 1695 985 1764 gaudeam
1019 1694 1445 1764 vehementerque
1475 1699 1664 1759 laeter,
1700 1701 1905 1755 Suavis-

66 1793 190 1846 sime
232 1792 439 1852 Frater,
473 1804 535 1841 eo
569 1804 704 1839 nunc
756 1787 959 1838 tandem
1002 1786 1197 1838 huncce
1231 1790 1515 1853 pervenisse
1562 1792 1810 1852 laborem,
1848 1805 1908 1847 ut

67 1883 120 1936 in
151 1883 319 1934 lucem
347 1879 547 1948 prodire
580 1878 736 1945 possit
769 1877 1163 1943 qualiscunque:
1198 1894 1350 1942 quem
1387 1880 1550 1931 tribus
1586 1883 1689 1934 sere
1724 1885 1907 1937 abhinc

22 2011 37 2024 ,
69 1975 212 2027 annis
226 1972 411 2025 excudi
428 1963 688 2037 coeptum,
725 1974 784 2017 ut
811 1966 970 2028 nosti,
1005 1965 1156 2016 modo
1174 1967 1565 2023 domesticarum
1584 1989 1755 2025 rerum
1785 1993 1906 2028 cura

5 2075 9 2080 '
69 2066 266 2132 saepius
299 2078 381 2114 me
414 2060 562 2113 iussit
591 2059 951 2115 intermittere,
987 2057 1136 2107 modo
1171 2059 1486 2123 publicarum
1521 2066 1907 2130 occupationum

4 2424 41 2468 «t.

69 2153 364 2206 multitudo.
430 2151 596 2203 Huius
630 2156 802 2199 autem
838 2147 1037 2214 gaudii,
1073 2146 1350 2198 confitebor
1383 2151 1519 2201 enim
1547 2154 1684 2218 quod
1718 2155 1909 2215 sentio,

71 2259 245 2297 caussa
278 2241 595 2310 potissimum
624 2239 812 2305 duplex
844 2245 939 2288 est.
1634 2256 1637 2259 ·

134 2423 305 2475 Altera
354 2426 464 2482 est,
515 2433 675 2483 enque
715 2415 950 2483 primaria
968 2454 981 2474 ,
1028 2414 1165 2481 quod
1203 2432 1339 2466 nune
1377 2418 1502 2468 mihi
1549 2421 1601 2470 in
1652 2427 1908 2488 prooemio

47 2515 214 2577 xlibri,
248 2525 400 2579 quem
444 2509 509 2561 ud
555 2508 624 2559 Te
659 2507 862 2558 mittere
896 2506 996 2555 iam
1031 2504 1094 2555 ab
1123 2505 1269 2557 initio
1304 2510 1697 2571 constitueram,
1734 2531 1907 2582 oppor-

67 2614 192 2659 tune
232 2612 384 2657 natus
428 2601 526 2658 sit,
573 2613 724 2664 quem
771 2596 968 2647 dudum
1015 2595 1140 2645 mihi
1187 2596 1423 2649 obvenire
1466 2603 1657 2665 speravi
1704 2604 1906 2667 locum,

26 2727 29 2734 «
69 2709 168 2764 quo
195 2693 393 2762 publice
422 2689 651 2759 ¹profiteri
685 2687 869 2755 possim
889 2726 901 2748 ,
936 2688 1113 2752 quanti
1147 2703 1241 2754 ego
1271 2687 1339 2738 Te
1368 2683 1577 2749 saeiafm
1613 2709 1714 2745 non
1754 2698 1907 2749 modo

68 2795 129 2838 ut
168 2785 246 2836 Tu
281 2783 497 2841 sentum,
533 2780 621 2831 sed
656 2787 716 2830 ut
751 2793 924 2828 omnes
957 2777 1045 2842 qui
1092 2793 1227 2827 nunc
1263 2789 1414 2837 sunt,
1449 2781 1603 2832 etiam
1643 2794 1702 2835 ut
1743 2798 1908 2852 poste.

67 2878 191 2928 ritas
240 2875 346 2942 ipsa
390 2869 656 2938 intelligat.
726 2868 795 2919 Te
834 2868 969 2918 enim
1003 2868 1181 2933 quidni
1216 2884 1309 2934 ego
1355 2886 1550 2930 amem,
1586 2874 1763 2938 quidni
1800 2888 1909 2929 toto

15 3007 32 3022 ,.
69 2975 269 3036 pectore
314 2960 558 3030 diligam?
627 2958 761 3019 Quid
796 2958 931 3008 enim
978 2966 1068 3008 aut
1110 2958 1301 3010 laetum
1345 2961 1467 3010 mihi
1516 2963 1724 3022 accidit,
1771 2968 1909 3031 quod

24 3071 28 3074 ’
63 3067 158 3115 ,tua
197 3052 559 3108 iucundissima
605 3049 877 3116 gratulatio
914 3065 1015 3099 non
1059 3050 1288 3108 auxerim
1327 3060 1415 3100 aut
1445 3052 1567 3116 quid
1603 3055 1748 3104 triste
1781 3057 1909 3108 mihi

69 3148 270 3208 evenit,
315 3143 452 3211 quod
497 3150 587 3193 tua
627 3140 910 3207 gratissima
955 3140 1298 3190 consolatione
1343 3156 1445 3190 non
1480 3142 1547 3192 sit
1579 3143 1910 3211 mitigatum?

7 3284 47 3758 ἶ

9 3774 57 4030 ι

11 3228 34 3281 ’ἕ
71 3239 128 3291 In
166 3236 399 3290 omnibus
445 3242 618 3284 autem
664 3231 973 3297 temporibus
1019 3238 1124 3281 tam
1170 3229 1450 3281 incredibili
1497 3231 1573 3283 Tu
1609 3250 1804 3302 semper
1853 3255 1912 3290 ac

71 3328 185 3396 plus
218 3342 369 3394 quam
401 3325 622 3376 fraterna
656 3323 865 3373 caritate
899 3330 952 3372 et
984 3326 1069 3371 me
1098 3329 1151 3371 et
1185 3335 1324 3370 meos
1357 3323 1648 3389 complexus
1683 3342 1768 3386 es,
1804 3330 1910 3380 sive

73 3420 205 3473 facto
239 3434 365 3486 opus
398 3424 532 3469 esset
559 3414 671 3479 ,sive
699 3412 932 3475 oonsilio,
968 3420 1028 3464 ut
1062 3410 1298 3478 equidem
1334 3409 1444 3466 Tibi
1478 3413 1720 3475 debeam,
1755 3435 1911 3483 quan-
