2210 3970
769 218 1000 257 Annus
1059 220 1105 256 υ.
1147 220 1191 256 e.
1236 207 1361 259 705.
1473 246 1484 258 .
1884 211 1991 261 725

170 346 279 424 ⁴(³)
321 347 381 405 In
437 347 600 404 huius
659 354 837 404 autem
902 349 1210 421 provinciae
1272 349 1743 406 administratione
1796 351 1981 408 Cicero

138 449 399 506 successit
433 448 602 520 Appio
642 448 860 504 Claudio
898 448 1156 513 Pulchro,
1198 449 1354 504 fratri
1395 451 1450 505 P.
1494 451 1690 519 Clodii,
1730 451 1979 507 famosis-

133 548 256 603 simi
291 547 437 603 iltius
471 547 678 602 tribuni
714 547 915 619 plebis,
956 549 1047 619 qui
1083 548 1393 604 Ciceronem
1431 552 1484 604 in
1526 551 1776 606 exsilium
1807 554 1975 608 eiece-

132 654 219 717 rat
254 649 322 723 (v.
346 647 413 704 ad
434 664 480 703 a.
503 651 630 703 696.
655 646 752 721 9.).
834 648 979 715 Quae
1017 649 1217 703 iniuria
1246 648 1422 704 effecit
1453 656 1514 703 ut
1550 651 1732 705 minus
1761 652 1975 708 sincera

131 754 272 805 esset
317 749 460 804 inter
513 749 742 820 Appium
795 756 847 803 et
899 749 1209 806 Ciceronem
1261 749 1665 815 benevolentia,
1725 754 1975 823 quamvis

131 846 327 904 vellent
381 847 542 903 amici
596 847 784 903 videri.
845 864 935 904 vu.
992 866 1038 904 c.
1078 853 1125 904 1.
1172 854 1220 905 1.
1280 866 1326 906 c.
1367 855 1452 906 10.
1497 853 1586 906 24.
1649 868 1697 908 c.
1746 856 1830 906 11.
1875 855 1969 909 27.

131 964 176 1003 c.
205 950 291 1004 12.
330 951 418 1009 54.

193 1050 283 1097 cic.
331 1047 383 1096 nd
419 1051 469 1095 M.
500 1047 694 1094 caelium
745 1049 834 1108 (ad.
869 1053 988 1097 Fam.
1026 1064 1076 1096 11.
1114 1055 1185 1097 13.
1220 1054 1290 1111 2.)
1346 1053 1446 1115 Ego
1478 1054 1703 1115 Appium,
1746 1062 1798 1099 ut
1838 1070 1969 1116 saepe

131 1137 275 1176 tecum
322 1127 496 1174 locutus
529 1143 657 1183 sum,
701 1127 829 1172 valde
858 1128 1029 1190 diligo,
1062 1145 1215 1190 meque
1246 1130 1301 1174 ab
1334 1146 1382 1175 eo
1414 1129 1551 1191 diliqi
1578 1131 1733 1175 statim
1766 1139 1969 1192 coeptum

129 1223 252 1267 esse,
300 1215 354 1254 ut
394 1206 670 1256 simultatem
709 1205 1023 1268 deposuimus,
1072 1207 1206 1251 sensi.
1285 1209 1394 1251 Nam
1428 1215 1471 1252 et
1505 1208 1779 1269 honorificus
1811 1210 1859 1253 in
1901 1224 1969 1252 me

127 1286 287 1333 consul
308 1286 408 1344 suit
430 1289 488 1345 (a.
507 1290 553 1332 U.
573 1290 614 1332 C.
630 1288 757 1345 700.)
791 1293 834 1330 et
861 1285 1015 1330 suavis
1042 1286 1213 1329 amicus
1235 1292 1278 1329 et
1300 1285 1532 1329 studiosus
1555 1284 1805 1330 studiorum
1834 1287 1970 1330 etiam

125 1380 333 1411 meorum.
367 1391 426 1400 —
463 1364 586 1424 Quid
615 1371 682 1409 est
714 1379 929 1418 caussae,
979 1378 1061 1406 cur
1090 1362 1205 1406 milii
1235 1378 1321 1406 non
1354 1364 1400 1407 iu
1434 1364 1605 1424 optatis
1638 1364 1700 1408 sit
1738 1364 1972 1426 complecti

127 1442 372 1501 bonitum,
405 1443 649 1504 florentem
682 1449 854 1498 aetate,
885 1439 1071 1502 opibus,
1106 1439 1374 1494 honoribus,
1409 1441 1618 1501 ingenio,
1655 1442 1838 1499 liberis,
1860 1461 1974 1507 pro·

23 1529 32 1545 '
119 1521 310 1584 pinquis
329 1554 342 1578 ,
375 1521 591 1583 affinibus
610 1554 622 1577 ,
654 1520 843 1576 amicis,
876 1517 1091 1579 collegam
1122 1534 1265 1562 meum
1295 1520 1560 1579 praesertim
1594 1528 1636 1565 et
1670 1522 1716 1565 in
1749 1522 1851 1582 ipsa
1883 1521 1971 1564 col·

4 1627 39 1685 ³

4 1736 6 1769 3
15 1721 37 1790 l

11 1891 27 1919 'l

3 1973 6 1979 .
15 1954 31 2002 ²².

14 2002 29 2050 ἶ.

11 2063 31 2114 ’Σ

7 2116 34 2191 ⁵}

12 2199 32 2272 ᾖ

13 2324 28 2375 ἕ

20 2378 27 2396 i

21 2413 29 2439 K

19 2451 27 2469 ἱ

18 2496 30 2534 3

19 1572 40 1649 l,
129 1598 238 1662 legii
258 1598 389 1645 laude
416 1605 459 1644 et
481 1597 674 1643 scientia
700 1595 950 1641 studiosum
977 1597 1103 1640 mei?
1167 1598 1286 1640 llaec
1315 1611 1362 1640 eo
1384 1595 1599 1657 pluribus
1630 1599 1819 1659 scripsi,
1853 1598 1974 1660 quod

126 1676 334 1723 nonnihil
372 1675 694 1738 significabant
739 1683 844 1720 tuae
878 1674 1086 1730 litterae,
1131 1673 1419 1719 subdubitare
1453 1682 1517 1731 te,
1566 1693 1656 1738 qua
1689 1693 1828 1722 essem
1866 1693 1973 1739 erqa

126 1754 259 1802 illum
290 1753 532 1800 voluntate.
602 1752 767 1810 Credo,
801 1759 844 1797 te
872 1751 1055 1797 audisse
1082 1751 1272 1814 aliquid.
1339 1751 1521 1798 Falsum
1546 1763 1638 1809 est,
1674 1755 1788 1800 milti
1819 1754 1969 1811 crede,

123 1834 168 1880 si
191 1831 303 1896 quid
331 1829 517 1878 audisti.
584 1830 645 1876 ld.
682 1829 733 1875 ad
769 1834 877 1892 App.
910 1829 1080 1875 Pulchr.
1117 1830 1191 1889 (ad
1222 1833 1338 1876 Fam.
1375 1844 1446 1876 m.
1482 1835 1525 1877 1.
1556 1835 1619 1892 1.)
1654 1835 1730 1877 Sic
1764 1833 1850 1877 tibi
1866 1849 1970 1894 per·

124 1910 289 1969 suade,
321 1910 606 1957 carissimum
633 1914 676 1953 te
702 1907 816 1952 milti
844 1922 939 1951 csse
955 1925 1092 1968 quum
1102 1915 1290 1970 propter
1307 1908 1475 1953 multas
1492 1911 1742 1955 suaritates
1774 1911 1968 1972 ingenii,

125 1989 269 2052 officii
285 2021 299 2045 ,
333 1987 630 2033 humanitatis
662 1994 793 2043 tuae,
827 1993 922 2031 tum
939 1986 1061 2047 quod
1090 2003 1147 2031 ea·
1170 1989 1265 2032 tuis
1283 1987 1451 2033 litteris
1466 1995 1510 2032 et
1535 2006 1591 2033 ex
1607 1987 1849 2034 vualterum
1877 2004 1969 2031 ser·

123 2066 327 2112 monibus
354 2066 588 2129 intelligo,
622 2066 795 2121 omnia,
829 2081 1071 2125 quaeame
1089 2065 1301 2126 prosecta
1333 2073 1439 2109 suut
1467 2067 1512 2110 in
1543 2073 1612 2122 te,
1647 2066 1733 2110 tibi
1753 2065 1971 2110 accidisse

118 2144 399 2208 gratissima.
454 2142 584 2202 Quod
613 2159 749 2205 quum
781 2142 849 2187 ita
876 2143 966 2198 sit,
991 2142 1231 2204 perficiam
1252 2143 1487 2204 profecto,
1520 2153 1571 2190 ut
1606 2144 1728 2206 longi
1756 2144 1969 2205 temporis

123 2238 338 2278 usuram,
371 2238 461 2283 qua
498 2221 757 2277 caruimus,
790 2220 1045 2265 intermissa
1088 2229 1243 2265 nostra
1280 2222 1597 2268 consuetudine
1639 2230 1682 2267 et
1711 2223 1892 2284 gratia,
1926 2230 1970 2267 et

123 2300 361 2347 crebritate
389 2307 434 2345 et
465 2298 775 2362 magnitudine
813 2299 1064 2360 officiorum
1106 2315 1301 2344 meorum
1332 2301 1538 2346 sarciam.
1605 2300 1669 2346 Ad
1704 2301 1850 2346 eumd.
1894 2302 1971 2359 (ad

121 2384 242 2427 Fam.
270 2392 341 2425 11¹.
365 2383 406 2425 4.
431 2383 499 2440 2.)
532 2382 676 2425 Meum
710 2376 913 2422 studium
947 2394 1053 2438 erga
1085 2385 1129 2422 te
1161 2385 1205 2422 et
1236 2378 1435 2439 officium
1469 2379 1653 2423 tametsi
1683 2378 1843 2423 multis
1876 2380 1968 2424 iam

11 2470 34 2514 ᾗ
121 2458 252 2504 rebus
283 2472 411 2520 spero
442 2458 528 2503 tibi
559 2473 654 2503 esse
681 2457 933 2519 cognitum,
965 2464 1112 2502 tamen
1138 2456 1187 2499 in
1203 2456 1265 2500 iis
1290 2456 1483 2500 maxime
1510 2454 1769 2512 declarabo,
1802 2456 1967 2517 quibus

14 2542 28 2584 5
113 2536 364 2600 plurimum
396 2536 660 2599 significare
686 2542 844 2598 potero
863 2570 876 2594 ,
912 2544 1037 2581 tuam
1068 2532 1184 2580 milti
1214 2533 1592 2578 existimationem
1626 2541 1669 2578 et
1697 2533 1963 2595 dignitatem

120 2615 400 2662 carissimam
422 2630 530 2660 esse.
548 2641 607 2650 —
629 2617 697 2658 Me
721 2631 749 2659 a
776 2621 819 2659 te
828 2613 1024 2676 plurimi
1046 2612 1186 2676 fieri,
1220 2638 1279 2647 —-
1313 2620 1480 2674 egomet
1502 2614 1660 2659 multis
1687 2615 1965 2675 argumentis

119 2694 212 2740 iam
262 2701 395 2740 antea
434 2691 708 2749 iudicaram,
758 2692 1036 2754 maximeque
1068 2690 1150 2736 illo
1191 2688 1302 2735 libro
1339 2691 1593 2752 Augurali,
1640 2708 1767 2754 quem
1799 2691 1862 2735 ad
1895 2709 1963 2736 me

121 2773 429 2819 amantissime
466 2771 683 2832 scriptum
700 2802 714 2826 ,
757 2770 1077 2814 suavissimum
1117 2768 1300 2812 misisti.
1377 2767 1459 2813 Cfr.
1488 2771 1656 2815 Wetzel
1675 2804 1689 2826 ,
1739 2768 1876 2815 Praef.
1905 2769 1962 2816 ad

119 2856 165 2898 L.
187 2864 258 2896 111.
286 2847 464 2911 Epistol.
487 2847 698 2894 Ciceronis
715 2847 937 2908 (Lignitii,
957 2849 1099 2906 1794)
1122 2863 1162 2906 p.
1183 2848 1272 2889 114
1290 2860 1350 2907 sq.
1370 2853 1440 2901 et,
1468 2863 1600 2908 quem
1617 2847 1810 2893 Orellius
1824 2848 1960 2904 citat,

119 2927 377 2991 Borghesius
408 2926 455 2971 in
492 2924 701 2971 Giornale
727 2924 940 2970 Arcadico
973 2927 1047 2970 28.
1079 2941 1119 2986 p.
1139 2926 1242 2967 222.

198 3056 261 3135 (⁴)
303 3057 487 3113 Cicero
513 3053 717 3127 legatos
750 3071 934 3110 secum
975 3053 1031 3107 in
1071 3051 1348 3124 provincia
1388 3050 1577 3107 habuit
1612 3053 1672 3121 Q.
1708 3052 1965 3122 frati-cmg

120 3161 214 3234 qui
253 3163 588 3215 memoratur
622 3174 712 3211 vn.
753 3173 800 3211 c.
825 3159 876 3211 5.
918 3158 1004 3209 12.
1035 3171 1082 3209 c.
1108 3157 1195 3208 20.
1235 3156 1321 3208 56.
1355 3170 1400 3206 c.
1421 3156 1508 3206 22.
1547 3157 1636 3209 61.
1665 3172 1712 3210 c.
1736 3158 1825 3211 24.
1866 3161 1958 3213 65.

118 3279 165 3318 c.
202 3265 290 3317 52.
323 3263 412 3316 86.
454 3277 500 3314 c.
528 3262 619 3314 55.
659 3260 751 3313 89.
789 3273 836 3311 c.
861 3260 949 3311 45.
988 3260 1113 3310 117.
1174 3254 1229 3308 C.
1266 3254 1658 3326 Pomptinium,
1714 3257 1808 3328 qui
1847 3274 1958 3313 me·

117 3367 360 3418 moratur
394 3377 485 3417 vn.
519 3376 564 3413 c.
591 3362 640 3412 5.
678 3359 746 3411 12
769 3361 823 3413 et
846 3359 933 3412 14.
965 3373 1012 3412 c.
1036 3359 1123 3411 20.
1156 3358 1226 3410 56
1258 3360 1311 3410 et
1343 3359 1431 3410 57.
1473 3372 1520 3410 c.
1545 3359 1635 3413 52.
1669 3361 1758 3412 86.
1793 3375 1839 3412 c.
1860 3362 1954 3415 55.

115 3467 204 3521 88.
265 3463 334 3519 Μ.
370 3459 673 3521 Anneium,
719 3475 768 3529 q.
792 3474 864 3513 m.
909 3475 1000 3513 vn.
1036 3474 1083 3513 c.
1107 3460 1159 3511 6.
1202 3459 1286 3511 16.
1330 3473 1378 3514 c.
1409 3460 1493 3512 15.
1538 3461 1626 3512 57.
1666 3476 1712 3515 c.
1739 3462 1825 3515 20.
1865 3463 1952 3514 56.

1538 3557 1641 3606 59*
