2210 3970
268 259 373 309 744
739 268 1066 307 ANNALES
1125 269 1632 307 olcsnomAui.

265 407 391 461 tur3
430 398 522 454 sed
563 400 760 452 omissa
794 400 849 453 in
889 399 1191 470 praesentia
1230 399 1469 471 Pompeii
1507 398 1822 470 insequendi
1856 399 2091 462 ratione,

260 499 400 555 bello
444 512 800 568 aggressurus
838 498 1149 569 Hispanias,
1191 498 1466 552 contendit
1506 499 1759 564 Romam,
1800 505 1911 553 tota
1944 499 2097 553 Italia

260 600 463 670 potitus
495 600 776 669 sexaginta
815 598 1026 652 dierum
1061 599 1252 670 spatio,
1295 616 1404 652 v111.
1441 616 1486 652 c.
1512 602 1599 652 26.
1640 602 1729 654 67.

319 703 469 744 caesar
505 701 664 743 B.C.1.
693 714 727 742 c.
747 701 819 742 29.
859 700 1045 754 Caesar,
1081 700 1168 742 etsi
1195 698 1256 741 ad
1280 714 1401 759 spem
1425 698 1693 759 conficiendi
1717 700 1886 760 negotii
1904 699 2096 742 maxime

253 777 470 838 probabat
501 777 666 820 coactis
693 777 879 821 navibus
911 792 1030 819 mare
1059 776 1252 818 transire
1284 783 1328 818 et
1354 777 1617 836 Pompeium
1646 777 1797 837 sequi,
1827 777 2095 836 priusquam

255 848 336 899 illc
368 870 462 898 sese
491 854 807 897 transmarinis
835 853 1027 896 auxiliis
1055 852 1368 912 confirmaret,-
1403 861 1548 898 tamen
1582 855 1678 909 cius
1705 855 1771 898 rei
1792 870 1957 898 moram
1988 862 2094 898 tem-

248 933 466 993 porisque
495 930 864 990 longinquitatem
893 929 1098 984 timebat,
1133 929 1272 989 quod,
1305 930 1506 974 omnibus
1526 932 1692 975 coactis
1717 932 1932 987 navibus,
1965 932 2095 974 Pom-

248 1011 385 1070 peius
403 1015 686 1069 praesentem
704 1008 982 1066 facultatem
1013 1005 1274 1066 insequendi
1306 1007 1380 1049 sui
1407 1006 1644 1051 ademerat.
1678 1034 1736 1040 -—-
1768 1023 1807 1052 c.
1828 1012 1899 1053 30.
1933 1011 2094 1069 Itaque

254 1087 305 1131 in
328 1086 589 1147 praesentia
621 1086 824 1145 Pompeii
855 1083 1117 1145 insequendi
1143 1084 1359 1126 rationem
1386 1084 1556 1127 omittit
1572 1103 1590 1136 ,·
1620 1084 1669 1126 in
1696 1085 1962 1144 Hispaniam
1986 1100 2094 1145 pro-

257 1163 408 1223 ficisci
443 1162 690 1207 coustituit.
725 1188 784 1194 —-
817 1177 852 1206 c.
883 1165 955 1206 32.
1004 1163 1108 1222 Ipse
1151 1161 1213 1204 ad
1247 1161 1399 1204 Urbem
1421 1161 1750 1222 proficiscitur.
1830 1162 1946 1206 Plut.
1981 1166 2094 1207 Caes.

259 1257 296 1286 c.
316 1245 389 1285 35.
426 1245 465 1285 1.
500 1243 720 1301 Καίσαρι
745 1238 797 1285 δὲ
822 1238 1206 1303 βουλομενῳ“μὲν
1236 1238 1400 1290 εὐθύς
1429 1237 1628 1284 διώκειν
1657 1239 1837 1301 ἀπορία
1866 1241 1983 1285 νεῶν
2012 1233 2091 1299 ἦν·

258 1322 330 1371 εἰς
363 1317 416 1365 δὲ
452 1318 535 1377 τήν
579 1317 772 1378 Ῥώμην
807 1317 1069 1380 ἀνέστρεψε
1104 1317 1303 1381 γεγονὼς
1341 1317 1392 1362 ἕν
1437 1317 1633 1380 ἡμέραις
1666 1318 1897 1377 ἑξήκοντα
1939 1321 2095 1379 πάσης

261 1397 502 1458 ἀναιμωτὶ
529 1400 612 1454 τῆς
646 1399 860 1449 Ἰταλίας
891 1401 1079 1459 κύριος.
1143 1397 1205 1442 ld.
1236 1401 1380 1457 Pomp.
1409 1413 1443 1441 c.
1464 1400 1535 1442 63.
1572 1402 1613 1442 3.
1649 1402 1924 1445 Ἐντεῦθεν
1953 1399 1979 1445 o‘
2009 1397 2096 1460 μὲν

263 1476 464 1539 ἡμέραις
492 1476 722 1535 ἑξήκοντα
750 1479 921 1540 κύριος
945 1475 1145 1541 γεγονὼς
1176 1475 1413 1536 ἀναιμωτὶ
1449 1478 1530 1533 τῆς
1559 1479 1778 1529 Ἰταλίας
1808 1479 1924 1536 ὅλης
1952 1478 2098 1539 ἐβού-

261 1558 372 1602 λετο
405 1554 491 1616 μὲν
518 1557 681 1609 εὐθύς
712 1557 970 1617 Πομπήιον
1005 1555 1236 1613 διώκειν,
1278 1557 1460 1600 πλοίων
1489 1553 1542 1601 δὲ
1576 1555 1640 1615 μή
1673 1558 1946 1619 παρόντων,
1980 1556 2096 1603 ἀπο-

259 1635 470 1698 στρέψας
501 1639 572 1689 εῑς
597 1635 815 1697 Ἰβηρίαν
851 1637 1022 1695 ἤλαυνε
1056 1639 1142 1690 τάς
1160 1634 1265 1681 ἐκεῖ
1290 1636 1525 1697 δυνάμεις
1552 1637 1950 1700 προσαγαγέσθαι
1984 1636 2100 1697 βου-

260 1717 478 1776 λόμενος.
549 1715 701 1759 Florus
721 1728 785 1759 IV.
814 1732 849 1760 c.
870 1719 911 1760 2.
945 1720 1017 1760 21.
1053 1717 1276 1775 (Romam)
1298 1733 1445 1778 paene
1470 1734 1654 1761 vacuam
1686 1723 1805 1760 metu
1842 1717 2003 1760 Caesar
2029 1716 2096 1759 in-

256 1812 440 1858 gressus
478 1795 699 1840 consulem
732 1811 778 1838 se
806 1795 902 1854 ipse
925 1793 1066 1851 facit.
1138 1794 1370 1838 Aerarium
1403 1811 1575 1855 qnoque
1602 1803 1829 1850 sanctum,
1862 1795 1970 1854 quia
2003 1801 2096 1837 tar-

260 1874 364 1936 dius
392 1874 647 1935 aperiebant
679 1871 878 1924 tribuni,
910 1871 1050 1915 iussit
1076 1869 1281 1932 effringi:
1315 1887 1577 1933 censumque
1605 1881 1648 1917 et
1669 1872 1992 1934 patrimonium
2010 1887 2094 1932 po-

252 1953 361 2013 puli
386 1953 574 1996 Romani
597 1958 698 1995 ante
730 1950 909 2010 rapuit,
945 1965 1078 2010 quam
1104 1949 1352 2009 imperium.
1415 1949 1556 1993 Pulso
1574 1950 1832 2011 fuqatoque
1858 1951 2093 2011 Pompeio,

260 2030 423 2074 maluit
440 2030 576 2090 prius
603 2027 807 2072 ordin-are
825 2027 1114 2093 provincias,
1151 2043 1282 2088 quam
1315 2027 1463 2088 ipsum
1492 2028 1632 2088 sequi.
1699 2027 1881 2088 Appian.
1913 2031 1958 2070 B.
1978 2030 2021 2072 C.
2042 2039 2093 2072 11.

262 2111 391 2152 c.40.
444 2109 497 2152 ‘O
540 2104 593 2151 δὲ
626 2111 819 2168 Καῖσαρ
851 2104 1026 2167 ἠπόρει
1065 2103 1176 2166 μὲν,
1226 2106 1323 2164 ὅπη
1358 2109 1590 2168 τραπείη,
1618 2109 1724 2151 ’καὶ
1770 2106 1892 2152 ὅθεν
1936 2103 2096 2167 ἄρξαι-

259 2203 314 2232 το
363 2191 449 2232 roo
482 2184 714 2246 πολέμου,
768 2186 852 2244 τήν
898 2184 1043 2246 ὁρμήν
1075 2187 1359 2242 παταχόθεν
1410 2180 1560 2231 οὖσαν
1608 2183 1656 2237 ἐς
1701 2183 1784 2230 τὸν
1834 2185 2095 2246 Πομπήιον

262 2263 398 2328 ὀρῶν.
465 2268 648 2318 Δείσας
687 2263 740 2312 δὲ
781 2268 868 2311 τοῦ
906 2267 1168 2324 Πομπηίου
1209 2263 1292 2310 τὸν
1332 2262 1383 2310 ἐν
1428 2265 1620 2326 Ἰβηρίᾳ
1658 2263 1896 2326 στρατὸν,
1941 2266 2095 2310 πολύν

259 2361 310 2389 τε
340 2343 482 2401 ὄντα,
518 2348 598 2390 καὶ
632 2344 792 2405 χρόνῳ
827 2342 1235 2407 γεγυμνασμένον,
1270 2344 1337 2405 μή
1371 2345 1419 2390 οἱ
1453 2343 1686 2390 διώκοντι
1723 2342 1804 2389 τὸν
1830 2343 2093 2404 Πομπήιον

260 2426 469 2470 κατόπιν
503 2421 804 2488 ἓπιγὲνοιτο,
859 2424 1001 2469 τόνδε
1041 2421 1129 2483 μὲν
1165 2425 1317 2476 αὐτὸς
1348 2423 1463 2486 ἔγνω
1504 2424 1853 2486 προκαθελεῖν,
1889 2421 1938 2475 ἐς
1961 2422 2097 2483 Ἰβη-

258 2507 368 2565 ρίαν
391 2502 580 2555 ἐλάσας.
646 2504 722 2547 Dio
749 2517 837 2548 XLI.
871 2519 907 2547 c.
927 2507 999 2547 15.
1031 2507 1072 2547 1.
1107 2502 1157 2548 ‘O
1195 2497 1281 2548 οὖν
1312 2508 1507 2565 Καῖσαρ
1542 2501 1591 2556 ἐς
1635 2502 1723 2564 μὲν
1759 2502 1840 2561 τήν
1873 2503 2095 2549 Μακεδο-

259 2585 368 2627 νίαν
403 2580 518 2628 οὐδὲ
555 2582 780 2642 ἐπείρασε
817 2582 924 2625 τότε
956 2582 1166 2625 πλεῦσαι
1210 2584 1420 2640 (πλοίων
1459 2599 1507 2627 τε
1541 2583 1628 2645 γάρ
1660 2581 1835 2644 ἠπόρει
1877 2585 1976 2642 ἅμα
2009 2586 2091 2628 καὶ

261 2665 372 2723 περὶ
414 2665 470 2721 τῇ
510 2663 704 2723 Ἰταλίᾳ
735 2659 947 2714 ἐδεδίει,
990 2659 1054 2719 μή
1091 2659 1243 2718 αὐτήν
1277 2659 1330 2706 ἐκ
1374 2665 1457 2720 τῆς
1491 2660 1706 2724 Ἰβηρίας
1741 2663 1789 2707 οἱ
1821 2667 1908 2708 τοῦ
1952 2667 2092 2723 Πομ-

260 2747 408 2801 πηίου
447 2741 806 2804 ὑποστράτηγοι
843 2738 1135 2792 ἐπελθόντες
1169 2742 1495 2800 κατάσχωσι),
1535 2740 1591 2785 τὸ
1626 2740 1679 2788 δὲ
1712 2742 1771 2801 δή
1800 2742 2114 2804 Boon-iocor*
2195 2748 2210 2761 ⁸

260 2822 347 2869 διά
373 2824 616 2881 φυλακῆς,
655 2824 743 2866 τοῦ
777 2820 840 2880 μή
876 2837 986 2863 τινα
1017 2819 1108 2864 τῶν
1142 2818 1426 2883 άπῃρκότων
1461 2819 1791 2879 ἀναπλεῦσαι,
1829 2824 2092 2884 ποιησάμε-

260 2919 340 2954 νος
367 2905 489 2963 πρός
518 2918 568 2947 τε
603 2901 688 2958 τήν
717 2897 905 2960 Ῥώμην
933 2893 1058 2958 ἦλθε
1097 2898 1192 2944 κτὲ.
1257 2897 1374 2943 Conf.
1407 2902 1564 2946 Zonar.
1591 2913 1633 2945 X.
1667 2916 1702 2945 o.
1723 2904 1763 2944 8.

332 3006 419 3079 (2¹)
463 3005 645 3059 Cicero
667 3045 682 3069 ,
737 3004 830 3074 qui
865 3003 1087 3058 alteram
1124 3021 1154 3058 a
1189 3003 1412 3058 Caesare
1449 3003 1725 3075 epistolam
1767 3009 2083 3074 acceperat,

251 3122 358 3179 qua
395 3107 594 3161 iterum
626 3104 956 3159 invitabatur
996 3111 1055 3159 ut
1097 3104 1163 3159 ad
1202 3104 1397 3159 Urbem
1438 3111 1650 3178 praesto
1691 3111 1859 3170 esset,
1903 3105 2086 3159 Caesa·

252 3225 367 3262 rem
400 3207 454 3259 in
487 3206 680 3259 itinere
708 3206 971 3259 convenit.
1013 3223 1121 3258 vul.
1157 3223 1201 3258 o.
1230 3208 1315 3258 27.
1350 3208 1420 3259 68
1456 3222 1532 3276 sq.
1612 3206 1735 3259 Post
1765 3205 2088 3276 colloquium

253 3308 445 3362 Caesar
488 3306 742 3359 continuo
781 3322 836 3359 se
878 3304 1105 3359 contulit
1142 3306 1197 3357 in
1234 3304 1416 3359 villam
1459 3322 1612 3360 suam
1650 3322 1809 3377 prope
1862 3304 2090 3366 Pedum;
2157 3283 2180 3338 s

253 3425 300 3462 e.
334 3410 420 3460 28.
501 3406 683 3459 Cicero
724 3412 902 3459 autem
941 3406 1232 3477 Arpinum,
1279 3406 1365 3460 uhi
1404 3406 1510 3460 filio
1545 3423 1640 3461 suo
1675 3413 1850 3476 togam
1893 3421 2083 3475 puram
2159 3437 2166 3452 .·

255 3506 414 3561 dedit.
458 3523 564 3559 v111.
607 3523 652 3559 c.
683 3508 768 3559 29.
814 3510 900 3560 72.
