2158 4030
398 239 542 296 1..11,
585 255 630 293 c.
656 236 842 293 xvul.
886 238 1021 310 §.48
1062 267 1135 276 —-
1176 253 1222 291 c.
1247 237 1384 293 xlx.
1427 238 1466 311 S
1492 242 1579 293 52.
1838 243 1903 293 77

79 392 372 448 consulere„
450 389 590 460 Quid
618 389 725 444 iam
757 387 1084 460 reipublicae
1116 386 1429 452 honestiuS,
1469 402 1630 459 quam
1664 388 1720 441 in
1753 395 1905 444 tanta

80 491 281 547 invidia
326 489 649 546 iudiciorum
699 487 966 544 adducere
1012 486 1319 553 hominem,
1369 487 1528 542 cuius
1566 487 1908 543 damnatione

80 598 226 647 totus
276 592 404 645 ordo
450 610 575 646 cum
615 590 807 663 populo
859 589 1096 643 Romano
1141 595 1195 642 ct
1243 590 1295 642 in
1343 588 1499 643 laude
1537 594 1592 642 et
1638 588 1693 642 in
1733 589 1906 658 gratia

81 693 250 766 possit
281 691 433 746 esse?
454 723 531 732 —
550 690 828 746 ostendere
861 706 922 745 ac
951 689 1301 762 persuadere,
1331 689 1602 744 hominem
1631 695 1910 743 nocentem

85 791 380 848 adductum
413 808 547 847 esse.
627 791 758 861 Quis
790 797 873 847 est
917 791 973 845 in
1006 790 1200 864 populo
1239 790 1506 857 Romano,
1545 791 1638 863 qui
1673 789 1771 845 hoc
1806 806 1910 844 non

84 909 170 949 ex·
194 893 374 966 priore
423 892 634 948 actione
691 891 1008 958 abstulerit,
1062 892 1304 947 omnium
1357 899 1483 947 ante
1535 891 1913 947 damnatorum

84 993 322 1060 scelera,
375 992 555 1059 furta,
607 993 848 1066 flagitia,
899 994 947 1048 si
993 993 1048 1048 in
1095 1007 1264 1050 unum
1311 992 1488 1049 locum
1533 991 1914 1056 conterantur,

86 1095 175 1150 vix
209 1111 335 1151 cum
364 1093 532 1151 buius
570 1110 734 1168 parva
766 1100 919 1168 parte
953 1095 1176 1167 aequari
1210 1093 1549 1168 conferrique
1586 1093 1781 1167 posse?

162 1294 300 1351 xlx.
376 1300 468 1350 51.
510 1295 627 1350 Etsi
650 1301 666 1334 ¹
709 1293 861 1349 nobis
905 1310 1002 1367 pro
1034 1293 1287 1349 familiari
1325 1310 1417 1349 reo
1454 1310 1700 1348 summus
1738 1301 1919 1348 orator

85 1410 192 1450 non
225 1393 501 1468 respondit
542 1394 894 1456 Hortensiusz
931 1409 1180 1448 caussam
1200 1398 1223 1431 ²
1263 1400 1443 1449 tamen
1472 1410 1688 1449 omnem
1721 1409 1912 1464 cogno-

85 1493 165 1551 sci
192 1494 485 1568 oportebat.
562 1494 778 1567 Igitur³
819 1494 875 1549 in
907 1493 1369 1549 Accusationis
1407 1494 1694 1567 quinque
1725 1493 1919 1548 libris

85 1595 400 1651 eanitotam
432 1593 823 1668 explicuimus:
867 1593 922 1649 in
950 1592 1148 1667 quibus
1167 1598 1189 1632 ⁴
1230 1610 1334 1649 non
1356 1593 1573 1660 dubito,
1605 1595 1737 1667 quin
1757 1592 1919 1649 oll‘eu·

88 1697 293 1752 sionem
322 1694 680 1768 negligentiae
711 1696 885 1750 vitare
905 1701 1067 1767 atque
1093 1693 1330 1766 ell'ugere
1362 1711 1467 1750 non
1490 1696 1706 1768 possim.
1766 1694 1919 1750 Multi

87 1798 232 1855 enim
266 1798 343 1854 ita
379 1796 586 1854 dicent:
646 1798 727 1852 De
763 1796 859 1852 ino
902 1795 1041 1851 nihil
1077 1796 1250 1861 dixit,
1289 1795 1344 1850 in
1377 1814 1477 1869 quo
1522 1814 1615 1868 eqo
1658 1796 1920 1870 interfui:

88 1897 251 1954 Illam
282 1898 535 1954 iniuriam
565 1916 667 1954 non
703 1898 1080 1982 citima-quae
1119 1897 1281 1961 nziki,
1321 1905 1411 1951 atat
1444 1915 1577 1970 quae
1609 1898 1776 1952 antico
1808 1914 1921 1952 meo

89 2001 232 2073 sacta
262 2008 369 2066 est,
408 1999 596 2073 quibus
634 2017 728 2073 eqo
759 1999 815 2054 in
853 1998 1009 2054 rebus
1040 1999 1278 2072 interfui.
1357 1998 1552 2054 Fateor
1591 2000 1754 2054 etiam
1789 1997 1922 2055 illud

87 2100 318 2166 invitm,
357 2116 444 2155 me
482 2116 731 2173 prorsuS,
771 2116 940 2172 quum
980 2100 1082 2154 istc
1115 2108 1378 2173 punctum
1418 2102 1677 2172 temporis
1712 2099 1920 2155 nullum

88 2215 319 2256 vacuum
351 2206 570 2274 peccato
607 2200 903 2273 praeterire
935 2217 1126 2272 passus
1158 2201 1259 2265 sit,
1299 2202 1509 2266 omnia,
1549 2217 1687 2273 quae
1719 2199 1786 2255 ab
1818 2200 1923 2255 isto

90 2300 376 2356 commissa
419 2306 576 2365 sunt,
617 2316 722 2355 non
753 2300 992 2372 potuisse
1030 2315 1384 2370 cognoscere:
1426 2307 1529 2355 ιιῑ5
1567 2300 1703 2356 mihi
1748 2301 1923 2372 magis

93 2399 394 2456 timendum
414 2400 527 2466 sit,
566 2415 635 2456 ne
673 2398 845 2454 multa
882 2399 1114 2454 crimina
1152 2401 1579 2472 praetermisisse
1599 2442 1613 2466 ,
1653 2418 1816 2473 quam
1857 2418 1923 2456 ne

88 2517 202 2574 qua
240 2500 297 2555 in
336 2499 504 2554 istum
550 2496 769 2553 finxisse
806 2498 1102 2554 existimer.
1183 2503 1272 2555 52.
1314 2500 1374 2555 In
1409 2501 1655 2573 primoss
1706 2501 1819 2556 dixi
1858 2501 1925 2556 de

89 2606 443 2675 quaesturae,
489 2605 544 2656 et
588 2573 872 2671 legationis
916 2600 1183 2655 Asiaticae
1205 2643 1219 2665 ,
1258 2608 1313 2656 et
1351 2608 1637 2674 praeturae
1687 2602 1925 2658 urbanae

91 2700 429 2757 criminibus.
506 2700 787 2773 Exposui⁷
825 2701 1021 2773 igitur,
1060 2702 1324 2774 quomodo
1360 2703 1555 2759 Verres
1588 2704 1643 2758 in
1671 2703 1765 2759 Cn.
1800 2703 1924 2758 Car-

90 2801 228 2859 bone
276 2808 476 2858 sortem
497 2844 513 2868 ,
565 2802 621 2857 in
673 2802 766 2858 Cn.
815 2802 1084 2859 Dolabella
1132 2804 1464 2860 voluntatem
1516 2805 1812 2877 neglexerit
1862 2823 1925 2861 ac

87 2903 341 2973 ‚violarit‚
393 2919 589 2976 eosque
633 2903 818 2959 ambos
863 2921 969 2959 non
1021 2904 1195 2960 solum
1234 2905 1571 2970 deseruerit,
1623 2905 1716 2972 sed
1762 2908 1925 2962 etiam

96 3004 391 3078 prodiderit
428 3010 591 3076 atque
628 3006 968 3078 oppugnarit.
1048 3007 1124 3061 De
1143 3012 1166 3044 ⁸
1205 3014 1489 3079 praeturae
1523 3014 1704 3061 autem
1744 3008 1924 3062 crimi-

96 3106 254 3162 nibus
286 3106 362 3161 ita
408 3105 555 3170 dixi,
595 3112 657 3160 ut
690 3123 755 3161 ex
795 3113 1023 3179 utroque
1057 3124 1279 3178 genere,
1320 3117 1371 3164 et
1414 3110 1549 3163 iuris
1580 3108 1831 3172 dicundi,
1872 3116 1923 3163 et

159 3326 199 3384 ¹)
229 3327 386 3371 Orator
417 3339 454 3369 c.
475 3328 548 3370 37.
582 3328 732 3386 5129.
765 3354 822 3361 -—
857 3328 898 3386 2)
930 3325 974 3371 in
1004 3328 1181 3372 Verrem
1217 3331 1315 3375 Act.
1343 3331 1401 3373 11.
1433 3331 1477 3372 L.
1503 3330 1536 3371 1.
1570 3343 1606 3372 c.
1635 3331 1678 3373 9.
1715 3330 1831 3386 525.
1864 3354 1923 3362 -

93 3402 137 3461 ⁸)
169 3404 324 3448 Orator
353 3417 391 3448 c.
417 3404 491 3448 29.
524 3405 550 3462 §
578 3409 681 3451 103.
714 3432 772 3441 --
805 3407 847 3465 ⁴)
877 3406 922 3449 in
955 3409 1133 3451 Verrem
1168 3409 1263 3451 Act.
1296 3409 1354 3451 Il.
1387 3410 1431 3451 L.
1453 3410 1484 3450 Ι.
1516 3421 1551 3451 c.
1579 3409 1651 3451 40.
1684 3408 1833 3463 §103.
1866 3431 1924 3437 —

98 3483 140 3540 ⁵)
170 3481 216 3526 in
233 3484 408 3528 Verrem
438 3486 533 3528 Aet.
553 3487 585 3530 1.
609 3499 645 3530 c.
663 3487 706 3529 5.
729 3487 755 3543 §
776 3487 847 3529 15.
867 3511 924 3518 -
943 3486 983 3543 ⁶)
1004 3483 1052 3529 in
1067 3488 1243 3529 Verrem
1268 3488 1361 3531 Act.
1390 3487 1445 3529 11.
1466 3487 1507 3529 L.
1527 3487 1557 3530 1.
1583 3499 1618 3531 c.
1638 3486 1710 3529 12.
1739 3485 1847 3541 §31
1869 3509 1925 3516 -—

100 3562 140 3617 7)
172 3558 281 3606 lbid.
304 3576 342 3608 c.
361 3564 432 3607 16.
465 3563 581 3619 §42
613 3587 673 3598 —
706 3565 747 3621 ⁸)
780 3561 888 3607 lbid.
915 3564 1043 3607 cdo.
1076 3564 1221 3619 §¹03.
