2150 3990
556 221 606 274 L.
636 219 718 276 Vl.
761 236 804 273 c.
832 218 916 273 vl.
961 217 998 290 ς
1030 221 1093 271 12
1134 249 1210 257 —
1248 235 1292 270 e.
1320 218 1428 272 Vll.
1474 219 1511 290 ὅ
1545 226 1623 273 15.
1900 223 2003 274 245

188 370 328 427 disse
355 370 540 427 Maelio
573 371 799 445 populus
831 370 1102 431 Romanus
1134 368 1392 425 iudicavit
1420 370 1634 424 nomine
1667 371 1782 441 ipso
1814 373 2006 442 Aequi·

188 471 393 527 maelii:
434 470 697 527 stultitiae
729 487 897 544 poena
932 468 1277 543 comprobata
1308 476 1406 524 est.
1485 469 1576 541 Sp.
1604 469 1777 524 >Cassii
1816 469 2018 525 domus·

187 572 253 627 ob
298 571 539 628 eamdem
590 588 837 628 caussam
875 588 1083 628 eversa:
1135 575 1299 643 atque
1342 570 1399 625 in
1449 570 1636 625 eodem
1687 570 1802 624 loco
1851 570 2011 626 aedes

186 673 357 744 posita
385 671 630 727 Telluris,
710 673 771 726 In
801 672 961 727 Vacci
988 672 1156 744 pratis
1187 670 1378 726 domus
1404 669 1508 728 suit
1540 670 1607 725 Μ.
1644 670 1834 735 Vacci,
1873 688 2012 743 quae

186 771 456 845 publicata
496 779 583 827 est
621 780 675 828 et
713 789 926 838 eversa,
974 766 1037 828 ut
1074 771 1221 828 illius
1272 771 1483 829 facinus
1522 772 1781 828 memoria
1825 779 1879 827 et
1918 789 2008 827 no-

184 874 331 929 mine
368 872 472 928 loci
511 878 806 928 notaretur.
885 873 952 928 M.
987 872 1216 928 Manlius
1235 915 1250 939 ,
1290 889 1460 947 quum
1498 872 1565 928 ah
1595 889 1825 929 ascensu
1861 873 2012 946 Capi·

185 974 301 1031 tolii
333 974 606 1032 Gallorum
633 975 895 1047 impetum
927 974 1242 1048 repulisset,
1282 974 1513 1031 nonfuit
1537 981 1825 1030 contentus
1853 974 2011 1031 bene·

187 1076 296 1131 ficii
330 1077 421 1132 sui
460 1074 662 1148 gloria;
701 1092 931 1147 regnum
972 1076 1236 1150 appetisse
1275 1083 1356 1131 est
1384 1075 1656 1132 iudicatus
1675 1092 1860 1147 :ergo
1895 1076 2014 1131 eius

185 1176 377 1232 domus
414 1190 599 1231 eversa
648 1151 876 1231 duobus'
905 1175 1044 1231 lucis
1094 1178 1389 1232 convestita
1434 1183 1532 1232 est.
1622 1178 1797 1245 Quam
1843 1176 2015 1248 igitur

185 1277 414 1333 maiores
446 1276 617 1331 nostri
656 1275 931 1330 sceleratis
962 1291 1026 1331 ac
1066 1267 1287 1331 nefariis
1313 1276 1524 1331 civibus
1562 1277 1854 1332 maximam
1892 1293 2012 1348 poe-

184 1384 309 1431 nam
352 1374 611 1431 constitui
638 1389 793 1447 posse
832 1372 1081 1429 arbitrati
1115 1380 1270 1435 sunt:
1310 1374 1554 1430 eamdem
1586 1391 1686 1446 ego
1724 1376 1907 1432 subire
1950 1393 2016 1431 ac

182 1474 450 1531 sustinere
489 1473 774 1539 debebam,
807 1479 869 1529 ut
897 1472 1039 1546 apud
1069 1479 1309 1546 posteros
1342 1481 1551 1529 nostros
1586 1490 1690 1530 non
1719 1477 2015 1531 exstinctor

182 1572 570 1631 coniurationis
602 1579 656 1630 et
689 1572 937 1639 sceleris,
978 1573 1070 1629 sed
1099 1580 1290 1630 auctor
1320 1582 1376 1630 et
1406 1575 1518 1631 dux
1557 1574 1724 1632 fuisse
1756 1576 2011 1632 viderer?

187 1680 276 1735 14.
319 1676 468 1733 Hanc
511 1691 640 1732 vero
677 1674 850 1731 labem
903 1675 1261 1748 turpitudinis
1309 1683 1367 1732 et
1406 1677 1799 1735 inconstantiae
1836 1685 2014 1752 posset

181 1777 621 1851 populi'Remani
652 1776 890 1848 dignitas
922 1776 1216 1843 sustinere,
1256 1776 1379 1834 vivo
1411 1784 1631 1843 senatu,
1670 1778 2015 1851 pontificibus

181 1875 519 1952 principibus
553 1876 755 1950 publici
794 1876 1041 1942 consilii,
1092 1884 1156 1932 ut
1194 1877 1388 1934 domus
1427 1879 1494 1934 Μ.
1539 1878 1702 1934 Tullii
1740 1879 2014 1935 Ciceronis

179 1990 307 2037 cum
345 1978 502 2036 domo
540 1978 717 2035 Fulvii
756 1976 935 2038 Flacci
968 1977 1036 2033 ad
1074 1978 1392 2033 memoriam
1420 1994 1619 2050 poenae
1651 1978 1865 2052 publice
1889 1995 2012 2035 con·

179 2081 403 2136 stitutae
437 2080 729 2135 coniuncta
767 2094 886 2134 esse
922 2077 1223 2137 videreturl
1302 2078 1370 2133 M.
1406 2077 1632 2134 Flaccus
1651 2120 1668 2143 ‚
1717 2081 1846 2151 quia
1885 2095 2012 2135 cum

179 2181 234 2236 G.
275 2177 519 2238 Graccho
553 2184 743 2232 contra
781 2176 1010 2232 salutem
1062 2177 1389 2250 reipublicae
1426 2177 1627 2233 fecerat
1648 2220 1663 2242 ,
1700 2186 1756 2234 et
1793 2186 2016 2235 senatus

181 2279 447 2339 sententia
474 2283 562 2334 est
593 2276 940 2342 interfectuS,
976 2283 1034 2332 et
1065 2278 1184 2332 eius
1216 2277 1409 2333 domus
1440 2295 1626 2334 eversa
1656 2286 1711 2334 et
1741 2279 2013 2352 publicata

179 2387 294 2437 est:
355 2380 411 2434 in
450 2394 558 2451 qua
594 2376 864 2450 porticum
902 2383 1023 2448 post
1061 2377 1337 2449 aliquanto
1375 2378 1436 2447 Q.
1460 2379 1682 2435 Catulus
1719 2379 1788 2435 de
1824 2397 2011 2435 manu·

178 2478 592 2538 hiisCimbridis
616 2477 760 2532 fecit.
840 2477 950 2532 Ista
983 2483 1164 2533 autem
1194 2477 1281 2533 fax
1309 2495 1372 2534 ac
1401 2478 1542 2534 suria
1568 2481 1803 2552 patriae,
1843 2497 2011 2553 quum

178 2581 374 2639 Urbem
430 2579 622 2636 Pisone
679 2583 733 2633 et
782 2576 1008 2634 Gabinio
1063 2577 1293 2634 ducibus
1342 2579 1574 2651 cepisset
1593 2622 1608 2644 ,
1666 2589 2010 2653 occupasset,

178 2687 385 2739 teneret
402 2722 420 2748 ,
466 2697 576 2736 uno
613 2678 906 2752 eodemque
955 2686 1198 2752 tempore
1234 2686 1290 2735 et
1330 2680 1618 2736 clarissimi
1658 2682 1762 2736 viri
1809 2685 2011 2738 mortui

163 2787 525 2850 ,monumenta
561 2780 793 2845 delerat,
827 2787 887 2835 et
920 2797 1097 2836 meam
1130 2780 1350 2837 domum
1383 2799 1509 2838 cum
1542 2782 1610 2837 Μ.
1646 2782 1825 2838 Flacci
1853 2783 2011 2838 domo

178 2885 564 2940 coniunxerat:
617 2889 679 2938 ut
699 2924 713 2947 ‚
765 2898 871 2954 qua
922 2898 1091 2955 poena
1141 2890 1364 2939 senatus
1402 2882 1655 2939 affecerat
1704 2900 2008 2939 eversorem

177 2985 442 3051 civitatis,
476 2982 667 3039 eadem
694 2983 826 3048 iste,
858 2999 1110 3055 oppresso
1136 2990 1357 3050 senatu,
1390 2983 1627 3038 afficeret
1653 2999 1808 3047 eum,
1846 3000 2010 3055 quem

178 3093 359 3161 patres
390 3084 682 3156 conscripti
722 3083 1000 3139 custodem
1040 3086 1246 3156 patriae
1282 3084 1626 3139 iudicassent.

254 3288 364 3342 VII.
451 3292 533 3342 15.
579 3287 865 3350 Senatus¹‚
920 3305 1022 3341 non
1076 3288 1215 3358 quod
1256 3287 1417 3340 dubia
1458 3302 1543 3340 res
1583 3292 1757 3349 esset,
1810 3285 1900 3340 sed
1942 3293 2003 3340 ut

241 3523 280 3578 Ι)
311 3518 364 3564 de
389 3519 606 3581 Haruspic.
643 3535 747 3580 resp.
774 3536 808 3566 e.
829 3523 868 3563 6.
904 3522 927 3577 §
950 3523 1018 3565 12.

1635 3594 1688 3642 16
1704 3602 1724 3624 *
