2210 3970
274 217 380 271 354
852 229 1102 280 ,menno
1136 215 1210 269 'na
1253 233 1390 272 VITA
1430 234 1537 272 suA

270 375 335 427 iis
388 372 518 445 ipsis
557 370 769 425 dicendi
809 370 976 443 gloria
1015 371 1442 444 comparabatur.
1542 373 1784 430 Primum
1837 382 2091 433 memoria

265 477 446 538 tanta,
486 477 743 545 quantam
783 473 839 527 in
872 473 1018 528 nullo
1058 474 1368 544 cognovisse
1404 489 1492 528 me
1530 473 1792 539 arbitror,
1834 482 1917 541 ut,
1958 493 2094 548 quae

264 588 450 628 secum
497 579 889 629 commentatus
929 581 1097 639 esset,
1150 591 1213 629 ea
1258 575 1374 628 sine
1419 575 1622 647 scripto
1671 573 1850 628 verbis
1893 576 2093 632 eisdem

263 673 546 740 redderet,
598 674 795 747 quibus
845 675 1204 745 cogitavisset.
1304 675 1415 729 Hoc
1456 674 1767 730 adiumento
1814 675 1902 731 ille
1944 682 2096 732 tanto

262 774 341 829 sic
386 762 648 830 'utebatur
665 815 681 839 ,
733 780 796 828 ut
833 789 932 828 sua
980 780 1034 828 et
1073 781 1434 830 commentata
1473 782 1528 830 et
1566 771 1770 847 scripta
1807 781 1896 840 et,
1948 775 2095 830 nullo

263 874 556 939 referente,
595 874 776 928 omnia
803 873 1235 929 adversariorum
1267 875 1414 930 dicta
1450 877 1804 931 meminisset.
1865 879 1955 932 97.
1997 878 2093 931 Ar-

260 974 419 1029 debat
457 979 639 1028 autem
679 971 975 1045 cupiditate
1020 974 1099 1028 sic
1119 1016 1134 1038 ,
1175 979 1238 1028 ut
1275 974 1334 1028 in
1373 973 1521 1029 nullo
1557 988 1819 1046 umquam
1865 974 2092 1047 flagran-

258 1075 370 1128 tius
408 1070 652 1128 studium
677 1071 923 1127 viderim.
1001 1071 1221 1128 Nullum
1254 1074 1401 1129 enim
1433 1073 1740 1146 patiebatur
1770 1089 1888 1129 esse
1919 1074 2094 1141 diem,

258 1174 391 1247 quin
419 1178 515 1228 aut
542 1172 600 1227 in
632 1170 747 1227 foro
778 1171 982 1228 diceret
1014 1179 1110 1227 aut
1147 1172 1506 1229 meditaretur
1532 1181 1687 1229 extra
1715 1173 1910 1230 forum
1972 1173 2094 1230 Sae-

258 1275 480 1347 pissime
509 1281 690 1329 autem
730 1273 916 1329 eodem
945 1273 1030 1329 die
1063 1280 1359 1347 utrumque
1391 1273 1638 1332 faciebat.
1716 1274 2096 1348 Attuleratque

256 1376 482 1431 minime
538 1375 760 1447 vulgare
811 1391 982 1447 genus
1039 1375 1281 1431 dicendi:
1334 1375 1471 1431 duas
1519 1364 1739 1449 quidem
1790 1393 1908 1443 reS,
1959 1393 2095 1449 quas

257 1484 415 1531 nemo
458 1476 625 1531 alius:
677 1477 1024 1549 partitiones,
1076 1476 1275 1549 quibus
1313 1475 1380 1531 de
1421 1475 1588 1532 rebus
1627 1476 1880 1532 dicturus
1923 1484 2092 1542 esset,

255 1582 310 1632 et
341 1576 709 1639 collectiones;
748 1592 978 1641 memor,
1018 1583 1073 1631 et
1110 1592 1250 1649 quae
1280 1582 1462 1632 essent
1499 1575 1646 1631 dieta
1677 1583 1893 1642 eontra,
1932 1592 2092 1650 quae·

254 1667 360 1749 que
412 1678 525 1750 ipse
570 1677 810 1732 dixisset.
901 1676 1035 1732 Erat
1087 1674 1143 1730 in
1184 1675 1474 1732 verborum
1512 1674 1795 1749 splendore
1845 1672 2092 1750 elegam,

253 1777 640 1850 compositione
683 1782 842 1850 aptus
856 1819 872 1842 ,
920 1774 1176 1832 facultate
1215 1776 1491 1849 copiosus;
1537 1788 1708 1848 eaque
1754 1784 1871 1833 erat
1920 1792 2091 1851 quum

256 1895 470 1934 summo
509 1877 756 1949 ingenio,
795 1883 916 1932 tum
952 1874 1432 1933 exercitationibus
1463 1877 1718 1933 maximis
1749 1886 2087 1936 consecutus

254 1980 387 2036 Rem
415 1978 872 2051 complectebatur
903 1978 1240 2044 memoriter,
1279 1978 1552 2034 dividebat
1579 1986 1765 2045 acute,
1806 1996 1907 2036 nec
1936 1997 2087 2054 prae-

252 2078 590 2135 termittebat
616 2077 728 2133 fere
755 2077 1080 2150 quidquam,
1106 2078 1250 2150 quod
1270 2085 1412 2134 esset
1432 2079 1488 2134 in
1515 2095 1708 2135 caussa
1739 2087 1834 2135 aut
1867 2080 1934 2135 ad
1963 2098 2086 2136 con-

255 2180 580 2235 firmandum
603 2186 698 2235 aut
718 2178 785 2234 ad
805 2177 1174 2234 refellendum.
1255 2179 1370 2234 Vox
1390 2195 1588 2237 canora
1607 2186 1661 2235 et
1681 2179 1885 2236 suavis:
1908 2187 2088 2237 motus

251 2286 305 2335 et
332 2286 517 2352 gestus
550 2281 715 2336 etiam
736 2279 857 2352 plus
901 2280 1036 2335 artis
1068 2278 1297 2336 habebat
1315 2321 1332 2346 ,
1371 2295 1535 2353 quam
1555 2287 1674 2336 erat
1693 2282 1894 2336 oratori
1933 2283 2082 2338 satiS.

330 2481 604 2537 XXXVII.
673 2485 762 2536 98.
804 2483 875 2536 At
897 2488 913 2520 ¹
956 2489 1076 2554 post
1117 2481 1459 2538 consulatum
1504 2481 1708 2557 (credo,
1761 2480 1903 2554 quod
1942 2481 2085 2537 vide-2

253 2589 336 2639 ret
394 2598 459 2637 ex
506 2581 878 2637 consularibus
924 2583 1198 2638 neminem
1236 2597 1354 2636 esse
1400 2595 1587 2636 secum
1638 2582 2086 2654 comparandum,

254 2682 551 2754 negligeret
582 2687 765 2736 autem
805 2697 919 2746 eOS,
959 2681 1053 2753 qui
1091 2681 1338 2739 consules
1371 2697 1477 2736 non
1515 2680 1767 2754 fuissent)
1808 2698 2084 2738 summum

253 2782 386 2837 illud
418 2801 578 2838 suum
619 2783 861 2838 studium
899 2783 1140 2848 remisit,
1179 2799 1285 2855 quo
1324 2799 1356 2837 a
1387 2799 1555 2854 puero
1588 2781 1765 2838 fuerat
1799 2783 2081 2848 incensuS,

251 2891 414 2957 atque
443 2884 499 2938 in
528 2884 772 2938 omnium
805 2899 989 2938 rerum
1023 2882 1353 2939 abundantia
1390 2882 1560 2938 voluit
1598 2883 1836 2949 beatius,
1873 2889 1935 2938 ut
1968 2885 2082 2957 ipse

251 2985 502 3058 putabat,
527 2985 811 3046 ,remissius
836 2991 980 3040 certe
1001 2986 1197 3040 vivere.
1277 2985 1494 3040 Primus
1522 2991 1576 3040 et
1603 2984 1872 3040 secundus
1905 3002 2080 3041 annus

250 3094 304 3143 et
358 3089 550 3143 tertius
602 3093 816 3142 tantum
855 3087 1010 3159 quasi
1048 3086 1113 3141 de
1157 3087 1402 3159 picturae
1446 3087 1644 3143 veteris
1682 3085 1856 3142 colore
1905 3086 2078 3141 detra-

251 3195 432 3254 xerat,
471 3195 736 3260 quantum
765 3206 869 3243 non
903 3188 1080 3260 quivis
1113 3205 1258 3243 unus
1283 3205 1346 3243 ex
1376 3186 1596 3261 popu10,
1626 3186 1717 3242 sed
1745 3187 2080 3242 existimator

252 3289 441 3344 doctus
494 3302 549 3344 et
599 3290 904 3361 intelligens
956 3298 1131 3363 posset
1185 3305 1518 3362 cognoscere.
1617 3288 1851 3358 Longius
1898 3296 2075 3343 autem

315 3532 353 3589 ¹)
385 3534 505 3574 Brut.
541 3544 574 3573 c.
596 3531 666 3574 93.
702 3531 846 3586 §320.
