2150 3990
216 210 425 249 menno
464 210 533 248 nn
575 208 709 248 viu
748 208 852 247 sun
891 191 946 246 L.
971 190 1058 245 lV.
1100 190 1208 245 ‹:.l.
1253 189 1343 262 §.l
1390 220 1463 228 —
1502 207 1546 242 c.
1573 189 1636 243 11.
1681 188 1719 261 §
1746 192 1795 242 4.
1846 194 1946 242 155

139 358 310 416 neque
343 343 420 400 illi
458 344 750 418 quidquam
788 340 1132 401 deliberatius
1164 339 1266 398 suit
1286 380 1301 405 ,
1340 355 1501 411 quam
1541 355 1627 396 me
1648 379 1662 403 ,
1700 355 1952 410 quacum·

139 461 243 516 que
275 445 482 503 ratione
513 450 724 517 posset,
773 458 883 522 non.
910 441 1140 506 iudicio,
1193 457 1365 513 neque
1396 440 1809 513 disceptatione,
1861 441 1954 496 sed

139 545 190 600 vi
217 551 378 618 atque
416 546 765 619 impressione
785 522 1047 602 everteres
1118 541 1292 598 Huius
1316 557 1414 612 ego
1447 539 1738 595 temeritati
1772 540 1817 594 si
1853 540 1955 595 vir·

137 651 253 701 tute
303 652 463 718 atque
503 648 681 702 animo
714 663 819 702 non
857 645 1146 703 retitissem
1167 685 1183 709 ,
1241 642 1364 717 quis
1408 648 1583 706 esset,
1634 641 1728 713 qui
1774 656 1860 699 me
1900 641 1955 698 in

133 743 414 802 consulatu
461 763 566 802 non
599 764 729 804 casu
767 747 945 820 potius
982 744 1345 808 existimaret,
1385 758 1547 815 quam
1592 735 1819 797 consilio'
1854 738 1954 796 sor-

131 851 241 901 tem
262 843 470 902 fuisse?
552 852 601 902 5.
644 848 744 904 At¹
781 863 905 903 vero
926 846 1056 920 quid
1087 846 1320 910 mirum,
1361 845 1407 901 si
1436 841 1568 916 quid
1599 840 1667 899 ab
1699 838 1955 914 improbis

132 943 197 1003 de
217 961 304 1002 me
338 946 576 1019 improbe
597 947 902 1011 dicebatur:
941 964 1110 1022 quum
1141 946 1199 1003 1..
1225 945 1530 1018 Torquatus
1551 944 1665 1016 ipse
1684 983 1700 1007 ,
1740 941 1798 1004 1..
1826 941 1953 998 'l'or-

131 1046 312 1119 quati,
351 1045 632 1104 fortissimi
660 1049 926 1115 consulis,
963 1046 1387 1106 constantissimi
1413 1043 1706 1108 senatoris,
1743 1058 1955 1116 semper

128 1147 317 1220 optimi
350 1148 512 1216 civis,
545 1149 717 1216 filius,
757 1151 813 1205 in
847 1150 903 1205 P.
928 1149 1107 1206 Sullae
1143 1164 1335 1207 caussa
1361 1144 1636 1203 interdum
1672 1141 1956 1200 efferretur

130 1248 570 1305 immoderatione
619 1249 948 1305 verborum?
1007 1251 1132 1320 qui,
1184 1263 1355 1321 quum
1393 1261 1680 1319 suppressa
1723 1260 1851 1299 voce
1889 1242 1955 1298 de

126 1346 326 1404 scelere
350 1347 407 1403 P.
429 1346 643 1404 Lentuli
663 1389 677 1413 ,
716 1347 783 1404 de
815 1347 1041 1403 audacia
1073 1348 1479 1403 coniuratorum
1518 1346 1762 1401 omnium
1790 1341 1953 1398 dixis-

124 1454 235 1514 set,
273 1446 648 1504 tantummodo
686 1454 750 1504 ut
787 1448 1023 1514 iudices,
1082 1449 1176 1522 qui
1215 1465 1279 1504 ea
1316 1445 1649 1526 probabant,
1699 1442 1955 1500 exaudire

125 1554 343 1623 possent
359 1590 376 1615 ‚
394 1548 462 1605 de
480 1549 744 1623 supplicio
762 1549 820 1606 P.
841 1548 1086 1615 Lentuli,
1113 1548 1181 1605 de
1198 1563 1446 1612 carcere,
1485 1560 1682 1617 magna
1701 1550 1756 1600 et
1775 1543 1951 1616 queri·

125 1649 306 1708 hunda
322 1667 452 1708 voce
470 1649 698 1708 dicebat.
734 1650 796 1715 In
817 1668 925 1725 quo
948 1651 1187 1725 primum
1207 1648 1341 1706 illud
1360 1648 1475 1706 dixi
1495 1664 1612 1704 esse
1626 1644 1921 1703 absurdum
1936 1685 1951 1712 ,

122 1751 264 1824 quod
282 1793 299 1819 ,
349 1768 520 1827 quum
557 1768 646 1820 ea,
701 1769 840 1827 quae
879 1752 1071 1810 leviter
1114 1751 1328 1808 dixerat
1348 1794 1363 1817 ‚
1422 1747 1693 1806 iudicibus
1725 1745 1952 1820 probare

121 1849 357 1919 volebat,
394 1867 486 1909 eos
518 1858 730 1919 autem,
781 1854 876 1927 qui
915 1854 1125 1919 circum
1163 1852 1430 1909 iudicium
1468 1849 1719 1914 stabant,
1758 1845 1948 1904 audire

119 1951 358 2019 nolebat,
396 1969 504 2011 non
541 1953 906 2028 intelligebat,
944 1971 1036 2021 ea,
1074 1971 1214 2029 quae
1251 1953 1396 2011 clare
1434 1952 1675 2014 diceret,
1715 1947 1792 2005 ita
1830 1945 1950 2006 illos

121 2052 400 2111 audituros
419 2096 436 2121 ,
473 2055 672 2128 quibus
710 2072 768 2111 se
804 2055 1150 2121 venditabat,
1203 2061 1265 2111 ut
1300 2054 1508 2110 iudices
1547 2067 1759 2125 quoque
1797 2058 1947 2115 audi·

119 2159 242 2209 rent
260 2193 276 2219 ,
314 2155 410 2227 qui
448 2154 514 2210 id·
537 2171 643 2211 non
687 2154 1008 2229 probabant:
1061 2154 1255 2211 deinde
1297 2154 1529 2211 alterum
1570 2157 1679 2212 iam
1717 2159 1948 2214 oratoris

119 2253 314 2309 vitium
333 2294 350 2320 ‚
407 2270 513 2310 non
551 2254 733 2312 videre
746 2298 761 2321 ‚
799 2255 931 2329 quid
970 2270 1212 2329 quaeque
1251 2271 1443 2312 caussa
1474 2257 1724 2329 postulet.
1806 2258 1911 2315 Sed
1924 2265 1946 2298 ²

117 2353 434 2427 reprebendi
455 2361 637 2413 tamen
656 2355 790 2411 illud
808 2357 1043 2412 maxime
1062 2397 1077 2422 ,
1098 2355 1240 2429 quod
1259 2357 1368 2423 vir,
1387 2358 1492 2412 isto
1511 2358 1730 2430 ingenio
1741 2366 1797 2415 et
1815 2376 1941 2432 pru·

115 2453 297 2513 dentia
333 2455 633 2528 praeditus,
672 2472 920 2518 caussam
951 2455 1280 2529 reipublicae
1308 2473 1417 2513 non
1449 2456 1693 2523 tenebat,
1731 2461 1826 2532 qui
1859 2476 1942 2515 ar-

113 2552 407 2621 bitraretur
424 2598 440 2622 ,
478 2554 620 2630 plebi
651 2557 923 2612 Romanae
960 2573 1047 2613 res
1079 2573 1171 2613 eas
1209 2573 1315 2612 non
1352 2556 1604 2631 probari,
1642 2576 1780 2632 quas
1801 2602 1816 2626 ,
1854 2577 1942 2617 me

110 2655 328 2714 conside
346 2698 362 2723 ,
399 2673 585 2715 omnes
622 2658 748 2715 boni
778 2675 876 2731 pro
900 2658 1073 2715 salute
1104 2660 1379 2715 communi
1417 2667 1714 2733 gesserant.

186 2855 268 2912 11..
333 2860 384 2913 4.
461 2858 656 2914 Gravia
674 2866 696 2901 θ
746 2867 866 2916 tum
911 2859 1114 2918 iudicia
1158 2878 1256 2934 pro
1304 2861 1632 2935 reipublicae
1674 2862 1941 2935 dignitate

111 2956 284 3013 multa
319 2956 389 3013 de
429 2959 833 3016 coniuratorum
882 2961 1083 3018 scelere
1122 2961 1264 3019 sacta
1303 2969 1448 3018 sunt.
1526 2962 1632 3018 Nos
1650 2967 1676 3011 ἢ
1723 2971 1936 3030 autem,

63 3073 67 3080 ’
108 3058 203 3130 qui
233 3074 267 3114 a
298 3059 493 3115 ceteris
529 3060 918 3118 coniurationis
949 3065 1157 3119 caussis
1184 3063 1573 3126 abstinuimuS,
1613 3062 1932 3120 P.Sullam

108 3155 456 3216 defendimus.
538 3160 830 3218 Veniebat⁵
881 3162 947 3218 ad
993 3179 1104 3229 me,
1155 3172 1209 3220 et
1248 3179 1404 3236 saepe
1443 3162 1689 3219 veniebat
1738 3165 1929 3221 Autro-

169 3421 208 3476 1)
240 3433 316 3480 pro
330 3419 452 3466 Sulla
470 3436 505 3466 e.
524 3423 595 3466 10.
614 3422 638 3478 ᾗ
657 3424 728 3465 30.
764 3447 820 3456 -
854 3421 1021 3480 2)1hid.
1040 3425 1064 3479 ᾗ
1083 3426 1153 3467 32.
1189 3449 1246 3457 —
1276 3424 1315 3482 5)
1334 3439 1408 3485 pro
1424 3423 1572 3471 Flacco
1589 3439 1624 3470 c.
1644 3429 1716 3471 38.
1736 3427 1761 3484 §
1779 3428 1850 3472 94.
1870 3452 1927 3460 —

103 3498 143 3555 4)
176 3510 250 3559 pro
279 3497 403 3547 Sulla
434 3515 470 3545 c.
497 3501 568 3544 29.
603 3500 719 3557 580.
754 3525 812 3537 —-
846 3502 888 3559 5)
916 3498 1028 3553 Ibid.
1053 3517 1089 3547 e.
1123 3504 1163 3551 6.
1196 3503 1312 3559 §18.
