2210 3970
519 228 571 282 L.
597 228 658 282 X.
703 244 747 281 c.
773 227 958 282 XVlll.
1002 226 1129 299 §51
1175 255 1252 266 -—-
1292 225 1427 280 xlx.
1471 226 1509 297 S
1538 231 1623 280 54.
1861 232 1958 282 481

141 389 372 450 rumque
422 376 661 435 siderum
708 384 889 443 ortuS‚
947 376 1125 432 obitus
1163 381 1450 447 motusque
1487 383 1825 448 cognorunt,
1863 394 1970 451 quo

141 476 380 549 quidque
426 482 665 549 tempore
703 493 891 532 eorum
932 476 1179 532 futurum
1226 476 1326 540 sit,
1378 475 1551 530 multo
1592 482 1719 531 ante
1765 477 1973 549 praedi·

140 582 298 633 cunt:
324 578 431 642 sic,
459 577 552 650 qui
579 593 801 632 cursum
834 593 1046 642 rerum,
1080 582 1502 648 eventorumque
1535 578 1974 648 consequentiam

138 675 499 733 diuturnitate
535 682 865 748 pertractata
899 682 1258 741 notaverunt,
1298 681 1395 730 aut
1427 690 1640 747 semper
1670 682 1799 742 aut,
1838 678 1885 732 si
1917 677 1974 734 id

139 775 357 834 difficile
371 773 489 842 est,
526 776 843 850 plerumque
859 821 874 844 ,
893 810 968 821 --
989 776 1131 850 quod
1150 776 1197 833 si
1224 793 1294 832 ne
1311 775 1366 845 id
1387 776 1607 849 quidem
1628 777 1973 843 conceditur,

138 873 545 951 nonnumquam
575 884 751 944 certe,
792 878 923 951 quid
957 878 1204 935 futurum
1245 878 1347 944 sit,
1386 877 1716 950 intelligunt.
1795 880 1972 951 Atque

137 972 270 1039 haee
300 976 518 1050 quidem
552 975 608 1034 et
639 978 903 1051 quaedam
933 978 1245 1035 huiusmodi
1271 985 1622 1051 argumenta,
1662 995 1763 1035 cur
1790 980 1864 1035 sit
1889 978 1969 1034 di·

133 1079 370 1145 vinatio,
402 1077 682 1135 ducuntur
718 1095 750 1133 a
783 1077 909 1133 sato.

138 1308 140 1312 v
209 1280 349 1337 xlx.
419 1277 521 1337 j153.
567 1280 782 1352 Atque¹
843 1279 929 1334 his
967 1280 1120 1334 libris
1159 1279 1550 1336 adnumerandi
1589 1287 1718 1335 sunt
1756 1296 1850 1336 sex
1889 1281 1965 1336 de

131 1378 520 1455 Republica,
561 1393 695 1451 quos
722 1383 854 1434 tunc
881 1379 1230 1450 scripsimus,
1269 1396 1438 1451 quum
1468 1379 1833 1451 gubernacula
1858 1381 1962 1436 rei-

130 1475 376 1555 publicae
417 1477 769 1535 tenebamus:
810 1479 866 1531 in
886 1482 914 1519 ²*
947 1476 1144 1549 quibus
1187 1478 1255 1534 de
1293 1478 1538 1534 moribus
1586 1479 1961 1553 institutisque

127 1580 476 1638 matommsot
503 1577 788 1652 disciplina
806 1593 870 1633 ac
893 1578 1281 1650 temperatione
1301 1579 1539 1635 civitatis
1559 1579 1725 1635 locuti
1750 1596 1960 1636 sumus.

126 1677 410 1755 Magnus!
428 1678 618 1746 locus,
648 1677 1120 1753 philosophiaeque
1155 1680 1430 1753 propriae,
1473 1696 1504 1735 a
1538 1679 1787 1746 Platone,
1838 1682 1960 1737 Ari·

123 1778 341 1848 stetele,
398 1778 767 1854 Theophrasto
807 1785 1027 1852 totaque
1078 1779 1561 1852 Peripateticorum
1603 1779 1807 1837 familia
1848 1787 1955 1837 tra·

122 1880 305 1939 ctatu's
338 1878 640 1938 uberrime:
698 1896 834 1953 quos
854 1886 877 1920 ⁴
928 1896 1027 1952 ego
1066 1881 1318 1936 existimo
1338 1922 1353 1945 ,
1399 1881 1565 1936 etiam
1617 1882 1666 1937 si
1714 1882 1812 1954 qui
1851 1882 1954 1955 ipsi

116 1980 507 2056 rempublicam
547 1996 654 2036 nou
694 1981 992 2053 gesserint,
1030 1987 1243 2046 tamen,
1283 1981 1539 2053 quoniam
1572 1981 1639 2038 de
1676 1982 1954 2056 republica

116 2082 288 2140 multa
318 2082 652 2155 quaesierint
682 2087 739 2137 et
770 2081 1119 2154 scripserint,
1157 2080 1372 2137 functos
1409 2098 1527 2137 esse
1558 2082 1740 2155 aliquo
1769 2086 1953 2157 reipu-

114 2184 287 2241 blicae
310 2197 562 2240 tmunere.
642 2182 825 2256 Neque
862 2182 1009 2237 enim
1047 2188 1132 2237 est
1172 2181 1280 2237 ulla
1318 2198 1436 2246 reS,
1489 2183 1544 2238 in
1582 2200 1691 2256 qua
1729 2187 1950 2259 propius

114 2284 183 2343 ad
213 2283 440 2341 deorum
473 2299 674 2340 numen
712 2283 889 2339 virtus
930 2282 1152 2339 accedat
1189 2282 1428 2338 humana
1449 2325 1464 2348 ,
1502 2301 1666 2356 quam
1699 2287 1948 2343 civitates

6 2383 7 2386 ’
112 2381 210 2442 aut
240 2383 471 2443 condere
508 2401 672 2440 novas
705 2390 802 2440 aut
847 2401 1166 2440 conservare
1199 2385 1308 2439 iam
1342 2384 1605 2441 conditas.
1687 2391 1777 2442 54.
1818 2387 1946 2456 Qui-

5 2486 9 2501 *
110 2485 212 2541 bus
244 2485 312 2542 de
336 2484 540 2551 rebus»,
576 2485 835 2557 quoniam
868 2483 1022 2539 nobis
1071 2485 1326 2555 contigit,
1365 2491 1428 2540 ut
1467 2484 1631 2541 iidem
1671 2494 1727 2542 et
1760 2488 1815 2542 in
1855 2505 1944 2559 ge·

9 2641 11 2650 s
109 2584 276 2644 reuda
297 2584 573 2659 republica
598 2584 804 2657 aliquid
828 2601 1071 2640 essemus
1097 2585 1359 2640 memoria
1385 2584 1611 2657 dignum
1637 2590 1944 2652 consecuti,

9 2687 13 2758 ζ
107 2693 163 2744 et
186 2686 249 2743 in
278 2684 609 2760 explicandis
635 2685 937 2741 rationibus
969 2701 1155 2740 rerum
1182 2684 1426 2740 civilium
1455 2685 1746 2758 quamdam
1779 2687 1946 2744 sacul-

12 2842 13 2847 ,
106 2793 279 2847 tatem
294 2812 323 2852 ,*
349 2802 456 2844 non
481 2786 640 2841 modo
660 2802 763 2841 usu
778 2828 793 2851 ,
833 2785 927 2841 sed
952 2786 1119 2841 etiam
1144 2784 1326 2840 studio
1348 2783 1590 2839 discendi
1616 2793 1671 2841 et
1697 2787 1943 2845 doctrina

11 2860 15 2926 ἶ
105 2901 347 2942 essemus
402 2885 616 2958 adepti;
675 2902 842 2958 quum
882 2887 1187 2958 superiores
1238 2884 1329 2939 alii
1390 2883 1620 2941 fuissent
1658 2888 1715 2941 in
1759 2887 1941 2961 dispu-

11 2973 16 3027 Ῠ
104 2986 402 3044 tationibus
429 2985 704 3059 perpoliti,
743 3001 974 3058 quorum
1006 3002 1095 3041 res
1126 2991 1308 3057 gestae
1337 2983 1516 3039 nullae
1542 2986 1941 3050 invenirentur;

107 3088 199 3144 alii
242 3088 308 3143 in
348 3085 582 3161 gerendo
619 3085 949 3159 prohabileS,
989 3087 1046 3140 in
1078 3085 1389 3141 disserendo
1428 3085 1607 3142 rudeS.
1661 3087 1770 3142 Nec
1813 3104 1940 3145 vero

105 3187 288 3245 nostra
327 3188 592 3262 quaedam
640 3187 974 3243 instituenda
1019 3187 1124 3243 fuit
1162 3204 1296 3242 nova
1343 3194 1396 3241 et
1448 3203 1479 3240 a
1522 3186 1674 3243 nohis
1720 3189 1939 3247 inventa

167 3462 202 3516 ²)
235 3459 287 3520 de
320 3459 502 3503 Divinat.
535 3462 590 3503 ΙΙ.
624 3473 659 3501 c.
684 3462 718 3501 l.
750 3458 834 3513 §3.
869 3483 927 3490 ——-
962 3460 1140 3513 ⁹)'l'usc.
1172 3460 1242 3500 lv.
1278 3472 1311 3498 c.
1341 3459 1378 3498 1.
1408 3456 1430 3511 §
1458 3458 1492 3498 l.
1523 3481 1580 3487 —
1614 3457 1654 3513 ⁵)
1687 3455 1739 3499 de
1758 3457 1930 3501 Divinat

101 3537 156 3579 lt.
190 3540 284 3583 c.1.
321 3537 409 3593 §3.
447 3564 501 3570 —-
535 3539 576 3593 4)
610 3536 661 3579 de
698 3538 796 3595 llep.
835 3538 862 3578 Ι.
899 3550 932 3578 (·.
967 3539 1005 3579 7.
1040 3538 1152 3592 §12

356 3600 365 3611 ⁸
1521 3608 1575 3654 31
