<?xml version="1.0" encoding="UTF-8"?>
<!DOCTYPE html PUBLIC "-//W3C//DTD XHTML 1.0 Transitional//EN"
    "http://www.w3.org/TR/xhtml1/DTD/xhtml1-transitional.dtd">
<html xmlns="http://www.w3.org/1999/xhtml" xml:lang="en" lang="en">
 <head>
  <title>
</title>
<meta http-equiv="Content-Type" content="text/html;charset=utf-8" />
  <meta name='ocr-system' content='tesseract 3.04.00' />
  <meta name='ocr-capabilities' content='ocr_page ocr_carea ocr_par ocr_line ocrx_word'/>
</head>
<body>
  <div class='ocr_page' id='page_1' title='image "./mtulliiciceronis00suriuoft/mtulliiciceronis00suriuoft_0868.png"; bbox 0 0 2210 3970; ppageno 0'>
   <div class='ocr_carea' id='block_1_1' title="bbox 258 195 1636 249">
    <p class='ocr_par' dir='ltr' id='par_1_1' title="bbox 258 195 1636 249">
     <span class='ocr_line' id='line_1_1' title="bbox 258 195 1636 249; baseline -0.001 -3"><span class='ocrx_word' id='word_1_1' title='bbox 258 195 365 249; x_wconf 70' lang='lat'><strong>842</strong></span> <span class='ocrx_word' id='word_1_2' title='bbox 690 204 1636 244; x_wconf 74' lang='lat' dir='ltr'><strong>FUNDANIUs—HISPANIA.</strong></span> 
     </span>
    </p>
   </div>
   <div class='ocr_carea' id='block_1_2' title="bbox 258 342 2096 596">
    <p class='ocr_par' dir='ltr' id='par_1_2' title="bbox 258 342 2096 530">
     <span class='ocr_line' id='line_1_2' title="bbox 327 342 1493 397; baseline -0.002 -10"><span class='ocrx_word' id='word_1_3' title='bbox 327 344 378 387; x_wconf 70' lang='lat' dir='ltr'><strong>H.</strong></span> <span class='ocrx_word' id='word_1_4' title='bbox 413 342 717 386; x_wconf 73' lang='lat' dir='ltr'><strong>Fundanius</strong></span> <span class='ocrx_word' id='word_1_5' title='bbox 750 355 775 382; x_wconf 84' lang='lat' dir='ltr'><strong>a</strong></span> <span class='ocrx_word' id='word_1_6' title='bbox 807 342 1007 384; x_wconf 77' lang='lat' dir='ltr'>Cicerone</span> <span class='ocrx_word' id='word_1_7' title='bbox 1038 342 1280 386; x_wconf 78' lang='lat' dir='ltr'><strong>defenditur</strong></span> <span class='ocrx_word' id='word_1_8' title='bbox 1314 357 1356 397; x_wconf 81' lang='lat' dir='ltr'><strong>p.</strong></span> <span class='ocrx_word' id='word_1_9' title='bbox 1385 344 1493 386; x_wconf 88' lang='grc'><strong>598.</strong></span> 
     </span>
     <span class='ocr_line' id='line_1_3' title="bbox 258 379 2096 463; baseline 0.002 -13"><span class='ocrx_word' id='word_1_10' title='bbox 258 443 260 445; x_wconf 61' lang='grc'><strong>,</strong></span> <span class='ocrx_word' id='word_1_11' title='bbox 330 410 522 451; x_wconf 83' lang='lat' dir='ltr'><strong>Furius</strong></span> <span class='ocrx_word' id='word_1_12' title='bbox 555 410 793 463; x_wconf 73' lang='lat' dir='ltr'><strong>Crassipes,</strong></span> <span class='ocrx_word' id='word_1_13' title='bbox 827 421 1011 462; x_wconf 87' lang='lat' dir='ltr'><strong>sponsus</strong></span> <span class='ocrx_word' id='word_1_14' title='bbox 1045 409 1204 451; x_wconf 77' lang='lat' dir='ltr'><strong>Tulliae</strong></span> <span class='ocrx_word' id='word_1_15' title='bbox 1241 408 1350 453; x_wconf 93' lang='grc'><strong>705.</strong></span> <span class='ocrx_word' id='word_1_16' title='bbox 1384 411 1430 453; x_wconf 86' lang='lat' dir='ltr'><strong>in</strong></span> <span class='ocrx_word' id='word_1_17' title='bbox 1462 409 1593 452; x_wconf 72' lang='lat' dir='ltr'><strong>huius</strong></span> <span class='ocrx_word' id='word_1_18' title='bbox 1625 408 1762 452; x_wconf 78' lang='lat' dir='ltr'><strong>hortis</strong></span> <span class='ocrx_word' id='word_1_19' title='bbox 1790 379 1964 452; x_wconf 80' lang='lat' dir='ltr'><strong>Crassus</strong></span> <span class='ocrx_word' id='word_1_20' title='bbox 2002 426 2096 454; x_wconf 81' lang='lat' dir='ltr'><strong>coe·-</strong></span> 
     </span>
     <span class='ocr_line' id='line_1_4' title="bbox 263 473 934 530; baseline -0.003 -11"><span class='ocrx_word' id='word_1_21' title='bbox 263 477 381 519; x_wconf 83' lang='lat' dir='ltr'><strong>navit</strong></span> <span class='ocrx_word' id='word_1_22' title='bbox 410 475 524 530; x_wconf 88' lang='lat' dir='ltr'><strong>apud</strong></span> <span class='ocrx_word' id='word_1_23' title='bbox 551 476 794 517; x_wconf 80' lang='lat' dir='ltr'>Ciceronem</span> <span class='ocrx_word' id='word_1_24' title='bbox 825 473 934 517; x_wconf 89' lang='grc'><strong>705.</strong></span> 
     </span>
    </p>

    <p class='ocr_par' dir='ltr' id='par_1_3' title="bbox 327 511 1865 596">
     <span class='ocr_line' id='line_1_5' title="bbox 327 511 1865 596; baseline 0.001 -13"><span class='ocrx_word' id='word_1_25' title='bbox 327 543 371 584; x_wconf 87' lang='lat' dir='ltr'><strong>C.</strong></span> <span class='ocrx_word' id='word_1_26' title='bbox 406 543 633 586; x_wconf 80' lang='lat' dir='ltr'>Furnius</span> <span class='ocrx_word' id='word_1_27' title='bbox 666 556 692 583; x_wconf 88' lang='lat' dir='ltr'><strong>a</strong></span> <span class='ocrx_word' id='word_1_28' title='bbox 725 543 896 584; x_wconf 77' lang='lat' dir='ltr'>Caesare</span> <span class='ocrx_word' id='word_1_29' title='bbox 930 542 1152 595; x_wconf 76' lang='lat' dir='ltr'><strong>epistolam</strong></span> <span class='ocrx_word' id='word_1_30' title='bbox 1191 543 1351 596; x_wconf 77' lang='lat' dir='ltr'>perfert</span> <span class='ocrx_word' id='word_1_31' title='bbox 1386 541 1443 583; x_wconf 74' lang='lat' dir='ltr'><strong>ad</strong></span> <span class='ocrx_word' id='word_1_32' title='bbox 1472 511 1719 585; x_wconf 80' lang='lat' dir='ltr'><strong>Ciceronem</strong></span> <span class='ocrx_word' id='word_1_33' title='bbox 1755 541 1865 586; x_wconf 75' lang='grc'><strong>748.</strong></span> 
     </span>
    </p>
   </div>
   <div class='ocr_carea' id='block_1_3' title="bbox 267 674 2121 2596">
    <p class='ocr_par' dir='ltr' id='par_1_4' title="bbox 331 674 1932 728">
     <span class='ocr_line' id='line_1_6' title="bbox 331 674 1932 728; baseline 0.002 -14"><span class='ocrx_word' id='word_1_34' title='bbox 331 676 376 716; x_wconf 89' lang='lat' dir='ltr'><strong>P.</strong></span> <span class='ocrx_word' id='word_1_35' title='bbox 413 674 669 714; x_wconf 84' lang='lat' dir='ltr'>Gabinius</span> <span class='ocrx_word' id='word_1_36' title='bbox 704 674 892 721; x_wconf 83' lang='lat' dir='ltr'>Cimber,</span> <span class='ocrx_word' id='word_1_37' title='bbox 928 675 1068 714; x_wconf 90' lang='lat' dir='ltr'><strong>socius</strong></span> <span class='ocrx_word' id='word_1_38' title='bbox 1103 674 1336 726; x_wconf 83' lang='lat' dir='ltr'><strong>Catilinae,</strong></span> <span class='ocrx_word' id='word_1_39' title='bbox 1370 674 1579 728; x_wconf 84' lang='lat' dir='ltr'><strong>supplicio</strong></span> <span class='ocrx_word' id='word_1_40' title='bbox 1612 676 1791 717; x_wconf 76' lang='lat' dir='ltr'><strong>affectus</strong></span> <span class='ocrx_word' id='word_1_41' title='bbox 1823 675 1932 718; x_wconf 88' lang='grc'><strong>689.</strong></span> 
     </span>
    </p>

    <p class='ocr_par' dir='ltr' id='par_1_5' title="bbox 267 729 2106 1060">
     <span class='ocr_line' id='line_1_7' title="bbox 332 729 2100 798; baseline 0.003 -18"><span class='ocrx_word' id='word_1_42' title='bbox 332 741 381 782; x_wconf 77' lang='grc' dir='ltr'><strong>Α.</strong></span> <span class='ocrx_word' id='word_1_43' title='bbox 418 741 700 791; x_wconf 74' lang='lat' dir='ltr'><strong>Gabinius,</strong></span> <span class='ocrx_word' id='word_1_44' title='bbox 747 753 835 782; x_wconf 60' lang='grc' dir='ltr'><strong>ω..</strong></span> <span class='ocrx_word' id='word_1_45' title='bbox 872 729 926 796; x_wconf 74' lang='lat' dir='ltr'><strong>(a.</strong></span> <span class='ocrx_word' id='word_1_46' title='bbox 962 731 1074 798; x_wconf 81' lang='grc'><strong>696)</strong></span> <span class='ocrx_word' id='word_1_47' title='bbox 1111 741 1220 782; x_wconf 80' lang='grc'><strong>663.</strong></span> <span class='ocrx_word' id='word_1_48' title='bbox 1268 741 1450 783; x_wconf 76' lang='lat' dir='ltr'><strong>crudelis</strong></span> <span class='ocrx_word' id='word_1_49' title='bbox 1481 742 1528 782; x_wconf 73' lang='lat' dir='ltr'><strong>in</strong></span> <span class='ocrx_word' id='word_1_50' title='bbox 1573 742 1817 783; x_wconf 67' lang='lat' dir='ltr'><strong>Ciceronem</strong></span> <span class='ocrx_word' id='word_1_51' title='bbox 1853 743 1962 784; x_wconf 79' lang='lat'><strong>664.</strong></span> <span class='ocrx_word' id='word_1_52' title='bbox 1991 742 2100 785; x_wconf 82' lang='grc'><strong>666.</strong></span> 
     </span>
     <span class='ocr_line' id='line_1_8' title="bbox 269 807 2104 861; baseline 0.001 -12"><span class='ocrx_word' id='word_1_53' title='bbox 269 807 380 849; x_wconf 88' lang='grc'><strong>669.</strong></span> <span class='ocrx_word' id='word_1_54' title='bbox 417 807 702 861; x_wconf 82' lang='lat' dir='ltr'><strong>proficiscitur</strong></span> <span class='ocrx_word' id='word_1_55' title='bbox 734 807 780 848; x_wconf 86' lang='lat' dir='ltr'><strong>in</strong></span> <span class='ocrx_word' id='word_1_56' title='bbox 814 807 973 860; x_wconf 81' lang='lat' dir='ltr'>Syriam</span> <span class='ocrx_word' id='word_1_57' title='bbox 1002 808 1110 849; x_wconf 93' lang='grc'><strong>680.</strong></span> <span class='ocrx_word' id='word_1_58' title='bbox 1145 807 1260 848; x_wconf 85' lang='lat' dir='ltr'><strong>unde</strong></span> <span class='ocrx_word' id='word_1_59' title='bbox 1288 808 1437 861; x_wconf 88' lang='lat' dir='ltr'><strong>ipsum.</strong></span> <span class='ocrx_word' id='word_1_60' title='bbox 1459 809 1744 849; x_wconf 80' lang='lat' dir='ltr'><strong>revocandum</strong></span> <span class='ocrx_word' id='word_1_61' title='bbox 1777 814 1927 850; x_wconf 85' lang='lat' dir='ltr'><strong>censet</strong></span> <span class='ocrx_word' id='word_1_62' title='bbox 1958 811 2104 850; x_wconf 89' lang='lat' dir='ltr'><strong>Cicero</strong></span> 
     </span>
     <span class='ocr_line' id='line_1_9' title="bbox 267 873 2105 929; baseline 0 -14"><span class='ocrx_word' id='word_1_63' title='bbox 267 875 382 915; x_wconf 87' lang='grc'><strong>698.</strong></span> <span class='ocrx_word' id='word_1_64' title='bbox 417 875 538 914; x_wconf 89' lang='lat' dir='ltr'><strong>iussu</strong></span> <span class='ocrx_word' id='word_1_65' title='bbox 566 874 752 927; x_wconf 86' lang='lat' dir='ltr'><strong>Pompeii</strong></span> <span class='ocrx_word' id='word_1_66' title='bbox 780 874 1063 916; x_wconf 76' lang='lat' dir='ltr'><strong>Ptolemaeum</strong></span> <span class='ocrx_word' id='word_1_67' title='bbox 1091 874 1257 915; x_wconf 85' lang='lat' dir='ltr'><strong>reducit</strong></span> <span class='ocrx_word' id='word_1_68' title='bbox 1289 874 1335 913; x_wconf 89' lang='lat' dir='ltr'><strong>in</strong></span> <span class='ocrx_word' id='word_1_69' title='bbox 1363 886 1542 925; x_wconf 72' lang='lat' dir='ltr'><strong>regnum</strong></span> <span class='ocrx_word' id='word_1_70' title='bbox 1574 874 1756 928; x_wconf 76' lang='lat' dir='ltr'><strong>Aegypti</strong></span> <span class='ocrx_word' id='word_1_71' title='bbox 1791 873 1900 917; x_wconf 75' lang='lat'><strong>702.</strong></span> <span class='ocrx_word' id='word_1_72' title='bbox 1934 888 1960 915; x_wconf 86' lang='lat' dir='ltr'><strong>e</strong></span> <span class='ocrx_word' id='word_1_73' title='bbox 1976 877 2105 929; x_wconf 32' lang='lat' dir='ltr'><strong>*Syria</strong></span> 
     </span>
     <span class='ocr_line' id='line_1_10' title="bbox 267 934 2106 995; baseline 0.001 -15"><span class='ocrx_word' id='word_1_74' title='bbox 267 941 400 980; x_wconf 81' lang='lat' dir='ltr'><strong>redux</strong></span> <span class='ocrx_word' id='word_1_75' title='bbox 416 969 448 992; x_wconf 86' lang='lat'><strong>‚.</strong></span> <span class='ocrx_word' id='word_1_76' title='bbox 473 939 804 992; x_wconf 85' lang='lat' dir='ltr'><strong>repetundarum</strong></span> <span class='ocrx_word' id='word_1_77' title='bbox 848 944 1070 981; x_wconf 85' lang='lat' dir='ltr'><strong>accusatus</strong></span> <span class='ocrx_word' id='word_1_78' title='bbox 1084 969 1097 991; x_wconf 89' lang='lat'><strong>,</strong></span> <span class='ocrx_word' id='word_1_79' title='bbox 1131 953 1156 981; x_wconf 86' lang='lat' dir='ltr'><strong>a</strong></span> <span class='ocrx_word' id='word_1_80' title='bbox 1188 934 1389 982; x_wconf 81' lang='lat' dir='ltr'><strong>Cicerone</strong></span> <span class='ocrx_word' id='word_1_81' title='bbox 1420 940 1663 982; x_wconf 78' lang='lat' dir='ltr'><strong>defenditur</strong></span> <span class='ocrx_word' id='word_1_82' title='bbox 1699 939 1808 984; x_wconf 88' lang='grc'><strong>710.</strong></span> <span class='ocrx_word' id='word_1_83' title='bbox 1853 942 1899 982; x_wconf 86' lang='lat' dir='ltr'><strong>in</strong></span> <span class='ocrx_word' id='word_1_84' title='bbox 1937 942 2106 995; x_wconf 80' lang='lat' dir='ltr'><strong>Illyrico</strong></span> 
     </span>
     <span class='ocr_line' id='line_1_11' title="bbox 268 1004 1542 1060; baseline 0.001 -13"><span class='ocrx_word' id='word_1_85' title='bbox 268 1007 460 1047; x_wconf 77' lang='lat' dir='ltr'><strong>devictus</strong></span> <span class='ocrx_word' id='word_1_86' title='bbox 496 1006 648 1059; x_wconf 83' lang='lat' dir='ltr'>recipit</span> <span class='ocrx_word' id='word_1_87' title='bbox 675 1019 721 1045; x_wconf 92' lang='lat' dir='ltr'><strong>se</strong></span> <span class='ocrx_word' id='word_1_88' title='bbox 754 1006 970 1058; x_wconf 88' lang='lat' dir='ltr'><strong>Salonam,</strong></span> <span class='ocrx_word' id='word_1_89' title='bbox 1004 1006 1079 1046; x_wconf 88' lang='lat' dir='ltr'><strong>ubi</strong></span> <span class='ocrx_word' id='word_1_90' title='bbox 1106 1006 1252 1046; x_wconf 87' lang='lat' dir='ltr'><strong>morbo</strong></span> <span class='ocrx_word' id='word_1_91' title='bbox 1285 1007 1398 1060; x_wconf 83' lang='lat' dir='ltr'><strong>perit</strong></span> <span class='ocrx_word' id='word_1_92' title='bbox 1432 1004 1542 1050; x_wconf 79' lang='grc'><strong>754.</strong></span> 
     </span>
    </p>

    <p class='ocr_par' dir='ltr' id='par_1_6' title="bbox 336 1072 831 1126">
     <span class='ocr_line' id='line_1_12' title="bbox 336 1072 831 1126; baseline 0 -13"><span class='ocrx_word' id='word_1_93' title='bbox 336 1072 499 1113; x_wconf 80' lang='lat' dir='ltr'><strong>Galba</strong></span> <span class='ocrx_word' id='word_1_94' title='bbox 532 1085 573 1113; x_wconf 78' lang='lat' dir='ltr'><strong>v,</strong></span> <span class='ocrx_word' id='word_1_95' title='bbox 607 1072 831 1126; x_wconf 81' lang='lat' dir='ltr'><strong>SulpiciuS.</strong></span> 
     </span>
    </p>

    <p class='ocr_par' dir='ltr' id='par_1_7' title="bbox 270 1138 2107 1380">
     <span class='ocr_line' id='line_1_13' title="bbox 339 1138 2107 1193; baseline 0.002 -15"><span class='ocrx_word' id='word_1_96' title='bbox 339 1139 510 1179; x_wconf 90' lang='lat' dir='ltr'><strong>Gallia</strong></span> <span class='ocrx_word' id='word_1_97' title='bbox 554 1139 771 1192; x_wconf 82' lang='lat' dir='ltr'><strong>provincia</strong></span> <span class='ocrx_word' id='word_1_98' title='bbox 804 1139 884 1178; x_wconf 91' lang='lat' dir='ltr'><strong>sub</strong></span> <span class='ocrx_word' id='word_1_99' title='bbox 921 1139 996 1179; x_wconf 88' lang='lat' dir='ltr'><strong>Cn.</strong></span> <span class='ocrx_word' id='word_1_100' title='bbox 1027 1139 1190 1193; x_wconf 86' lang='lat' dir='ltr'><strong>Papirio</strong></span> <span class='ocrx_word' id='word_1_101' title='bbox 1223 1138 1411 1179; x_wconf 80' lang='lat' dir='ltr'><strong>Carbone</strong></span> <span class='ocrx_word' id='word_1_102' title='bbox 1444 1139 1557 1181; x_wconf 85' lang='grc'><strong>559.</strong></span> <span class='ocrx_word' id='word_1_103' title='bbox 1584 1139 1669 1181; x_wconf 69' lang='lat' dir='ltr'><strong>sub</strong></span> <span class='ocrx_word' id='word_1_104' title='bbox 1700 1140 1753 1182; x_wconf 74' lang='grc' dir='ltr'><strong>Π.</strong></span> <span class='ocrx_word' id='word_1_105' title='bbox 1787 1141 1962 1180; x_wconf 77' lang='lat' dir='ltr'><strong>Fonteio</strong></span> <span class='ocrx_word' id='word_1_106' title='bbox 1997 1141 2107 1182; x_wconf 89' lang='grc'><strong>589.</strong></span> 
     </span>
     <span class='ocr_line' id='line_1_14' title="bbox 270 1192 2107 1264; baseline -0.001 -14"><span class='ocrx_word' id='word_1_107' title='bbox 270 1219 364 1250; x_wconf 74' lang='lat' dir='ltr'><strong>eam</strong></span> <span class='ocrx_word' id='word_1_108' title='bbox 391 1192 650 1264; x_wconf 76' lang='lat' dir='ltr'><strong>provinciam</strong></span> <span class='ocrx_word' id='word_1_109' title='bbox 682 1206 728 1246; x_wconf 91' lang='lat' dir='ltr'><strong>in</strong></span> <span class='ocrx_word' id='word_1_110' title='bbox 757 1206 962 1247; x_wconf 82' lang='lat' dir='ltr'><strong>concione</strong></span> <span class='ocrx_word' id='word_1_111' title='bbox 991 1205 1178 1261; x_wconf 18' lang='lat' dir='ltr'><strong>deponit,</strong></span> <span class='ocrx_word' id='word_1_112' title='bbox 1194 1205 1338 1247; x_wconf 83' lang='lat' dir='ltr'><strong>Cicero</strong></span> <span class='ocrx_word' id='word_1_113' title='bbox 1360 1209 1406 1247; x_wconf 82' lang='lat' dir='ltr'><strong>et</strong></span> <span class='ocrx_word' id='word_1_114' title='bbox 1431 1206 1628 1247; x_wconf 84' lang='lat' dir='ltr'><strong>concedit</strong></span> <span class='ocrx_word' id='word_1_115' title='bbox 1653 1207 1822 1247; x_wconf 70' lang='lat' dir='ltr'><strong>Ietello</strong></span> <span class='ocrx_word' id='word_1_116' title='bbox 1842 1207 1975 1248; x_wconf 81' lang='lat' dir='ltr'><strong>Celeri</strong></span> <span class='ocrx_word' id='word_1_117' title='bbox 1998 1207 2107 1248; x_wconf 85' lang='grc'><strong>613.</strong></span> 
     </span>
     <span class='ocr_line' id='line_1_15' title="bbox 274 1271 2107 1325; baseline 0.001 -13"><span class='ocrx_word' id='word_1_118' title='bbox 274 1273 355 1312; x_wconf 89' lang='lat' dir='ltr'><strong>sub</strong></span> <span class='ocrx_word' id='word_1_119' title='bbox 392 1273 435 1313; x_wconf 90' lang='lat' dir='ltr'><strong>C.</strong></span> <span class='ocrx_word' id='word_1_120' title='bbox 465 1272 702 1325; x_wconf 88' lang='lat' dir='ltr'><strong>Pomptinio</strong></span> <span class='ocrx_word' id='word_1_121' title='bbox 731 1271 840 1313; x_wconf 84' lang='lat'><strong>654.</strong></span> <span class='ocrx_word' id='word_1_122' title='bbox 888 1272 968 1313; x_wconf 87' lang='lat' dir='ltr'><strong>sub</strong></span> <span class='ocrx_word' id='word_1_123' title='bbox 1002 1273 1045 1313; x_wconf 90' lang='lat' dir='ltr'><strong>C.</strong></span> <span class='ocrx_word' id='word_1_124' title='bbox 1075 1273 1183 1313; x_wconf 91' lang='lat' dir='ltr'><strong>Iulio</strong></span> <span class='ocrx_word' id='word_1_125' title='bbox 1216 1273 1389 1312; x_wconf 80' lang='lat' dir='ltr'><strong>Caesare</strong></span> <span class='ocrx_word' id='word_1_126' title='bbox 1426 1271 1535 1315; x_wconf 90' lang='grc'><strong>660.</strong></span> <span class='ocrx_word' id='word_1_127' title='bbox 1570 1273 1652 1314; x_wconf 85' lang='lat' dir='ltr'><strong>sub</strong></span> <span class='ocrx_word' id='word_1_128' title='bbox 1672 1274 1791 1315; x_wconf 76' lang='lat' dir='ltr'><strong>&#39;&#39;Dec-</strong></span> <span class='ocrx_word' id='word_1_129' title='bbox 1832 1275 1962 1314; x_wconf 76' lang='lat' dir='ltr'><strong>Bruto</strong></span> <span class='ocrx_word' id='word_1_130' title='bbox 1999 1272 2107 1316; x_wconf 81' lang='grc'><strong>797.</strong></span> 
     </span>
     <span class='ocr_line' id='line_1_16' title="bbox 272 1337 1993 1380; baseline -0.002 -1"><span class='ocrx_word' id='word_1_131' title='bbox 272 1339 353 1379; x_wconf 89' lang='lat' dir='ltr'><strong>sub</strong></span> <span class='ocrx_word' id='word_1_132' title='bbox 381 1339 432 1378; x_wconf 80' lang='lat' dir='ltr'><strong>M.</strong></span> <span class='ocrx_word' id='word_1_133' title='bbox 459 1338 644 1378; x_wconf 86' lang='lat' dir='ltr'><strong>Antonio</strong></span> <span class='ocrx_word' id='word_1_134' title='bbox 676 1337 803 1380; x_wconf 58' lang='lat'><strong>798-</strong></span> <span class='ocrx_word' id='word_1_135' title='bbox 1989 1372 1993 1376; x_wconf 90' lang='lat'><strong>.</strong></span> 
     </span>
    </p>

    <p class='ocr_par' dir='ltr' id='par_1_8' title="bbox 339 1405 1557 1459">
     <span class='ocr_line' id='line_1_17' title="bbox 339 1405 1557 1459; baseline 0 -13"><span class='ocrx_word' id='word_1_136' title='bbox 339 1405 479 1446; x_wconf 89' lang='lat' dir='ltr'><strong>Galli</strong></span> <span class='ocrx_word' id='word_1_137' title='bbox 512 1405 842 1459; x_wconf 83' lang='lat' dir='ltr'><strong>repetundarum</strong></span> <span class='ocrx_word' id='word_1_138' title='bbox 874 1410 1079 1447; x_wconf 81' lang='lat' dir='ltr'><strong>accusant</strong></span> <span class='ocrx_word' id='word_1_139' title='bbox 1110 1405 1162 1447; x_wconf 80' lang='lat'><strong>1.</strong></span> <span class='ocrx_word' id='word_1_140' title='bbox 1190 1406 1412 1447; x_wconf 77' lang='lat' dir='ltr'><strong>Fonteium</strong></span> <span class='ocrx_word' id='word_1_141' title='bbox 1449 1405 1557 1447; x_wconf 81' lang='grc'><strong>589.</strong></span> 
     </span>
    </p>

    <p class='ocr_par' dir='ltr' id='par_1_9' title="bbox 278 1472 2111 1581">
     <span class='ocr_line' id='line_1_18' title="bbox 342 1472 2111 1527; baseline 0.001 -16"><span class='ocrx_word' id='word_1_142' title='bbox 342 1472 538 1512; x_wconf 85' lang='lat' dir='ltr'>Gallici</span> <span class='ocrx_word' id='word_1_143' title='bbox 571 1472 674 1511; x_wconf 86' lang='lat' dir='ltr'><strong>belli</strong></span> <span class='ocrx_word' id='word_1_144' title='bbox 707 1477 846 1515; x_wconf 88' lang='lat' dir='ltr'><strong>metus</strong></span> <span class='ocrx_word' id='word_1_145' title='bbox 891 1473 1028 1514; x_wconf 86' lang='lat' dir='ltr'><strong>oritur</strong></span> <span class='ocrx_word' id='word_1_146' title='bbox 1058 1473 1212 1513; x_wconf 82' lang='lat' dir='ltr'><strong>Romae</strong></span> <span class='ocrx_word' id='word_1_147' title='bbox 1247 1472 1358 1514; x_wconf 87' lang='grc'><strong>655.</strong></span> <span class='ocrx_word' id='word_1_148' title='bbox 1403 1473 1572 1514; x_wconf 84' lang='lat' dir='ltr'><strong>initium</strong></span> <span class='ocrx_word' id='word_1_149' title='bbox 1603 1472 1707 1516; x_wconf 87' lang='lat' dir='ltr'><strong>belli</strong></span> <span class='ocrx_word' id='word_1_150' title='bbox 1739 1486 1765 1514; x_wconf 86' lang='lat' dir='ltr'><strong>a</strong></span> <span class='ocrx_word' id='word_1_151' title='bbox 1795 1473 1969 1514; x_wconf 79' lang='lat' dir='ltr'><strong>Caesare</strong></span> <span class='ocrx_word' id='word_1_152' title='bbox 2002 1472 2111 1527; x_wconf 71' lang='lat' dir='ltr'><strong>gesti</strong></span> 
     </span>
     <span class='ocr_line' id='line_1_19' title="bbox 278 1538 928 1581; baseline 0.005 -4"><span class='ocrx_word' id='word_1_153' title='bbox 278 1538 387 1581; x_wconf 87' lang='grc'><strong>671.</strong></span> <span class='ocrx_word' id='word_1_154' title='bbox 422 1538 522 1577; x_wconf 87' lang='lat' dir='ltr'><strong>finis</strong></span> <span class='ocrx_word' id='word_1_155' title='bbox 555 1539 648 1578; x_wconf 88' lang='lat' dir='ltr'><strong>eius</strong></span> <span class='ocrx_word' id='word_1_156' title='bbox 681 1538 784 1578; x_wconf 89' lang='lat' dir='ltr'><strong>belli</strong></span> <span class='ocrx_word' id='word_1_157' title='bbox 819 1538 928 1581; x_wconf 83' lang='lat'><strong>733.</strong></span> 
     </span>
    </p>

    <p class='ocr_par' dir='ltr' id='par_1_10' title="bbox 269 1604 1339 1658">
     <span class='ocr_line' id='line_1_20' title="bbox 269 1604 1339 1658; baseline 0.004 -14"><span class='ocrx_word' id='word_1_158' title='bbox 269 1642 271 1644; x_wconf 87' lang='lat'><strong>.</strong></span> <span class='ocrx_word' id='word_1_159' title='bbox 339 1607 390 1658; x_wconf 86' lang='lat' dir='ltr'><strong>Q.</strong></span> <span class='ocrx_word' id='word_1_160' title='bbox 423 1605 630 1646; x_wconf 88' lang='lat' dir='ltr'><strong>Gallius</strong></span> <span class='ocrx_word' id='word_1_161' title='bbox 661 1618 685 1646; x_wconf 85' lang='lat' dir='ltr'><strong>a</strong></span> <span class='ocrx_word' id='word_1_162' title='bbox 717 1605 917 1646; x_wconf 86' lang='lat' dir='ltr'><strong>Cicerone</strong></span> <span class='ocrx_word' id='word_1_163' title='bbox 949 1606 1193 1647; x_wconf 82' lang='lat' dir='ltr'><strong>defenditur</strong></span> <span class='ocrx_word' id='word_1_164' title='bbox 1229 1604 1339 1648; x_wconf 88' lang='grc'><strong>607.</strong></span> 
     </span>
    </p>

    <p class='ocr_par' dir='ltr' id='par_1_11' title="bbox 277 1661 2113 1792">
     <span class='ocr_line' id='line_1_21' title="bbox 340 1661 2113 1729; baseline 0.001 -18"><span class='ocrx_word' id='word_1_165' title='bbox 340 1672 384 1712; x_wconf 87' lang='lat' dir='ltr'><strong>L.</strong></span> <span class='ocrx_word' id='word_1_166' title='bbox 420 1671 628 1714; x_wconf 81' lang='lat' dir='ltr'><strong>Gellius</strong></span> <span class='ocrx_word' id='word_1_167' title='bbox 664 1672 900 1725; x_wconf 73' lang='lat' dir='ltr'><strong>Poplicola,</strong></span> <span class='ocrx_word' id='word_1_168' title='bbox 935 1685 1022 1714; x_wconf 58' lang='grc' dir='ltr'><strong>ωε.</strong></span> <span class='ocrx_word' id='word_1_169' title='bbox 1058 1661 1114 1729; x_wconf 71' lang='lat' dir='ltr'><strong>(a.</strong></span> <span class='ocrx_word' id='word_1_170' title='bbox 1141 1662 1256 1728; x_wconf 78' lang='lat'>682)</span> <span class='ocrx_word' id='word_1_171' title='bbox 1293 1673 1403 1714; x_wconf 79' lang='lat'><strong>582.</strong></span> <span class='ocrx_word' id='word_1_172' title='bbox 1433 1673 1613 1722; x_wconf 65' lang='lat' dir='ltr'><strong>mmm</strong></span> <span class='ocrx_word' id='word_1_173' title='bbox 1646 1672 1844 1715; x_wconf 72' lang='lat' dir='ltr'><strong>laudibus</strong></span> <span class='ocrx_word' id='word_1_174' title='bbox 1868 1673 1999 1713; x_wconf 68' lang='lat' dir='ltr'><strong>effert</strong></span> <span class='ocrx_word' id='word_1_175' title='bbox 2013 1684 2113 1713; x_wconf 87' lang='lat' dir='ltr'><strong>oon·</strong></span> 
     </span>
     <span class='ocr_line' id='line_1_22' title="bbox 277 1730 1966 1792; baseline 0 -13"><span class='ocrx_word' id='word_1_176' title='bbox 277 1739 462 1779; x_wconf 85' lang='lat' dir='ltr'><strong>sulatum</strong></span> <span class='ocrx_word' id='word_1_177' title='bbox 496 1730 709 1780; x_wconf 76' lang='lat' dir='ltr'><strong>Ciceronis</strong></span> <span class='ocrx_word' id='word_1_178' title='bbox 741 1738 852 1780; x_wconf 79' lang='lat'><strong>641.</strong></span> <span class='ocrx_word' id='word_1_179' title='bbox 887 1739 1025 1792; x_wconf 74' lang='lat' dir='ltr'><strong>legem</strong></span> <span class='ocrx_word' id='word_1_180' title='bbox 1055 1739 1207 1781; x_wconf 79' lang='lat' dir='ltr'><strong>suadet</strong></span> <span class='ocrx_word' id='word_1_181' title='bbox 1238 1739 1292 1780; x_wconf 88' lang='lat' dir='ltr'><strong>de</strong></span> <span class='ocrx_word' id='word_1_182' title='bbox 1324 1739 1590 1781; x_wconf 83' lang='lat' dir='ltr'><strong>restituendo</strong></span> <span class='ocrx_word' id='word_1_183' title='bbox 1618 1740 1819 1781; x_wconf 80' lang='lat' dir='ltr'><strong>Cicerone</strong></span> <span class='ocrx_word' id='word_1_184' title='bbox 1855 1739 1966 1780; x_wconf 87' lang='grc'><strong>688.</strong></span> 
     </span>
    </p>

    <p class='ocr_par' dir='ltr' id='par_1_12' title="bbox 342 1804 1004 1852">
     <span class='ocr_line' id='line_1_23' title="bbox 342 1804 1004 1852; baseline 0.003 -7"><span class='ocrx_word' id='word_1_185' title='bbox 342 1804 505 1845; x_wconf 85' lang='lat' dir='ltr'><strong>Gibba</strong></span> <span class='ocrx_word' id='word_1_186' title='bbox 537 1818 581 1848; x_wconf 75' lang='lat' dir='ltr'><strong>v·</strong></span> <span class='ocrx_word' id='word_1_187' title='bbox 610 1806 830 1852; x_wconf 73' lang='lat' dir='ltr'><strong>Terentius</strong></span> <span class='ocrx_word' id='word_1_188' title='bbox 859 1806 1004 1847; x_wconf 83' lang='lat' dir='ltr'><strong>Varro.</strong></span> 
     </span>
    </p>

    <p class='ocr_par' dir='ltr' id='par_1_13' title="bbox 342 1871 841 1912">
     <span class='ocr_line' id='line_1_24' title="bbox 342 1871 841 1912; baseline -0.002 0"><span class='ocrx_word' id='word_1_189' title='bbox 342 1871 558 1912; x_wconf 88' lang='lat' dir='ltr'><strong>Glabrio</strong></span> <span class='ocrx_word' id='word_1_190' title='bbox 592 1885 632 1912; x_wconf 81' lang='lat' dir='ltr'><strong>v.</strong></span> <span class='ocrx_word' id='word_1_191' title='bbox 666 1871 841 1911; x_wconf 82' lang='lat' dir='ltr'><strong>Acilius.</strong></span> 
     </span>
    </p>

    <p class='ocr_par' dir='ltr' id='par_1_14' title="bbox 342 1937 2030 1991">
     <span class='ocr_line' id='line_1_25' title="bbox 342 1937 2030 1991; baseline 0 -13"><span class='ocrx_word' id='word_1_192' title='bbox 342 1937 726 1978; x_wconf 83' lang='lat' dir='ltr'><strong>Gladiatorium</strong></span> <span class='ocrx_word' id='word_1_193' title='bbox 750 1937 1051 1991; x_wconf 80' lang='lat' dir='ltr'><strong>spectaculum</strong></span> <span class='ocrx_word' id='word_1_194' title='bbox 1080 1939 1125 1978; x_wconf 88' lang='lat' dir='ltr'><strong>in</strong></span> <span class='ocrx_word' id='word_1_195' title='bbox 1159 1939 1364 1980; x_wconf 88' lang='lat' dir='ltr'><strong>honorem</strong></span> <span class='ocrx_word' id='word_1_196' title='bbox 1397 1938 1621 1979; x_wconf 67' lang='lat' dir='ltr'><strong>ffinabrem</strong></span> <span class='ocrx_word' id='word_1_197' title='bbox 1656 1939 1706 1991; x_wconf 78' lang='lat' dir='ltr'><strong>Q.</strong></span> <span class='ocrx_word' id='word_1_198' title='bbox 1735 1938 1890 1979; x_wconf 74' lang='lat' dir='ltr'><strong>Hetalli</strong></span> <span class='ocrx_word' id='word_1_199' title='bbox 1922 1937 2030 1978; x_wconf 89' lang='grc'><strong>689.</strong></span> 
     </span>
    </p>

    <p class='ocr_par' dir='ltr' id='par_1_15' title="bbox 342 2004 917 2046">
     <span class='ocr_line' id='line_1_26' title="bbox 342 2004 917 2046; baseline 0.003 -2"><span class='ocrx_word' id='word_1_200' title='bbox 342 2004 560 2044; x_wconf 85' lang='lat' dir='ltr'><strong>Glaucia</strong></span> <span class='ocrx_word' id='word_1_201' title='bbox 592 2018 635 2045; x_wconf 74' lang='lat' dir='ltr'><strong>v.</strong></span> <span class='ocrx_word' id='word_1_202' title='bbox 664 2005 883 2046; x_wconf 78' lang='lat' dir='ltr'><strong>Servilius.</strong></span> <span class='ocrx_word' id='word_1_203' title='bbox 915 2039 917 2041; x_wconf 88' lang='lat'><strong>.</strong></span> 
     </span>
    </p>

    <p class='ocr_par' dir='ltr' id='par_1_16' title="bbox 343 2069 1114 2113">
     <span class='ocr_line' id='line_1_27' title="bbox 343 2069 1114 2113; baseline 0 -2"><span class='ocrx_word' id='word_1_204' title='bbox 343 2071 395 2111; x_wconf 86' lang='lat' dir='ltr'><strong>de</strong></span> <span class='ocrx_word' id='word_1_205' title='bbox 431 2071 609 2110; x_wconf 90' lang='lat' dir='ltr'><strong>Gloria</strong></span> <span class='ocrx_word' id='word_1_206' title='bbox 644 2070 791 2110; x_wconf 87' lang='lat' dir='ltr'><strong>scribit</strong></span> <span class='ocrx_word' id='word_1_207' title='bbox 823 2071 967 2111; x_wconf 84' lang='lat' dir='ltr'><strong>Cicero</strong></span> <span class='ocrx_word' id='word_1_208' title='bbox 1004 2069 1114 2113; x_wconf 88' lang='grc'><strong>785.</strong></span> 
     </span>
    </p>

    <p class='ocr_par' dir='ltr' id='par_1_17' title="bbox 341 2137 886 2190">
     <span class='ocr_line' id='line_1_28' title="bbox 341 2137 886 2190; baseline 0 -12"><span class='ocrx_word' id='word_1_209' title='bbox 341 2137 547 2190; x_wconf 87' lang='lat' dir='ltr'><strong>Gnipho</strong></span> <span class='ocrx_word' id='word_1_210' title='bbox 582 2151 622 2176; x_wconf 85' lang='lat' dir='ltr'><strong>v.</strong></span> <span class='ocrx_word' id='word_1_211' title='bbox 658 2137 886 2178; x_wconf 82' lang='lat' dir='ltr'><strong>Antonius.</strong></span> 
     </span>
    </p>

    <p class='ocr_par' dir='ltr' id='par_1_18' title="bbox 337 2203 1917 2256">
     <span class='ocr_line' id='line_1_29' title="bbox 337 2203 1917 2256; baseline 0.001 -11"><span class='ocrx_word' id='word_1_212' title='bbox 337 2204 610 2245; x_wconf 81' lang='lat' dir='ltr'><strong>Gracchus</strong></span> <span class='ocrx_word' id='word_1_213' title='bbox 644 2204 815 2256; x_wconf 79' lang='lat' dir='ltr'><strong>quidam</strong></span> <span class='ocrx_word' id='word_1_214' title='bbox 844 2203 1023 2244; x_wconf 80' lang='lat' dir='ltr'><strong>Archiae</strong></span> <span class='ocrx_word' id='word_1_215' title='bbox 1056 2208 1199 2245; x_wconf 75' lang='lat' dir='ltr'><strong>movet</strong></span> <span class='ocrx_word' id='word_1_216' title='bbox 1231 2204 1561 2246; x_wconf 77' lang='lat' dir='ltr'><strong>controversiam</strong></span> <span class='ocrx_word' id='word_1_217' title='bbox 1593 2204 1777 2245; x_wconf 81' lang='lat' dir='ltr'><strong>civitatis</strong></span> <span class='ocrx_word' id='word_1_218' title='bbox 1808 2203 1917 2246; x_wconf 78' lang='grc'><strong>647.</strong></span> 
     </span>
    </p>

    <p class='ocr_par' dir='ltr' id='par_1_19' title="bbox 273 2268 2120 2522">
     <span class='ocr_line' id='line_1_30' title="bbox 344 2268 2118 2314; baseline -0.001 -3"><span class='ocrx_word' id='word_1_219' title='bbox 344 2270 558 2311; x_wconf 85' lang='lat' dir='ltr'><strong>Graecis</strong></span> <span class='ocrx_word' id='word_1_220' title='bbox 610 2270 763 2310; x_wconf 88' lang='lat' dir='ltr'><strong>litteris</strong></span> <span class='ocrx_word' id='word_1_221' title='bbox 810 2270 1002 2310; x_wconf 87' lang='lat' dir='ltr'><strong>eruditur</strong></span> <span class='ocrx_word' id='word_1_222' title='bbox 1048 2271 1192 2311; x_wconf 90' lang='lat' dir='ltr'><strong>Cicero</strong></span> <span class='ocrx_word' id='word_1_223' title='bbox 1235 2272 1355 2314; x_wconf 73' lang='grc' dir='ltr'><strong>588.ι</strong></span> <span class='ocrx_word' id='word_1_224' title='bbox 1391 2272 1563 2312; x_wconf 81' lang='lat' dir='ltr'><strong>Graecis</strong></span> <span class='ocrx_word' id='word_1_225' title='bbox 1601 2272 1739 2312; x_wconf 80' lang='lat' dir='ltr'><strong>utitur</strong></span> <span class='ocrx_word' id='word_1_226' title='bbox 1783 2270 2028 2311; x_wconf 76' lang='lat' dir='ltr'><strong>doctoribus</strong></span> <span class='ocrx_word' id='word_1_227' title='bbox 2074 2268 2118 2310; x_wconf 69' lang='lat' dir='ltr'><strong>e&#39;t</strong></span> 
     </span>
     <span class='ocr_line' id='line_1_31' title="bbox 277 2337 2120 2379; baseline -0.001 -1"><span class='ocrx_word' id='word_1_228' title='bbox 277 2340 430 2379; x_wconf 86' lang='lat' dir='ltr'><strong>Romae</strong></span> <span class='ocrx_word' id='word_1_229' title='bbox 464 2337 571 2378; x_wconf 78' lang='lat'><strong>522.</strong></span> <span class='ocrx_word' id='word_1_230' title='bbox 607 2337 715 2377; x_wconf 84' lang='lat'><strong>565.</strong></span> <span class='ocrx_word' id='word_1_231' title='bbox 750 2341 794 2376; x_wconf 92' lang='lat' dir='ltr'><strong>et</strong></span> <span class='ocrx_word' id='word_1_232' title='bbox 821 2337 865 2375; x_wconf 89' lang='lat' dir='ltr'><strong>in</strong></span> <span class='ocrx_word' id='word_1_233' title='bbox 896 2337 1066 2377; x_wconf 87' lang='lat' dir='ltr'><strong>Graecia</strong></span> <span class='ocrx_word' id='word_1_234' title='bbox 1094 2337 1203 2377; x_wconf 87' lang='grc'><strong>569.</strong></span> <span class='ocrx_word' id='word_1_235' title='bbox 1238 2337 1479 2378; x_wconf 86' lang='lat' dir='ltr'><strong>declamitat</strong></span> <span class='ocrx_word' id='word_1_236' title='bbox 1502 2339 1670 2379; x_wconf 82' lang='lat' dir='ltr'><strong>Graece</strong></span> <span class='ocrx_word' id='word_1_237' title='bbox 1697 2339 1806 2379; x_wconf 88' lang='grc'><strong>556.</strong></span> <span class='ocrx_word' id='word_1_238' title='bbox 1840 2339 1996 2378; x_wconf 86' lang='lat' dir='ltr'><strong>Graece</strong></span> <span class='ocrx_word' id='word_1_239' title='bbox 2022 2338 2120 2377; x_wconf 84' lang='lat' dir='ltr'><strong>scri-</strong></span> 
     </span>
     <span class='ocr_line' id='line_1_32' title="bbox 276 2403 2121 2457; baseline -0.002 -11"><span class='ocrx_word' id='word_1_240' title='bbox 276 2406 341 2446; x_wconf 90' lang='lat' dir='ltr'><strong>bit</strong></span> <span class='ocrx_word' id='word_1_241' title='bbox 375 2404 726 2444; x_wconf 81' lang='lat' dir='ltr'><strong>Commentarium</strong></span> <span class='ocrx_word' id='word_1_242' title='bbox 759 2403 812 2442; x_wconf 90' lang='lat' dir='ltr'><strong>de</strong></span> <span class='ocrx_word' id='word_1_243' title='bbox 841 2403 1064 2444; x_wconf 82' lang='lat' dir='ltr'><strong>consulatu</strong></span> <span class='ocrx_word' id='word_1_244' title='bbox 1100 2417 1178 2443; x_wconf 89' lang='lat' dir='ltr'><strong>suo</strong></span> <span class='ocrx_word' id='word_1_245' title='bbox 1210 2404 1318 2445; x_wconf 87' lang='grc'><strong>655.</strong></span> <span class='ocrx_word' id='word_1_246' title='bbox 1352 2406 1510 2445; x_wconf 83' lang='lat' dir='ltr'><strong>Graece</strong></span> <span class='ocrx_word' id='word_1_247' title='bbox 1537 2405 1708 2446; x_wconf 78' lang='lat' dir='ltr'><strong>disserit</strong></span> <span class='ocrx_word' id='word_1_248' title='bbox 1727 2405 1780 2445; x_wconf 84' lang='lat' dir='ltr'><strong>de</strong></span> <span class='ocrx_word' id='word_1_249' title='bbox 1814 2405 2018 2444; x_wconf 84' lang='lat' dir='ltr'><strong>Thesibus</strong></span> <span class='ocrx_word' id='word_1_250' title='bbox 2049 2417 2121 2457; x_wconf 89' lang='lat' dir='ltr'><strong>po-</strong></span> 
     </span>
     <span class='ocr_line' id='line_1_33' title="bbox 273 2469 2018 2548; baseline -0.002 -36"><span class='ocrx_word' id='word_1_251' title='bbox 273 2473 407 2512; x_wconf 69' lang='lat' dir='ltr'><strong>{iticis</strong></span> <span class='ocrx_word' id='word_1_252' title='bbox 445 2469 554 2512; x_wconf 80' lang='lat'><strong>742.</strong></span> <span class='ocrx_word' id='word_1_253' title='bbox 589 2471 770 2510; x_wconf 88' lang='lat' dir='ltr'><strong>Graecos</strong></span> <span class='ocrx_word' id='word_1_254' title='bbox 804 2470 1032 2522; x_wconf 87' lang='lat' dir='ltr'><strong>scriptores</strong></span> <span class='ocrx_word' id='word_1_255' title='bbox 1067 2471 1213 2510; x_wconf 85' lang='lat' dir='ltr'><strong>Latine</strong></span> <span class='ocrx_word' id='word_1_256' title='bbox 1242 2473 1452 2512; x_wconf 73' lang='lat' dir='ltr'><strong>convertit</strong></span> <span class='ocrx_word' id='word_1_257' title='bbox 1483 2473 1592 2513; x_wconf 77' lang='lat'><strong>544.</strong></span> <span class='ocrx_word' id='word_1_258' title='bbox 1627 2471 1734 2514; x_wconf 89' lang='grc'><strong>557.</strong></span> <span class='ocrx_word' id='word_1_259' title='bbox 1768 2470 1876 2548; x_wconf 80' lang='grc'><strong>657.</strong></span> <span class='ocrx_word' id='word_1_260' title='bbox 1910 2470 1934 2512; x_wconf 93' lang='grc'><strong>7</strong></span> <span class='ocrx_word' id='word_1_261' title='bbox 1944 2472 2018 2511; x_wconf 76' lang='lat'><strong>20</strong></span> 
     </span>
    </p>

    <p class='ocr_par' dir='ltr' id='par_1_20' title="bbox 346 2536 961 2596">
     <span class='ocr_line' id='line_1_34' title="bbox 346 2536 961 2596; baseline -0.003 -19"><span class='ocrx_word' id='word_1_262' title='bbox 346 2537 688 2577; x_wconf 86' lang='lat' dir='ltr'><strong>Gratidianus</strong></span> <span class='ocrx_word' id='word_1_263' title='bbox 723 2549 762 2575; x_wconf 86' lang='lat' dir='ltr'><strong>v.</strong></span> <span class='ocrx_word' id='word_1_264' title='bbox 797 2536 961 2596; x_wconf 78' lang='lat' dir='ltr'><strong>Marius.</strong></span> 
     </span>
    </p>
   </div>
   <div class='ocr_carea' id='block_1_4' title="bbox 347 2667 2122 2739">
    <p class='ocr_par' dir='ltr' id='par_1_21' title="bbox 347 2650 2210 2739">
     <span class='ocr_line' id='line_1_35' title="bbox 347 2667 2122 2739; baseline 0 -29"><span class='ocrx_word' id='word_1_265' title='bbox 347 2669 670 2721; x_wconf 84' lang='lat' dir='ltr'><strong>Haruspices</strong></span> <span class='ocrx_word' id='word_1_266' title='bbox 705 2667 758 2708; x_wconf 86' lang='lat' dir='ltr'><strong>de</strong></span> <span class='ocrx_word' id='word_1_267' title='bbox 791 2667 996 2720; x_wconf 73' lang='lat' dir='ltr'><strong>prodigiis</strong></span> <span class='ocrx_word' id='word_1_268' title='bbox 1030 2668 1219 2717; x_wconf 81' lang='lat' dir='ltr'><strong>consulti</strong></span> <span class='ocrx_word' id='word_1_269' title='bbox 1257 2670 1367 2710; x_wconf 89' lang='grc'><strong>558.</strong></span> <span class='ocrx_word' id='word_1_270' title='bbox 1400 2669 1509 2712; x_wconf 72' lang='grc'><strong>602.</strong></span> <span class='ocrx_word' id='word_1_271' title='bbox 1540 2669 1649 2713; x_wconf 88' lang='grc'><strong>697.</strong></span> <span class='ocrx_word' id='word_1_272' title='bbox 1684 2682 1735 2710; x_wconf 76' lang='lat' dir='ltr'><strong>ex</strong></span> <span class='ocrx_word' id='word_1_273' title='bbox 1772 2683 1919 2711; x_wconf 87' lang='lat' dir='ltr'><strong>corum</strong></span> <span class='ocrx_word' id='word_1_274' title='bbox 1954 2681 2122 2739; x_wconf 85' lang='lat' dir='ltr'><strong>praece·</strong></span> 
     </span>
    </p>
   </div>
   <div class='ocr_carea' id='block_1_5' title="bbox 269 2734 2193 3378">
    <p class='ocr_par' dir='ltr' id='par_1_22' title="bbox 269 2734 2198 3378">
     <span class='ocr_line' id='line_1_36' title="bbox 279 2734 1403 2793; baseline -0.002 -15"><span class='ocrx_word' id='word_1_275' title='bbox 279 2743 353 2793; x_wconf 85' lang='lat' dir='ltr'><strong>pto</strong></span> <span class='ocrx_word' id='word_1_276' title='bbox 382 2737 552 2788; x_wconf 76' lang='lat' dir='ltr'><strong>signum</strong></span> <span class='ocrx_word' id='word_1_277' title='bbox 586 2735 696 2774; x_wconf 83' lang='lat' dir='ltr'><strong>Iovis</strong></span> <span class='ocrx_word' id='word_1_278' title='bbox 731 2734 776 2773; x_wconf 91' lang='lat' dir='ltr'><strong>in</strong></span> <span class='ocrx_word' id='word_1_279' title='bbox 812 2734 1017 2787; x_wconf 86' lang='lat' dir='ltr'><strong>Capitolio</strong></span> <span class='ocrx_word' id='word_1_280' title='bbox 1049 2735 1254 2775; x_wconf 74' lang='lat' dir='ltr'><strong>statuitur</strong></span> <span class='ocrx_word' id='word_1_281' title='bbox 1292 2735 1403 2776; x_wconf 80' lang='grc'><strong>688.</strong></span> 
     </span>
     <span class='ocr_line' id='line_1_37' title="bbox 346 2801 1777 2854; baseline 0 -10"><span class='ocrx_word' id='word_1_282' title='bbox 346 2804 398 2844; x_wconf 92' lang='lat' dir='ltr'><strong>de</strong></span> <span class='ocrx_word' id='word_1_283' title='bbox 433 2801 783 2854; x_wconf 76' lang='lat' dir='ltr'><strong>Haruspicum</strong></span> <span class='ocrx_word' id='word_1_284' title='bbox 814 2801 1030 2854; x_wconf 87' lang='lat' dir='ltr'><strong>responsis</strong></span> <span class='ocrx_word' id='word_1_285' title='bbox 1061 2802 1208 2842; x_wconf 80' lang='lat' dir='ltr'><strong>Cicero</strong></span> <span class='ocrx_word' id='word_1_286' title='bbox 1235 2802 1474 2844; x_wconf 76' lang='lat' dir='ltr'><strong>Orationem</strong></span> <span class='ocrx_word' id='word_1_287' title='bbox 1507 2802 1638 2844; x_wconf 79' lang='lat' dir='ltr'><strong>habet</strong></span> <span class='ocrx_word' id='word_1_288' title='bbox 1667 2802 1777 2845; x_wconf 92' lang='grc'><strong>697.</strong></span> 
     </span>
     <span class='ocr_line' id='line_1_38' title="bbox 347 2867 1309 2911; baseline -0.001 -1"><span class='ocrx_word' id='word_1_289' title='bbox 347 2869 712 2910; x_wconf 72' lang='lat' dir='ltr'><strong>Helvetiorum</strong></span> <span class='ocrx_word' id='word_1_290' title='bbox 747 2868 1017 2909; x_wconf 79' lang='lat' dir='ltr'><strong>excursiones</strong></span> <span class='ocrx_word' id='word_1_291' title='bbox 1055 2868 1165 2909; x_wconf 82' lang='grc'><strong>655.</strong></span> <span class='ocrx_word' id='word_1_292' title='bbox 1199 2867 1309 2911; x_wconf 89' lang='grc'><strong>671.</strong></span> 
     </span>
     <span class='ocr_line' id='line_1_39' title="bbox 269 2934 1107 2987; baseline 0.001 -12"><span class='ocrx_word' id='word_1_293' title='bbox 269 2970 272 2975; x_wconf 96' lang='grc'><strong>.</strong></span> <span class='ocrx_word' id='word_1_294' title='bbox 348 2936 553 2987; x_wconf 82' lang='lat' dir='ltr'><strong>Helvia,</strong></span> <span class='ocrx_word' id='word_1_295' title='bbox 587 2939 720 2975; x_wconf 88' lang='lat' dir='ltr'><strong>mater</strong></span> <span class='ocrx_word' id='word_1_296' title='bbox 753 2935 965 2975; x_wconf 86' lang='lat' dir='ltr'><strong>Ciceronis</strong></span> <span class='ocrx_word' id='word_1_297' title='bbox 998 2934 1107 2976; x_wconf 88' lang='grc'><strong>515.</strong></span> 
     </span>
     <span class='ocr_line' id='line_1_40' title="bbox 294 2990 1273 3058; baseline -0.003 -13"><span class='ocrx_word' id='word_1_298' title='bbox 294 3018 297 3020; x_wconf 90' lang='grc'>·</span> <span class='ocrx_word' id='word_1_299' title='bbox 345 3005 397 3048; x_wconf 72' lang='grc' dir='ltr'><strong>Μ.</strong></span> <span class='ocrx_word' id='word_1_300' title='bbox 432 3002 762 3052; x_wconf 81' lang='lat' dir='ltr'><strong>Herennius,</strong></span> <span class='ocrx_word' id='word_1_301' title='bbox 797 3013 883 3042; x_wconf 83' lang='lat' dir='ltr'><strong>cos.</strong></span> <span class='ocrx_word' id='word_1_302' title='bbox 921 2990 980 3058; x_wconf 87' lang='lat' dir='ltr'><strong>(a.</strong></span> <span class='ocrx_word' id='word_1_303' title='bbox 1012 2991 1124 3058; x_wconf 87' lang='grc'><strong>661)</strong></span> <span class='ocrx_word' id='word_1_304' title='bbox 1161 2999 1273 3044; x_wconf 89' lang='grc'><strong>587.</strong></span> 
     </span>
     <span class='ocr_line' id='line_1_41' title="bbox 345 3068 1554 3121; baseline 0 -10"><span class='ocrx_word' id='word_1_305' title='bbox 345 3070 644 3116; x_wconf 74' lang='lat' dir='ltr'><strong>Herennius</strong></span> <span class='ocrx_word' id='word_1_306' title='bbox 681 3068 906 3118; x_wconf 87' lang='lat' dir='ltr'><strong>centurio,</strong></span> <span class='ocrx_word' id='word_1_307' title='bbox 941 3080 1164 3121; x_wconf 88' lang='lat' dir='ltr'><strong>percussor</strong></span> <span class='ocrx_word' id='word_1_308' title='bbox 1192 3069 1404 3110; x_wconf 81' lang='lat' dir='ltr'><strong>Ciceronis</strong></span> <span class='ocrx_word' id='word_1_309' title='bbox 1440 3070 1554 3111; x_wconf 71' lang='lat'><strong>820.</strong></span> 
     </span>
     <span class='ocr_line' id='line_1_42' title="bbox 346 3134 1210 3189; baseline -0.004 -12"><span class='ocrx_word' id='word_1_310' title='bbox 346 3135 697 3189; x_wconf 89' lang='lat' dir='ltr'><strong>Herophilus,</strong></span> <span class='ocrx_word' id='word_1_311' title='bbox 732 3134 1063 3174; x_wconf 74' lang='lat' dir='ltr'><strong>Pseudo-narius</strong></span> <span class='ocrx_word' id='word_1_312' title='bbox 1100 3134 1210 3177; x_wconf 86' lang='grc'><strong>781.</strong></span> 
     </span>
     <span class='ocr_line' id='line_1_43' title="bbox 344 3201 2121 3256; baseline -0.001 -13"><span class='ocrx_word' id='word_1_313' title='bbox 344 3204 393 3245; x_wconf 83' lang='grc' dir='ltr'><strong>Α.</strong></span> <span class='ocrx_word' id='word_1_314' title='bbox 441 3203 646 3243; x_wconf 86' lang='lat' dir='ltr'><strong>Hirtius</strong></span> <span class='ocrx_word' id='word_1_315' title='bbox 699 3201 811 3254; x_wconf 88' lang='lat' dir='ltr'><strong>apud</strong></span> <span class='ocrx_word' id='word_1_316' title='bbox 855 3201 1102 3241; x_wconf 86' lang='lat' dir='ltr'><strong>Ciceronem</strong></span> <span class='ocrx_word' id='word_1_317' title='bbox 1148 3202 1329 3242; x_wconf 89' lang='lat' dir='ltr'><strong>dicendo</strong></span> <span class='ocrx_word' id='word_1_318' title='bbox 1373 3207 1592 3245; x_wconf 81' lang='lat' dir='ltr'><strong>exercetur</strong></span> <span class='ocrx_word' id='word_1_319' title='bbox 1629 3202 1720 3246; x_wconf 83' lang='grc'><strong>768</strong></span> <span class='ocrx_word' id='word_1_320' title='bbox 1759 3216 1824 3256; x_wconf 88' lang='lat' dir='ltr'><strong>sq.</strong></span> <span class='ocrx_word' id='word_1_321' title='bbox 1871 3204 1923 3244; x_wconf 84' lang='lat' dir='ltr'><strong>fit</strong></span> <span class='ocrx_word' id='word_1_322' title='bbox 1972 3203 2121 3245; x_wconf 85' lang='lat' dir='ltr'><strong>consul</strong></span> 
     </span>
     <span class='ocr_line' id='line_1_44' title="bbox 281 3259 2193 3326; baseline -0.002 -15"><span class='ocrx_word' id='word_1_323' title='bbox 281 3261 336 3326; x_wconf 72' lang='lat' dir='ltr'><strong>(a.</strong></span> <span class='ocrx_word' id='word_1_324' title='bbox 367 3259 480 3326; x_wconf 77' lang='lat'>711)</span> <span class='ocrx_word' id='word_1_325' title='bbox 517 3267 626 3312; x_wconf 74' lang='lat'><strong>799.</strong></span> <span class='ocrx_word' id='word_1_326' title='bbox 669 3268 782 3307; x_wconf 62' lang='lat' dir='ltr'><strong>maii</strong></span> <span class='ocrx_word' id='word_1_327' title='bbox 815 3268 861 3307; x_wconf 77' lang='lat' dir='ltr'><strong>in</strong></span> <span class='ocrx_word' id='word_1_328' title='bbox 896 3269 1055 3321; x_wconf 69' lang='lat' dir='ltr'><strong>praeno</strong></span> <span class='ocrx_word' id='word_1_329' title='bbox 1085 3269 1139 3309; x_wconf 68' lang='lat' dir='ltr'><strong>aa</strong></span> <span class='ocrx_word' id='word_1_330' title='bbox 1175 3269 1375 3309; x_wconf 71' lang='lat' dir='ltr'><strong>nntium</strong></span> <span class='ocrx_word' id='word_1_331' title='bbox 1410 3270 1523 3311; x_wconf 75' lang='lat'><strong>818.</strong></span> <span class='ocrx_word' id='word_1_332' title='bbox 1568 3271 1661 3311; x_wconf 73' lang='lat' dir='ltr'><strong>eim</strong></span> <span class='ocrx_word' id='word_1_333' title='bbox 1702 3272 1872 3311; x_wconf 69' lang='lat' dir='ltr'><strong>nomine</strong></span> <span class='ocrx_word' id='word_1_334' title='bbox 1913 3269 2123 3323; x_wconf 71' lang='lat' dir='ltr'><strong>supplica·</strong></span> <span class='ocrx_word' id='word_1_335' title='bbox 2176 3280 2193 3317; x_wconf 45' lang='lat'><strong>*.·.</strong></span> 
     </span>
     <span class='ocr_line' id='line_1_45' title="bbox 277 3335 2179 3378; baseline -0.001 -1"><span class='ocrx_word' id='word_1_336' title='bbox 277 3338 436 3378; x_wconf 87' lang='lat' dir='ltr'><strong>tionem</strong></span> <span class='ocrx_word' id='word_1_337' title='bbox 466 3335 772 3375; x_wconf 87' lang='lat' dir='ltr'><strong>decernendam</strong></span> <span class='ocrx_word' id='word_1_338' title='bbox 803 3339 950 3375; x_wconf 88' lang='lat' dir='ltr'><strong>censet</strong></span> <span class='ocrx_word' id='word_1_339' title='bbox 978 3336 1122 3375; x_wconf 89' lang='lat' dir='ltr'><strong>Cicero</strong></span> <span class='ocrx_word' id='word_1_340' title='bbox 1155 3336 1264 3376; x_wconf 82' lang='lat'><strong>813.</strong></span> <span class='ocrx_word' id='word_1_341' title='bbox 2175 3338 2179 3342; x_wconf 85' lang='grc'><strong>’</strong></span> 
     </span>
    </p>
   </div>
   <div class='ocr_carea' id='block_1_6' title="bbox 343 3401 2122 3456">
    <p class='ocr_par' dir='ltr' id='par_1_23' title="bbox 343 3391 2205 3465">
     <span class='ocr_line' id='line_1_46' title="bbox 343 3401 2122 3456; baseline -0.002 -12"><span class='ocrx_word' id='word_1_342' title='bbox 343 3405 390 3444; x_wconf 92' lang='lat' dir='ltr'><strong>in</strong></span> <span class='ocrx_word' id='word_1_343' title='bbox 420 3402 680 3456; x_wconf 76' lang='lat' dir='ltr'><strong>Hispania</strong></span> <span class='ocrx_word' id='word_1_344' title='bbox 712 3401 872 3441; x_wconf 87' lang='lat' dir='ltr'><strong>bellum</strong></span> <span class='ocrx_word' id='word_1_345' title='bbox 907 3402 1090 3454; x_wconf 77' lang='lat' dir='ltr'><strong>geritur:</strong></span> <span class='ocrx_word' id='word_1_346' title='bbox 1126 3407 1276 3443; x_wconf 70' lang='lat' dir='ltr'><strong>contra</strong></span> <span class='ocrx_word' id='word_1_347' title='bbox 1302 3403 1531 3443; x_wconf 68' lang='lat' dir='ltr'><strong>Sertorium</strong></span> <span class='ocrx_word' id='word_1_348' title='bbox 1559 3402 1667 3447; x_wconf 90' lang='grc'><strong>571.</strong></span> <span class='ocrx_word' id='word_1_349' title='bbox 1697 3402 1804 3446; x_wconf 87' lang='grc'><strong>578.</strong></span> <span class='ocrx_word' id='word_1_350' title='bbox 1830 3403 1940 3444; x_wconf 78' lang='lat'><strong>582.</strong></span> <span class='ocrx_word' id='word_1_351' title='bbox 1976 3408 2122 3443; x_wconf 87' lang='lat' dir='ltr'><strong>contra</strong></span> 
     </span>
    </p>
   </div>
   <div class='ocr_carea' id='block_1_7' title="bbox 279 3468 2122 3525">
    <p class='ocr_par' dir='ltr' id='par_1_24' title="bbox 279 3468 2122 3525">
     <span class='ocr_line' id='line_1_47' title="bbox 279 3468 2122 3525; baseline -0.001 -15"><span class='ocrx_word' id='word_1_352' title='bbox 279 3470 464 3525; x_wconf 86' lang='lat' dir='ltr'><strong>Pompeii</strong></span> <span class='ocrx_word' id='word_1_353' title='bbox 495 3469 679 3522; x_wconf 75' lang='lat' dir='ltr'><strong>legatos,</strong></span> <span class='ocrx_word' id='word_1_354' title='bbox 714 3468 960 3520; x_wconf 83' lang='lat' dir='ltr'><strong>Afranium,</strong></span> <span class='ocrx_word' id='word_1_355' title='bbox 993 3469 1232 3521; x_wconf 72' lang='lat' dir='ltr'><strong>Petreium,</strong></span> <span class='ocrx_word' id='word_1_356' title='bbox 1266 3470 1496 3512; x_wconf 73' lang='lat' dir='ltr'><strong>varronem</strong></span> <span class='ocrx_word' id='word_1_357' title='bbox 1515 3468 1626 3514; x_wconf 74' lang='lat'><strong>746.</strong></span> <span class='ocrx_word' id='word_1_358' title='bbox 1659 3470 1774 3512; x_wconf 76' lang='lat' dir='ltr'><strong>inter</strong></span> <span class='ocrx_word' id='word_1_359' title='bbox 1795 3470 1980 3512; x_wconf 83' lang='lat' dir='ltr'><strong>Caesaris</strong></span> <span class='ocrx_word' id='word_1_360' title='bbox 2005 3482 2122 3522; x_wconf 86' lang='lat' dir='ltr'><strong>prae·</strong></span> 
     </span>
    </p>
   </div>
  </div>
 </body>
</html>
