2210 3970
276 253 458 317 774·
737 263 1065 301 ANNALES
1123 264 1631 302 cronnommm.

272 393 373 437 beat
396 392 591 447 Balbus,
627 399 670 435 et
702 390 828 438 ἕωλα
854 395 1044 437 Brutus.
1082 418 1140 427 --
1174 395 1244 436 De¹
1271 394 1473 436 Caesaris
1499 392 1714 448 adventu,
1743 394 1926 454 scripsit
1953 396 2013 440 ad
2033 415 2100 442 me

269 471 466 525 Balbus,
498 486 581 514 non
605 478 708 514 ante
738 471 839 515 Kal.
871 473 993 514 Seaet.
1027 472 1152 528 [—-1
1172 473 1287 513 Sext.
1323 472 1477 530 (Aug.)
1510 473 1640 529 709}
1698 470 1809 515 lbid.
1833 475 1905 516 23.
1937 476 1978 516 2.
2026 476 2100 518 Li-

271 550 341 594 bri
370 549 432 593 ad
462 552 696 592 Varronem
732 566 818 593 non
849 548 1146 592 morabantur.
1211 549 1329 590 Sunt
1366 549 1481 590 enim
1500 547 1682 607 effecti,
1710 557 1763 592 ut
1792 550 1972 594 vidisti:
2006 560 2101 596 tan-

270 633 366 669 tum
401 624 684 669 librariorum
723 626 883 671 menda
907 626 1139 670 tolluntur.
1184 627 1251 668 De
1279 624 1440 685 quibus
1469 625 1598 669 libris
1634 627 1724 670 scis
1752 643 1819 670 me
1843 627 2070 673 dubitasse
2087 647 2102 672 .-

268 703 350 747 .sed
378 711 429 748 tu
454 703 630 748 videris.
695 707 839 762 Item,
872 720 982 766 quos
1010 706 1151 747 Bruto
1183 704 1436 760 mittimus,
1469 705 1517 748 in
1549 703 1759 748 manibus*
1783 704 1940 749 habent
1968 705 2099 750 libra·

267 781 341 825 rii.
366 779 481 839 [cfr.
508 780 559 825 ad
590 798 632 826 a.
667 786 767 828 702.
802 786 869 842 9.]

347 907 432 981 (¹2)
473 909 754 963 Praeterea
789 910 1003 982 scripsit
1043 909 1094 963 h.
1118 926 1164 962 a.
1210 908 1556 963 laudationem
1591 902 1846 976 Porciae,
1888 912 2103 967 Catonis

270 1009 468 1062 sororis
489 1033 516 1072 ,·-
545 1025 681 1080 quae
728 1010 784 1063 L.
821 1011 1053 1064 Domitio
1093 1008 1440 1062 Ahenobarbo
1481 1017 1648 1081 nupta
1684 1010 1875 1066 suerat.

330 1107 415 1152 Cic.
449 1107 502 1152 ad
537 1113 631 1154 Att.
658 1112 930 1171 1111.··'37.²3.
964 1108 1286 1152 Laudationem
1307 1108 1495 1151 Porciae
1518 1109 1690 1169 gaudeo
1711 1124 1786 1154 me'
1808 1118 1912 1155 ante
1928 1111 2103 1156 dedisse
2184 1105 2188 1111 ⁵

269 1186 436 1245 Leptae
463 1186 696 1231 tabellario
708 1198 895 1247 ,¹quam
911 1197 1025 1233 tuas
1057 1186 1296 1246 acceperim
1329 1184 1518 1230 litteras.
1552 1186 1670 1230 Eam
1699 1194 1749 1231 tu
1775 1189 1944 1249 igitur,
1976 1190 2102 1233 sime

266 1268 422 1320 amas,
465 1266 671 1321 curabis,
715 1268 759 1310 si
795 1264 919 1308 modo
952 1265 1185 1320 mittetur,
1232 1263 1320 1306 isto
1357 1262 1484 1306 modo
1526 1263 1787 1308 mittendam
1830 1267 2026 1310 Domitio
2059 1275 2103 1311 et

266 1345 423 1387 Bruto.
487 1343 599 1397 Ihid.
631 1338 701 1389 48.
735 1347 778 1388 2.
826 1341 1166 1386 Laudationem·
1188 1341 1374 1385 Porciae
1406 1341 1498 1385 tibi·
1523 1343 1630 1386 misi
1661 1353 1924 1389 correctam:
1968 1354 2102 1407 atque

267 1437 316 1464 eo
339 1422 609 1482 properavi,
641 1429 724 1477 ut,
758 1422 801 1465 si
828 1421 958 1479 forte
990 1427 1071 1464 aut
1112 1420 1306 1463 Domitii
1345 1419 1474 1480 filio,
1517 1428 1600 1465 aut
1635 1423 1777 1466 Bruto
1819 1425 2102 1481 mitteretur,

268 1498 373 1543 haee
398 1499 662 1543 mitteretur.
727 1498 785 1542 ld
813 1499 856 1542 si
887 1498 972 1542 tibi
1003 1499 1090 1541 erit
1121 1495 1390 1542 commodum
1407 1530 1421 1553 .,
1453 1513 1614 1559 magno
1639 1514 1767 1559 opere
1798 1516 1924 1544 cures
1955 1500 2100 1546 velim.

347 1619 432 1693 (¹³)
474 1618 695 1682 Caesar,
739 1619 894 1672 victis
916 1619 968 1670 in
995 1617 1276 1689 Hispania,
1317 1617 1384 1672 ad
1415 1618 1668 1673 Mundam
1690 1619 1909 1684 urbem,
1950 1619 2102 1673 Pom·

267 1720 375 1792 peii
424 1718 582 1784 filiis,
626 1719 880 1773 Sexto-ev
904 1719 1075 1773 Gnaeo
1116 1718 1291 1792 (V.·‘ad
1323 1736 1371 1773 a.
1404 1723 1529 1774 708.
1576 1719 1721 1793 1·5.),
1763 1721 1984 1775 Romam
2019 1737 2100 1774 re-

266 1820 519 1874 vertitur*
544 1818 1015 1881 mense³0⁴ctobri3
1057 1818 1533 1890 consulatumque,
1573 1836 1678 1891 quo
1727 1821 1839 1892 ipse
1879 1820 2101 1875 abdica-

266 1927 448 1985 verat,
491 1920 656 1975 tradit
688 1920 747 1987 Q.
771 1919 933 1974 Fabio
974 1925 1027 1973 et
1063 1918 1117 1973 C.
1143 1918 1433 1983 Trebon10‚
1475 1919 1530 1973 in
1565 1926 1745 1974 ternos
1785 1921 2100 1976 novissimos

266 2037 496 2076 menSeS.

294 2143 298 2153 ι
325 2120 498 2165 Livius·
521 2121 644 2182 ΕΡίῒ.’-
673 2125 775 2165 115.
824 2121 1051 2179 (Caesar)
1065 2117 1306 2179 profectus
1341 2118 1402 2162 :in
1420 2144 1422 2146 -
1442 2119 1716 2179 'Hispaniam
1763 2118 1974 2164 adversas
2024 2124 2101 2168 Gn.

264 2200 524 2260 Pompeium
540 2216 560 2256 ,*
582 2194 746 2243 maltis
777 2199 1002 2258 utrimque
1039 2195 1401 2258 'mpeditionibus
1422 2195 1578 2255 factis
1594 2229 1608 2253 ,
1633 2202 1686 2241 ¹'et
1713 2196 1901 2258 aliquot·-
1918 2199 2103 2244 urbibus

269 2279 539 2338 est-pugnatis
556 2293 581 2334 ,··
598 2291 818 2321 'summam
849 2276 1082 2321 victor-iam
1113 2291 1211 2319 cum
1237 2290 1395 2336 magno
1427 2274 1682 2319 discrimine
1708 2274 1769 2317 ad
1793 2275 2104 2321 Mundam-ur-

270 2355 363 2399 bem
395 2364 656 2400 consecutus
683 2364 768 2400 est.
834 2355 1022 2400 Velleius
1046 2367 1098 2398 11.
1130 2370 1166 2398 c.
1193 2357 1358 2398 5631:
1385 2354 1576 2408 Caesar,
1608 2353 2002 2411 omnium-victor,
2035 2372 2102 2399 re·

265 2440 449 2494 gressus
476 2431 1152 2494 in‹Urbem‚‹quod1humanam·
1174 2432 1357 2477 excedat
1374 2431 1522 2493 ⁴fidem
1539 2457 1569 2489 ,-
1586 2430 1814 2487 omnibus,
1846 2433 1926 2492 qui
1951 2440 2104 2477 contra

264 2526 311 2554 se
338 2527 463 2555 arma
493 2511 721 2566 tulerant,
753 2512 925 2571 ignovit
956 2536 1034 2554 —.·
1062 2512 1208 2570 Neque
1241 2511 1322 2555 illi
1348 2518 1476 2555 tanto
1500 2510 1632 2565 viro,
1665 2518 1709 2554 et
1741 2517 1834 2554 tam
1865 2511 2098 2556 clementer

268 2589 469 2633 omnibus
506 2589 707 2632 victoriis
739 2590 837 2633 suis
879 2605 990 2645 uso,
1026 2589 1138 2650 plus
1182 2589 1376 2649 quinque
1414 2587 1630 2630 mensium
1667 2589 1939 2649 principalis
1977 2591 2104 2651 quies

267 2667 467 2727 contigit.
537 2666 710 2727 Quippe
747 2676 881 2728 quum
908 2671 1058 2711 mense
1075 2666 1260 2711 'Octobri
1291 2667 1355 2723 [al
1383 2667 1504 2710 U.·C.
1535 2668 1662 2724 ⁷09.]
1687 2667 1736 2710 in
1774 2666 1928 2710 Urbem
1960 2682 2099 2711 rever·

267 2745 425 2801 tis-set,
467 2744 625 2788 Idibus
666 2745 849 2788 Martiis
881 2746 942 2803 [a.
973 2748 1019 2790 U.
1037 2748 1098 2789 ,Q
1130 2746 1358 2802 710.]>·—-
1378 2743 1674 2803 interemptus
1707 2751 1787 2789 est.
1853 2749 2024 2788 Auctor*
2046 2745 2102 2789 de

266 2826 317 2867 B.
346 2823 465 2884 Hisp.
499 2838 535 2866 c.
565 2825 638 2867 39.
686 2822 953 2882 Pompeius,
987 2823 1169 2866 saucius
1203 2829 1247 2865 et
1284 2822 1450 2865 intorto
1483 2819 1606 2877 talo,
1639 2820 1804 2864 idcirco
1824 2820 2101 2865 tardabatur

267 2901 329 2945 ad
347 2900 652 2962 fugiendum:
685 2926 745 2934 —
777 2903 852 2944 Ita
893 2899 958 2943 ibi
988 2899 1278 2960 interficitur.
1322 2897 1496 2942 Orosius
1530 2910 1594 2941 VI.
1643 2914 1678 2941 c.
1710 2901 1782 2942 16.
1833 2899 1936 2942 Sex.
1972 2899 2102 2942 Pom-

260 2979 397 3041 peius
423 2996 523 3023 cum
557 2978 791 3022 centesimo
823 2978 970 3038 equite
1002 2976 1204 3036 aufugit.
1269 2977 1427 3019 Frater
1458 2975 1556 3020 eius
1596 2975 1682 3019 Cm
1704 2974 1972 3036 Pompeius,
2004 2990 2103 3020 con-

270 3064 416 3101 tracta
457 3057 676 3101 celeriter*
695 3072 787 3100 non,
804 3072 961 3116 ¹vparva
990 3055 1309 3098 Lusitanorum
1339 3070 1473 3098 manu
1490 3086 1504 3110 ,
1536 3069 1635 3097 cum
1666 3054 1872 3097 Caesonio
1904 3069 2103 3114 congres-

268 3150 348 3179 sus
379 3142 424 3178 et
463 3135 609 3178 victus
639 3132 1214 3194 fugiensque-interfectus
1241 3139 1322 3178 est.
1386 3131 1462 3175 Dio
1492 3144 1622 3176 nm.
1647 3146 1703 3176 ·c.
1724 3135 1797 3177 46.
1818 3134 1874 3176 4Σ)...
1927 3133 2022 3190 Τήν
2053 3131 2099 3178 δ’

270 3208 358 3259 οὖν
400 3212 554 3275 ἀρχήν
597 3212 680 3270 τήν
727 3210 915 3257 ὕπατον
958 3214 1246 3273 παραχρῆμα
1287 3209 1405 3272 μὲν,
1451 3213 1551 3256 uoti*
1576 3213 1691 3271 πρὶν
1735 3209 1780 3262 ἒς
1827 3211 1910 3269 τήν
1950 3213 2102 3257 πόλιν

269 3289 826 3350 ἐσελθεῖν,’ἄνέλαβεν,
861 3291 918 3336 οὐ
953 3289 1121 3350 μέντοι
1170 3294 1251 3337 κἀὶ
1285 3291 1370 3336 διὰ
1406 3289 1571 3342 τέλους
1604 3289 1744 3346 ἔσχεν
1762 3302 1790 3346 ,ῑ
1811 3289 1917 3335 ἀλλ’
1954 3290 2007 3336 ἐν
2040 3293 2100 3349 τῇ

268 3370 430 3434 Ῥώμῃ
457 3371 912 3433 γενόμενοςάπεῖπέ
942 3388 1007 3417 τε
1027 3370 1181 3428 αὐτήν
1213 3375 1294 3417 καὶ
1331 3370 1593 3434 τῷΦαβίῳ
1628 3370 1694 3432 τῷ
1724 3368 1917 3433 Κυῒντῳ
1952 3371 2016 3432 τῷ
2047 3388 2101 3416 τε

272 3449 519 3512 Τρεβωνίῳ
567 3451 630 3513 τῷ
672 3450 810 3514 Γαΐῳ
843 3450 1149 3512 ἐνεχείρισεν.
1206 3450 1330 3495 Conf:
1358 3452 1442 3497 Cic.
1476 3450 1530 3496 ad
1561 3454 1654 3495 Att.
1684 3462 1779 3494 ΧΠ.
1801 3452 1874 3494 37.
1921 3452 2099 3494 Sueton.

271 3529 301 3573 l.
331 3546 366 3574 c.
418 3530 493 3573 Dio
521 3542 650 3574 XLln.
697 3548 730 3576 c.
761 3535 830 3577 40.
863 3544 964 3576 XLV.
1015 3548 1049 3575 c.
1080 3533 1150 3574 10.
1202 3528 1379 3588 Appian.
1416 3532 1458 3572 B.
1494 3531 1536 3572 C.
1563 3540 1612 3571 11.
1654 3543 1688 3572 c.
1725 3531 1826 3572 105.
1877 3527 2096 3573 Plutarch.
