2210 3970
196 216 302 274 sm).
663 237 989 275 AN·NALES
1041 236 1551 277 (nonnosum.

195 369 424 430 μέγΐστην
460 368 724 427 Ῥωμαίοις
768 370 1032 430 ἱερωσύνην
1076 354 1349 429 ἱερωμένῡὶ.
1419 369 1484 414 Oi
1515 367 1604 430 μὲν
1645 368 1705 428 δὴ
1737 369 1831 417 δύο
1874 354 2026 418 τῶνδε

199 444 505 509 ἀνῃρέθησαν
539 447 590 492 ἐν
623 451 679 508 τῇ
712 447 882 508 βουλῇ,
937 449 1068 495 καθά
1109 450 1304 509 Μάριος
1332 447 1627 510 προσέταξε,
1679 450 1776 495 τῶν
1809 450 2029 513 σφαγέων

198 525 248 579 ἐς
278 526 333 572 τὸ
356 526 699 590 βουλευτήριον
727 528 1091 586 εἰσαχθέντων·
1132 531 1371 588 Δομίτιος
1404 527 1750 591 δ’·ἐκτρὲχων,
1785 529 1913 589 παρὰ
1948 529 2031 588 τήν

200 605 364 655 ἔξοδον
397 605 642 669 ἀνῃρέθη,
689 612 770 656 καὶ
801 609 977 672 μικρὸν
1009 606 1101 669 πρὸ
1134 610 1220 654 τοῦ
1265 606 1616 669 βουλευτηρίου
1645 608 1917 660 Σκαιόλας.
1966 610 2034 653 Τά

201 701 252 730 τε
286 684 486 746 σώματα
518 687 682 734 αὐτῶν
719 687 770 741 ἐς
803 687 1135 748 τὸν-ποταμὸν
1165 684 1353 749 ἐρρίφη.
1418 685 1479 731 Cf.
1514 685 1666 730 Florus
1696 699 1769 731 ιη.
1798 699 1836 731 ¹0.
1855 688 1930 731 21.
1962 688 2036 730 21.

202 763 286 808 eie.
316 767 390 825 Ep.
415 764 465 809 ad
499 768 676 811 Paetum
711 765 782 824 (ad
813 768 931 811 Fam.
964 778 1024 810 lx.
1053 768 1126 809 21.
1157 769 1222 822 3.)
1255 765 1308 810 de
1340 764 1389 810 Ν.
1406 769 1458 810 D.
1481 779 1550 810 111.
1584 782 1619 810 c.
1639 766 1708 810 32.
1732 763 1808 809 89.
1835 762 1892 809 ‘de
1916 765 2040 810 Orat.

204 852 273 886 nr.
297 857 331 886 c.
354 845 394 886 3.
421 845 492 888 10.
557 843 733 887 Orosius
765 857 806 887 v.
838 859 874 886 c.
894 846 967 887 24.
1031 840 1172 897 valer.
1205 844 1310 887 Max.
1338 855 1399 887 xx.
1427 857 1464 886 c.
1482 845 1524 886 2.
1553 846 1594 887 3.

282 943 344 1018 (³)
387 945 520 999 Cum
559 945 707 1001 Sulla
741 947 967 1000 Romam
998 945 1272 1000 redierant
1299 951 1564 1010 oratoreS,
1600 930 1701 1016 Tqui
1733 963 1859 1000 eum
1892 962 1953 1000 eo
1987 945 2041 998 in

206 1042 406 1098 bellum
446 1022 874 1101 Mithridaticum
908 1053 1063 1101 erant
1100 1044 1354 1118 profecti;
1392 1046 1447 1099 in
1488 1045 1688 1117 quibus
1727 1045 1949 1100 fuerunt
1984 1045 2040 1100 G.

211 1143 524 1200 Scribonius
567 1146 757 1212 Curio,
811 1148 904 1202 Cn.
944 1154 998 1202 et
1035 1145 1365 1202 Reornelii
1403 1145 1643 1211 Lentuli,
1696 1146 1764 1200 M.
1805 1145 2046 1200 Licinius

209 1244 464 1309 CraSSUS,
527 1247 620 1302 Cn.
653 1246 940 1320 Pompeius
978 1246 1239 1319 Magnus,
1295 1246 1388 1320 qui
1428 1264 1614 1302 omnes
1654 1245 1832 1302 Sullae
1871 1253 2049 1301 eastra

212 1353 365 1401 erant
406 1348 608 1410 seeum
659 1366 696 1403 1.
744 1366 789 1402 e.
827 1353 916 1403 54.
969 1353 1095 1406 108.
1145 1349 1275 1404 item
1316 1349 1377 1404 G.
1419 1348 1674 1404 Aurelius
1714 1348 1903 1412 Cotta,
1954 1347 2050 1419 qui

211 1447 418 1503 dudum
451 1455 575 1503 ante
616 1450 687 1523 [V.
725 1449 792 1504 ad
825 1464 870 1504 a.
894 1453 1022 1505 664.
1059 1451 1134 1524 5.]
1173 1451 1230 1504 in
1271 1444 1520 1505 exsilium
1556 1449 1778 1505 abierat.
1819 1467 1856 1504 1.
1887 1466 1934 1503 e.
1959 1449 2050 1503 51.

207 1551 301 1603 99.

279 1650 481 1710 Dialogus
502 1649 556 1694 de
587 1653 757 1697 Orator.
788 1668 824 1696 e.
844 1655 926 1697 37.
959 1655 1000 1696 3.
1043 1653 1122 1696 Ex
1153 1651 1226 1696 lais
1254 1653 1484 1710 (Actorum
1510 1659 1554 1695 et
1587 1650 1899 1713 Epistolmum
1921 1649 2055 1694 libris

217 1729 434 1787 Muciani)
460 1728 663 1790 intelligi
679 1737 834 1790 potest
864 1731 936 1774 Cn.
965 1731 1226 1790 Pompeium
1248 1737 1293 1774 et
1318 1732 1378 1774 Μ.
1403 1731 1611 1775 Crassum
1631 1746 1716 1774 non
1737 1729 1908 1773 viribus
1928 1726 2055 1772 modo

211 1814 261 1850 et
294 1808 432 1850 armis
464 1806 544 1851 sed
567 1809 743 1869 ingenio
775 1824 946 1869 quoque
978 1815 1021 1852 et
1053 1807 1252 1851 oratioue
1282 1806 1509 1862 valuisse,·
1540 1807 1752 1851 Lentulos
1779 1814 1822 1850 et
1854 1805 2057 1851 Metellos

218 1892 261 1927 et
303 1884 517 1928 Lucullos
559 1893 602 1929 et
649 1886 858 1929 Curiones
896 1893 939 1929 et
971 1893 1159 1929 ceteram
1190 1901 1425 1945 procerum
1467 1901 1645 1928 manum
1676 1885 1866 1929 multum
1899 1885 1948 1928 in
1988 1883 2058 1927 his

218 1962 387 2006 studiis
425 1979 580 2023 operae
612 1979 829 2023 curaeque
857 1965 1094 2024 posuisse,
1136 1980 1213 2007 uec
1246 1978 1508 2024 quemquam
1540 1960 1639 2006 illis
1666 1962 1936 2023 temporibus
1965 1977 2058 2004 ma-

218 2057 353 2100 gnam
372 2042 624 2101 potentiam
656 2041 752 2084 sine
778 2040 935 2102 aliqua
963 2041 1215 2103 eloquentia
1246 2047 1539 2085 consecutum.
1605 2039 1720 2085 Conf.
1754 2044 1906 2101 Meyer.
1934 2041 2057 2082 Orat.

223 2122 349 2163 Rom.
375 2122 544 2181 Fragm.
574 2132 690 2164 nu.
717 2136 754 2181 p.
770 2123 875 2165 338.
908 2132 998 2165 mx.
1026 2137 1066 2182 p.
1086 2122 1189 2166 347.
1224 2132 1331 2164 rxlx
1355 2127 1400 2163 et
1421 2132 1523 2166 Lxx.
1550 2137 1590 2181 p.
1610 2123 1713 2165 381.
1745 2131 1867 2164 rxxx.
1896 2134 1937 2179 p.
1956 2118 2061 2162 382.

209 2210 385 2258 jrxxm.
418 2214 457 2258 p.
478 2201 583 2242 387.

306 2299 368 2374 (⁴)
413 2300 588 2366 Sulla,
629 2300 1001 2356 crudelissime
1036 2299 1310 2355 trucidata
1342 2316 1546 2371 *magna
1579 2299 1780 2354 civium
1820 2298 2064 2353 multitu-

221 2400 349 2454 dine
369 2443 381 2464 ‚
430 2401 546 2473 lege
586 2402 653 2456 ad
687 2401 943 2473 populum
982 2401 1091 2456 lata
1122 2400 1196 2456 ab
1230 2401 1499 2472 interrege
1542 2400 1599 2455 L.
1627 2399 1838 2455 Valerio
1873 2399 2066 2454 Flacco

229 2501 471 2554 Dictator
507 2507 754 2565 creatur,
806 2517 991 2555 omnes
1011 2543 1026 2566 ‚
1065 2514 1198 2572 quos
1232 2500 1419 2562 ederat
1442 2542 1458 2565 ,
1495 2507 1671 2555 morte
1705 2500 1940 2554 ‘mulctat
1972 2516 2067 2555 --eo-

234 2619 464 2672 rumque
502 2602 638 2656 hona
673 2601 934 2674 proscribi
969 2601 1134 2656 iubet.
1174 2620 1208 2655 1.
1239 2618 1299 2655 ιε.
1327 2605 1416 2655 54.
1455 2606 1579 2656 107.
1621 2619 1698 2656 111.
1736 2618 1788 2655 e.
1813 2604 1902 2655 52.
1943 2606 2068 2656 101.

231 2719 321 2756 vn.
358 2720 404 2756 e.
430 2707 517 2756 41.
560 2703 681 2757 107.
723 2719 831 2756 vm.
873 2718 919 2755 e.
944 2704 1032 2757 20.
1071 2704 1163 2756 ⁴50.
1204 2715 1275 2757 rx.
1319 2715 1369 2756 e.
1389 2702 1479 2756 29.
1517 2705 1609 2759 86.
1651 2703 1818 2769 es51.
1865 2705 1954 2757 90.

297 2803 487 2847 Velleius
516 2816 567 2848 Π.
597 2819 631 2849 c.
661 2805 735 2847 28.
764 2806 805 2847 2.
845 2796 1115 2847 Videbantur
1132 2796 1279 2865 finita
1311 2800 1418 2846 belli
1443 2798 1592 2846 civilis
1617 2801 1768 2859 mala,
1802 2818 1936 2864 quum
1968 2802 2072 2847 Sul·

237 2879 307 2923 lae
344 2880 610 2926 crudelitate
647 2891 782 2928 aucta
819 2890 939 2946 sunt.
1014 2878 1188 2941 Quippe
1230 2881 1440 2930 Dictator
1482 2888 1659 2924 creatus
1702 2882 1852 2938 (cuius
1895 2880 2074 2926 lionoris

235 2960 472 3020 usurpatio
491 2977 578 3020 per
599 2977 738 3006 annos
765 2974 856 3005 cxx
887 2960 1144 3004 intermissa
1155 2981 1174 3015 ‚-
1203 2975 1306 3002 nam
1324 2959 1569 3020 prox-imus¹
1582 2967 1694 3020 post
1719 2977 1908 3016 amium,
1943 2979 2076 3022 quam

236 3037 469 3084 Hannibal
491 3043 549 3099 [a.
572 3043 623 3085 U.
650 3044 694 3086 C.
724 3041 852 3098 552]
885 3037 1028 3082 Italia
1060 3044 1310 3081 excesserat
1328 3035 1424 3097 -)
1454 3037 1665 3098 imperio,
1698 3055 1784 3099 quo
1807 3040 1990 3100 priores
2017 3039 2079 3082 ad

233 3119 545 3163 vindicandam
575 3110 788 3163 maximis
812 3116 1034 3178 periculis
1065 3116 1381 3177 rempublicam
1412 3114 1519 3160 olim
1547 3117 1624 3160 usi
1655 3123 1812 3173 erant,
1847 3133 1894 3160 eo
1921 3118 1968 3160 in
1995 3118 2076 3160 im-

235 3197 431 3242 modicae
473 3198 759 3242 crudelitatis
798 3196 1023 3240 licentiam
1067 3212 1179 3239 usus
1213 3203 1296 3241 est.
1375 3196 1558 3239 Primus
1605 3194 1686 3239 ille
1727 3222 1788 3229 —
1831 3193 2080 3255 exemplum

231 3278 583 3337 proscriptionis
606 3276 783 3320 invenit
813 3303 904 3321 —-.
966 3270 1051 3317 Nee
1085 3281 1260 3319 tantum
1286 3276 1334 3318 in
1361 3291 1466 3330 eos,
1507 3275 1588 3334 qui
1618 3281 1771 3318 contra
1809 3289 1933 3315 arma
1968 3271 2080 3316 tule-

243 3361 374 3408 rant,
415 3354 494 3397 sed
517 3355 565 3398 in
597 3354 763 3399 multos
788 3355 986 3398 insontes
1017 3353 1248 3397 saevitum.
1311 3348 1543 3397 Adiectum
1575 3352 1735 3405 etiam,
1766 3357 1820 3392 ut
1848 3349 1957 3392 bona
1975 3362 2082 3410 pro-

240 3433 510 3492 scriptorum
536 3432 757 3488 venirent,
795 3431 1064 3491 exclusique,
1069 3430 1278 3490 paternis
1304 3430 1462 3490 opibus
1485 3426 1614 3473 liberi
1639 3429 1774 3472 etiam
1791 3427 2082 3488 petendorum

245 3514 458 3559 honorum
490 3515 594 3558 iure.
612 3509 980 3572 prohiberentur,
1012 3507 1259 3567 simulque,
1294 3507 1416 3567 quod
1439 3505 1799 3568 indignissimum
1832 3513 1899 3549 est
1917 3539 1930 3563 ‚
1963 3519 2088 3549 sena·
