2150 3990
222 227 328 278 226
797 237 1006 275 emano
1052 238 1121 275 nn
1173 237 1306 274 virA
1355 239 1466 278 suA

218 380 337 430 tum
402 371 691 435 iudicasse,
732 372 841 442 qui
882 371 1047 427 civis
1106 388 1199 426 me
1246 388 1366 426 non
1418 367 1854 436 defendisset,
1896 389 2033 430 eum

216 472 684 546 rempublicam
716 471 959 526 salvam
992 471 1312 528 noluisse?
1379 471 1566 543 Itaque
1586 476 2038 529 tantum-senatus

214 575 506 631 auctoritas
520 616 535 638 ,
558 579 768 628 tantum
787 574 984 628 eximia
1003 572 1238 628 consulis
1257 572 1492 644 dignitas
1511 571 1708 637 valuit,
1730 578 1792 627 ut
1811 571 2041 630 dedecus

212 681 266 730 et
299 675 565 747 flagitium
598 691 656 730 se
692 674 1029 730 committere
1067 679 1309 744 putaret,
1349 674 1395 728 si
1429 673 1550 745 quis
1581 689 1688 728 non
1719 674 1946 731 veniret.

285 874 522 940 XXVIII.
604 877 691 928 70.
733 871 989 943 Idemque
1045 871 1232 926 consul
1249 914 1271 936 ,
1331 888 1527 944 quum(
1557 873 1650 930 illa
1705 871 2036 930 incredibilis

209 974 500 1030 multitudo
538 974 763 1028 Romam
783 1013 800 1038 ,
851 978 905 1026 et
938 987 1105 1044 paene
1137 970 1294 1028 Italia
1330 971 1449 1044 ipsa
1484 973 1747 1038 venisset,
1788 978 2037 1030 senatum

208 1073 706 1145 frequentissimum
758 1073 815 1127 in
861 1071 1182 1144 Capitolium
1227 1071 1557 1127 convocavit.
1646 1070 1765 1137 Quo
1798 1076 2040 1144 tempore
2148 1144 2150 1146 q

207 1179 468 1245 quantam
515 1174 628 1228 vim
674 1178 901 1229 naturae
946 1171 1158 1227 bonitas
1204 1171 1427 1228 haberet
1477 1176 1532 1229 et
1581 1186 1724 1228 vera?
1758 1170 2038 1236 nobilitas,

205 1273 436 1344 intelligi
467 1274 660 1345 potuit.
739 1272 875 1330 Nam
908 1272 970 1340 Q.
990 1271 1263 1336 MeteHUS,
1302 1277 1357 1327 et
1384 1271 1641 1329 inimicus
1672 1277 1726 1326 et
1757 1269 1927 1326 frater
1957 1272 2039 1326 in·
2147 1258 2150 1284 ²

207 1374 386 1439 imici,
426 1378 704 1445 perspecta
742 1372 1075 1444 reliquorum
1113 1371 1419 1437 voluntate,
1457 1372 1646 1426 omnia*
1668 1371 1878 1442 privata
1916 1371 2041 1428 odia

206 1473 470 1546 deposuit.
547 1473 735 1544 Itaque
755 1478 773 1510 ¹
808 1471 897 1526 hic
936 1470 1040 1526 fuit
1073 1488 1179 1526 non
1217 1471 1375 1527 modo
1405 1470 1597 1526 salutis
1628 1470 1876 1526 defensor
1886 1483 1904 1536 ,·
1941 1473 2039 1543 qui

205 1580 330 1629 ante
369 1574 469 1631 boc
515 1591 686 1631 unum
724 1572 1047 1628 beneficium
1086 1572 1264 1628 fuerat
1301 1572 1587 1636 inimic-us,
1638 1588 1828 1628 verum
1871 1572 2042 1630 etiam,
2124 1626 2131 1636 ,

204 1676 470 1746 ascriptor
513 1674 795 1744 dignitatis
844 1689 1012 1729 meae.
1113 1675 1201 1727 71.
1255 1671 1372 1739 Quo
1421 1671 1644 1743 quidem
1692 1671 1809 1738 die,
1865 1688 2037 1744 quum
2121 1703 2123 1750 j

203 1793 429 1831 ccccxvn
466 1792 532 1830 ex
571 1781 764 1830 senatu
801 1780 1011 1839 essent,
1049 1775 1403 1845 magistratus
1441 1779 1625 1829 autem
1662 1790 1848 1830 omnes
1885 1773 2034 1833 ades·
2128 1767 2150 1825 ξ»,-

203 1882 357 1941 sent,
393 1876 648 1931 dissensit
686 1892 858 1939 unus,
898 1876 975 1940 is,
1014 1875 1108 1946 qui
1146 1890 1245 1929 sua
1275 1873 1398 1944 lege
1431 1873 1937 1930 coniuratos‘etiam
1967 1874 2036 1930 ab
2128 1863 2150 1948 Γῇ

203 1975 395 2031 inferis
425 1974 735 2031 excitandos
774 1980 1008 2046 putarat.
1087 1975 1261 2046 Atque
1295 1973 1391 2028 illo
1424 1973 1540 2038 die,
1581 1989 1749 2044 quum
1789 1990 2034 2046 rempu-
2122 1986 2150 2067 f

202 2076 430 2132 blicam
454 2077 612 2131 meis
638 2075 931 2131 consiliis
958 2080 1395 2132 conservatam
1428 2074 1764 2144 gravissimis
1781 2073 1959 2128 verbis
1979 2080 2034 2130 et
2116 2066 2150 2128 ΙΨ·

203 2176 459 2249 plurimis
479 2175 779 2231 iudicatum
805 2181 981 2241 esset,
1019 2174 1164 2230 idem
1197 2173 1385 2229 consul
1417 2174 1659 2239 curavit,
1691 2179 1752 2228 ut
1784 2173 1975 2233 eadem
2001 2191 2034 2231 a

201 2275 536 2348 principibus
587 2276 824 2331 civitatis
874 2276 932 2331 in
983 2275 1243 2331 concione
1289 2279 1510 2347 postero
1548 2273 1647 2331 die·
1686 2273 2030 2331 dicerentur:
2121 2272 2125 2280 ’

201 2393 373 2447 quum
411 2375 629 2449 quidem
669 2377 783 2449 ipse
815 2376 927 2449 egit
965 2376 1318 2432 ornatissime
1338 2392 1594 2433 caussam]
1618 2392 1828 2441 meam,
1862 2374 2032 2448 perfe-
2114 2447 2121 2459 f

201 2477 408 2547 citque,
448 2482 659 2532 astante
697 2483 858 2548 atque
896 2476 1150 2533 audiente
1182 2476 1338 2532 Italia
1370 2483 1512 2541 tota,
1551 2483 1619 2535 ut,
1652 2493 1809 2535 nemo
1853 2477 2032 2532 cuius·

199 2593 367 2648 quam
403 2577 655 2633 conducti
687 2583 783 2632 aut
820 2576 1023 2648 perditi
1049 2593 1239 2633 vocem
1268 2577 1521 2635 acerbam
1556 2583 1727 2649 atque.
1757 2579 2033 2634 inimicam
2075 2619 2098 2637 ,,

199 2676 352 2733 bonis
391 2683 569 2750 posset
600 2676 804 2734 audire.

277 2877 464 2934 XXIX.
548 2880 634 2932 72.
677 2875 916 2933 Habuit2
969 2877 1140 2947 igitur
1188 2875 1448 2949 postridie
1499 2875 1568 2931 de
1608 2875 1794 2933 eodem
1845 2892 1933 2931 me
1971 2877 2036 2934 Ρ..
2099 2845 2103 2852 ²

201 2978 461 3034 Lentulus
500 2977 1053 3034 eonsulreonoionem.
1133 2976 1436 3032 Concursus
1469 2982 1552 3033 est
1583 2976 1764 3049 populi
1803 2975 2030 3033 Romani
2097 2994 2105 3056 f

202 3078 403 3135 factus:
444 3096 633 3134 omnes
661 3078 903 3143 ordineS,
938 3084 1051 3133 tota
1084 3078 1140 3132 in
1174 3077 1264 3132 illa
1298 3079 1552 3135 concione
1584 3077 1741 3135 ltalia
1767 3078 2034 3133 constitit..
2100 3079 2111 3085 ’“

201 3180 327 3251 Egit
379 3197 625 3235 caussam
686 3197 897 3236 summa
955 3197 1080 3235 cum
1139 3181 1405 3251 gravitate
1462 3180 1719 3251 copiaque
1776 3177 2030 3244 dicendi,
2098 3167 2150 3257 ’ᾖ

202 3286 353 3335 tanto
373 3281 607 3346 silentio,
640 3288 792 3336 tanta
825 3280 1203 3353 approbatione
1228 3281 1497 3343 omnium,
1532 3278 1666 3335 nihil
1687 3284 1746 3334 ut
1770 3295 2030 3353 umquam
2095 3315 2150 3345 2.

262 3513 299 3569 ²)
333 3508 441 3555 lbid.
477 3511 590 3566 §25
625 3536 683 3543 —
714 3511 756 3570 2)
788 3526 864 3571 pro
895 3509 1037 3555 Sextio
1065 3525 1100 3555 c.
1119 3513 1192 3554 50.
1228 3511 1371 3567 §1072
