2210 3970
222 228 331 279 598
682 238 1011 277 ANNALES
1068 238 1579 276 clcERONlANl.

217 378 297 415 ret.
362 370 485 414 Fecit
520 370 674 429 itaque
712 385 866 413 nomen
892 368 1100 429 parentis
1138 382 1224 410 non
1252 366 1362 426 filio
1396 366 1695 423 invidiosum,
1735 366 1818 411 sed
1842 369 1957 428 ipsi,
2001 371 2049 413 in

214 463 350 507 quam
379 446 621 491 dicebatur.

292 533 354 606 (⁷)
399 531 502 586 Sed
541 532 649 586 iam
687 539 811 586 ante
850 528 1157 610 defenderat
1198 531 1576 586 Scamandrum
1597 573 1612 593 ,
1655 529 1910 586 libertum
1949 533 2047 587 Fa-

211 633 526 687 briciorum.
564 651 619 688 11.
655 650 700 687 c,
726 634 813 688 28.
859 636 925 688 75
955 650 1069 704 sqq.

274 731 464 791 Quintil.
491 745 554 778 xl.
588 748 624 777 e.
643 736 684 778 1.
722 735 792 776 74.
832 731 1082 793 Difficilior
1112 732 1155 775 ei
1185 731 1427 790 (Ciceroni)
1458 731 1576 775 ratio
1606 731 1656 774 in
1686 728 1856 775 iudicio
1893 730 2048 776 Cluen-

213 811 335 854 tiano
352 809 460 868 suit
469 843 487 867 ,.
528 827 664 871 quum
699 809 1018 854 Scamandrum
1043 824 1216 853 necesse
1249 808 1427 853 liaberet
1463 808 1606 853 dicere
1636 815 1881 863 nocentem,
1916 809 2048 853 cuius

209 894 360 949 egerat
385 902 603 932 caussam.
671 889 712 931 V
707 903 829 931 erum
853 885 975 937 illud
995 885 1350 947 elegantissime,
1383 903 1520 947 quum
1546 902 1716 944 eorum,
1748 903 1777 931 a
1799 886 1962 948 quibus
1988 887 2051 932 ad

209 981 258 1011 se
280 964 526 1025 perductus
558 971 704 1020 esset,
729 964 968 1025 precibus,
1001 972 1096 1008 tum
1124 965 1261 1008 etiam
1291 963 1589 1013 adolescentia
1619 980 1705 1009 sua
1731 967 1942 1010 excusat.-
1976 965 2047 1010 de-

211 1049 441 1086 tracturus
472 1041 646 1102 alioqui
662 1040 775 1110 plus
805 1043 1122 1098 auctoritatis,
1154 1040 1221 1098 si,
1254 1041 1303 1086 in
1334 1058 1496 1087 caussa
1518 1044 1789 1105 praesertim
1817 1052 2047 1105 suspecta,

210 1134 258 1164 se
281 1135 379 1163 eum
407 1134 502 1163 esse
519 1151 532 1174 ,
565 1119 645 1180 qui
671 1125 830 1163 temere
860 1107 1064 1163 nocentes
1094 1119 1209 1163 reos’
1194 1119 1501 1180 susciperet,
1523 1118 1768 1179 fateretur.

286 1205 353 1280 (⁸)
392 1204 589 1260 Multas
619 1211 895 1277 praeterea
935 1189 1067 1260 alias
1105 1207 1374 1261 orationes
1410 1205 1626 1262 videtur
1662 1206 1915 1262 hahuisse
1936 1250 1951 1272 ,
1989 1225 2043 1262 11.

212 1325 259 1362 ο.
300 1311 387 1361 28.
436 1311 521 1362 75.
573 1313 634 1361 ut
679 1324 775 1378 pro
833 1308 933 1363 M.
967 1304 1273 1373 Fundanio,
1324 1323 1422 1379 pro
1469 1307 1522 1362 0.
1573 1307 1841 1374 Orchivio,
1900 1307 2048 1363 alias,

212 1408 453 1479 Denique
486 1407 650 1461 etiam
687 1413 927 1473 extremo
968 1424 1152 1473 mense
1191 1407 1356 1463 huius
1394 1409 1523 1462 anni
1561 1406 1799 1491 defendit
1843 1409 1895 1463 G.
1927 1408 2050 1464 Ma-

214 1508 420 1563 uilium.

276 1603 327 1658 Q.
345 1598 489 1643 Cicero
504 1597 557 1641 de
576 1598 700 1659 petit.
719 1583 834 1643 cons.
852 1613 889 1642 c.
907 1602 950 1643 5.
970 1600 1042 1644 19.
1075 1601 1169 1643 Hoc
1186 1599 1358 1645 biennio
1375 1607 1591 1662 quattuor
1605 1598 1872 1646 sodalitates
1889 1599 2053 1645 civium

211 1677 274 1722 ad
287 1677 569 1720 ambitionem
585 1676 1021 1739 gratiosissimorum
1033 1676 1119 1721 tibi
1134 1676 1370 1738 obligasti,
1399 1681 1458 1735 M.
1475 1677 1724 1735 Fundanii,
1756 1677 1806 1736 Q.
1830 1676 1973 1722 Gallii
1988 1679 2053 1736 [v.

214 1755 268 1800 ad
279 1772 316 1800 a.
336 1757 440 1799 690.
456 1756 542 1812 7.]‚
561 1755 603 1798 C.
626 1753 816 1809 Cornelii
827 1751 890 1812 [V.
908 1753 963 1799 ad
978 1771 1015 1799 a.
1035 1757 1141 1800 689.
1154 1757 1221 1813 3.]
1234 1787 1248 1811 ,
1269 1756 1312 1800 G.
1330 1755 1553 1802 Orchivii:
1573 1755 1727 1801 horum
1739 1756 1786 1800 in
1802 1755 1977 1800 caussis
1992 1753 2055 1799 ad

214 1841 257 1878 te
279 1831 531 1892 deferendis
552 1831 764 1892 quidnam
779 1848 927 1896 eorum
952 1831 1126 1877 sodales
1142 1832 1228 1877 tibi
1253 1832 1496 1894 receperint
1513 1840 1558 1878 et
1574 1833 1886 1895 confirmarint
1901 1867 1915 1891 ,
1932 1834 2024 1877 scio
2046 1852 2055 1861 ·

212 1928 314 1956 nam
339 1910 545 1969 interfui.
579 1909 664 1954 cic.
682 1909 836 1971 fragm.
854 1913 972 1954 Orat.
999 1913 1040 1955 1.
1069 1926 1146 1971 pro
1163 1909 1356 1954 Cornelio
1373 1926 1414 1971 p.
1436 1898 1623 1954 129211.
1642 1914 1684 1955 5.
1716 1911 1889 1955 Petivit
1905 1918 2052 1955 tamen

214 2006 243 2033 a
258 2006 326 2034 me
337 1996 548 2050 praetore
566 1987 764 2031 maxima
780 1987 1121 2043 contestatione,
1154 1994 1207 2031 ut
1231 2002 1437 2031 caussam
1453 1986 1634 2032 Manilii
1649 1986 1940 2047 defenderem·
1974 1991 2052 2032 As-

212 2083 306 2112 con.
329 2067 375 2110 in
394 2064 630 2111 Cornelian.
650 2083 688 2126 p.
709 2069 781 2110 60.
829 2067 887 2109 M.
906 2063 1125 2111 Manilius
1150 2090 1209 2097 —
1232 2063 1450 2108 iudicium
1459 2081 1545 2125 per
1556 2080 1790 2158 aperui-um
1806 2064 1938 2110 duces
1955 2072 2051 2110 tur·

214 2147 405 2191 baverat.
469 2143 690 2189 Plutum-..h
709 2127 793 2188 Cic.
820 2159 855 2188 c.
875 2146 916 2189 9.
935 2148 976 2188 3.
1010 2146 1130 2188 ’Έτι
1159 2142 1205 2188 δ’
1228 2139 1404 2206 ἡμέρας
1433 2142 1525 2189 δύο
1558 2142 1588 2202 ἢ
1617 2151 1745 2207 τρεῖς
1771 2143 1938 2202 ἔχοντι
1970 2147 2053 2203 τῆς

210 2225 364 2288 ἀρχῆς
392 2223 526 2286 αὐτῷ
548 2219 816 2285 προσήγαγέ
851 2238 926 2274 τις
949 2222 1199 2269 Μανίλιον
1223 2222 1458 2270 εὐθύνων
1485 2224 1679 2282 κλοπῆς.
1736 2215 1784 2270 Ο
1809 2221 1862 2271 δὲ
1885 2227 2053 2271 Μανί-

215 2308 320 2359 λιος
344 2295 491 2356 οὗτος
512 2296 715 2349 ειὶνοιαν
741 2297 847 2360 εἶχε
877 2306 960 2348 καὶ
991 2302 1205 2362 σπουδήν
1234 2301 1328 2350 ὑπὸ
1359 2306 1457 2350 τοῦ
1461 2301 1633 2366 δήμου
1660 2300 1821 2348 δοκῶν
1854 2301 2053 2353 ἔλαυνε-

213 2388 339 2433 σθαι
371 2384 456 2430 δια
486 2379 771 2443 Πομπήιον·
809 2379 998 2428 ἐκεινου
1025 2383 1113 2447 γὰρ
1147 2376 1221 2442 ἧν
1236 2383 1434 2443 φιλος.
1461 2381 1771 2444 Λίτουμένου
1807 2385 1852 2431 δ’
1874 2384 2050 2448 ἡμέρας

215 2464 371 2514 αὐτοῦ
414 2465 531 2523 μίαν
565 2461 605 2507 ὁ
645 2460 870 2523 Κικέρων
900 2463 1055 2523 μόνην
1099 2462 1185 2521 τήν
1225 2461 1466 2511 ἐπιοῦσαν
1498 2461 1670 2519 ε’δωκε·
1724 2468 1819 2512 καὶ
1842 2465 1871 2512 o‘
1899 2466 2050 2527 δῆμος

211 2544 561 2609 ἠγανάκτησεν,
593 2539 893 2600 εἰθισμένων
923 2542 1018 2588 τῶν
1050 2543 1329 2604 στρατηγῶν
1356 2541 1475 2593 δέκα
1505 2543 1838 2601 τούλάχιστον
1863 2544 2050 2607 ἡμέρας

210 2625 411 2671 διδόναι
451 2629 553 2673 τοῖς
590 2619 944 2668 κινδυνείουσι.
1010 2621 1115 2667 Τῶν
1155 2620 1209 2669 δέ
1237 2622 1493 2685 δημάρχων
1531 2622 1686 2670 αὐτὸν
1723 2623 2052 2688 διαγαγόντων

213 2704 296 2752 ἐπὶ
319 2702 373 2751 τὸ
395 2702 525 2764 βῆμα
546 2704 627 2747 καὶ
650 2701 1061 2762 κατηγορούντων,
1091 2700 1398 2760 ἀκουσθῆναι
1421 2701 1621 2761 δεηθεὶς
1644 2699 1806 2761 εἶπεν,
1837 2704 1919 2750 ὅτι
1945 2713 2050 2760 τοῖς

214 2784 583 2831 κινδυνεύουσιν
625 2778 704 2825 ἀεὶ
723 2813 736 2836 ,
787 2781 903 2836 καθ’
952 2779 1070 2829 ὅσον
1113 2781 1163 2828 οἱ
1209 2783 1357 2843 νόμοι
1403 2784 1690 2844 παρείκουσι
1710 2815 1725 2841 ,
1759 2785 2049 2847 κεχρημένος

215 2862 444 2914 ἐπιεικῶς
484 2864 565 2909 καὶ
598 2857 985 2922 φιλανθρώπως,
1024 2860 1186 2908 δεινὸν
1220 2860 1380 2924 ἡγεῖτο
1410 2862 1476 2925 τῷ
1515 2864 1747 2927 Μανιλίῳ
1786 2865 1944 2914 ταύτὰ
1984 2869 2051 2929 μή

215 2950 482 3007 παρασχεῖν
501 2957 512 2969 ·
545 2930 600 2998 ἧς
631 2933 718 2985 οὖν
747 2938 824 2985 ἔτι
854 2939 1006 3000 μόνης
1039 2943 1211 3004 κύριος
1237 2935 1295 3001 ἢν
1321 2940 1499 3005 ἡμέρας
1525 2945 1828 3008 στρατηγῶν,
1867 2949 2046 3007 ταύτην

214 3022 440 3082 ἐπίτηδες
469 3020 659 3082 ὁρίσαι·
698 3021 755 3066 τὸ
781 3019 876 3083 γὰρ.
893 3021 967 3073 εἰς
994 3019 1141 3067 ἄλλον
1170 3020 1386 3085 ἄρχοντα
1412 3022 1501 3081 τήν,
1521 3027 1686 3085 κρίσιν
1711 3022 1936 3086 ἓκβαλεῖν
1956 3028 2048 3074 οὐκ

214 3099 345 3152 εἶναι
378 3099 674 3164 βουλομένου
717 3099 940 3160 βοηθεῖν.
1017 3105 1186 3147 Ταῦτα
1223 3100 1466 3161 λεχθέντα
1511 3105 1800 3166 θαυμαστήν
1846 3105 2047 3165 bucinas

215 3189 304 3232 τοῦ
344 3182 499 3243 δήμου
534 3177 837 3242 μεταβολήν·
887 3181 984 3224 καὶ,
1013 3181 1171 3227 πολλὰ
1210 3187 1629 3245 κατευφημοῦντες
1660 3184 1812 3231 αὐτὸν
1851 3183 2048 3233 ἐδέοντο

219 3267 303 3324 τήν
335 3262 457 3324 ὑπὲρ
489 3265 576 3308 τοῦ
601 3262 1182 3323 ’Μανιλίουῧσυνηγορὶαν
1214 3261 1488 3323 ἀναλαβεῖν.
1557 3266 1612 3311 Ὃ
1641 3264 1685 3310 δ’
1717 3263 1902 3325 ὑπέστη
1933 3282 2070 3329 neo·-

213 3347 415 3405 θύμως,
450 3341 546 3399 οὐχ
570 3339 745 3399 ἥκιστα
776 3340 862 3385 διὰ
886 3338 1144 3400 Πομπήιον
1175 3340 1396 3389 ἀπόντα·
1433 3347 1517 3390 καὶ
1550 3346 1791 3396 καταστὰς
1821 3346 1969 3391 πάλιν
1995 3344 2070 3396 ἐξ.

220 3424 432 3485 ὑπαρχῆς
473 3418 806 3484 ’ἐδημηγόρησε
826 3421 1058 3473 νεανικῶς
1091 3418 1187 3466 τῶν
1227 3421 1553 3486 ὀλιγαρχικῶν
1587 3427 1670 3470 καὶ
1707 3425 1772 3487 τῷ
1802 3428 2043 3488 Πομπηίῳ

214 3503 535 3566 φθονούντων
569 3497 951 3561 καθαπτόμενος.
1016 3498 1077 3544 Cf.
1097 3500 1174 3545 Dio
1201 3514 1359 3548 xxxvs.
1393 3519 1428 3548 c.
1449 3500 1521 3570 27.
1548 3504 1603 3561 (c.
1625 3506 1695 3548 44.
1732 3503 1887 3563 Bekk.)

2189 3420 2192 3426 ’
2188 3185 2210 3386 'QZ-³⁸52
2196 3110 2210 3169 .;;.
2202 3080 2210 3096 ·.
2204 3054 2206 3061 -
