2150 3990
503 237 556 290 L.
584 236 668 290 vi.
712 233 964 290 0.xx1x.
1009 233 1047 307 g
1074 238 1140 288 73
1182 262 1258 274 --
1296 250 1340 286 ο.
1367 234 1524 290 xxx.
1569 235 1720 309 §76.
1919 234 2023 290 273

195 387 393 460 patria,
434 386 695 444 fortunae.
774 385 931 442 Alter
960 385 1166 441 salvum
1213 401 1300 440 me
1332 402 1450 440 esse
1482 387 1681 459 cupiit:
1723 383 1859 443 alter
1898 385 2026 442 fecit

194 488 390 553 etiam,
412 493 484 542 ἰιι
511 504 627 543 esse
648 503 875 560 possem.
957 489 1043 542 74.
1083 484 1347 558 Equidem
1370 492 1385 523 ¹
1423 486 1490 540 ad
1517 486 1752 558 reliquos
1784 484 2022 550 labore8‚

191 603 325 659 quos
364 586 421 641 in
452 585 553 641 hae
586 602 778 641 caussa
810 587 1039 642 maiores
1060 586 1302 657 suscepi,
1328 601 1492 657 quam
1527 587 1582 640 in
1615 587 1836 652 ceteris,
1855 586 2024 641 etiam

191 685 332 743 hane
386 685 687 741 molestiam
727 687 988 751 assumsi,
1039 683 1180 759 quod
1226 685 1363 740 mihi
1392 702 1527 741 non
1578 686 1753 741 solum
1793 702 1890 758 pro
1926 685 2022 741 Gn.

191 784 406 841 Plancio
438 783 726 840 dicendum
764 792 916 851 erat,
967 786 1126 842 ouius
1175 802 1273 858 ego
1319 785 1548 842 salutem
1588 803 1694 841 non
1734 802 1922 851 secus,
1959 801 2023 841 ae

189 901 365 944 meam
403 887 545 942 tueri
579 885 835 942 debebam
856 930 871 953 ‚
910 886 1004 943 sed
1041 888 1206 943 etiam
1244 904 1341 960 pro
1378 903 1465 943 me
1505 888 1620 961 ipso
1641 929 1656 952 ‚
1695 886 1762 943 de
1799 903 1906 960 quo
1936 903 2024 942 ae·

187 991 463 1042 cusatores
501 986 658 1059 plura
689 1004 858 1060 paene
897 1004 1060 1060 quam
1092 987 1158 1043 de
1196 1005 1256 1043 re
1282 1005 1479 1065 reoque
1510 988 1776 1044 dixerant.
1828 988 2024 1056 Quam·

187 1103 377 1161 quam,
404 1087 547 1161 quod
574 1094 691 1144 erat
722 1089 780 1144 in
808 1104 896 1144 me
930 1090 1044 1161 ipso
1078 1090 1154 1144 ita
1186 1089 1598 1162 reprehensum,
1634 1095 1696 1144 ut
1726 1088 1781 1143 id
1810 1104 1843 1144 a
1869 1087 2026 1144 Plan·

185 1188 270 1247 cio
309 1189 616 1246 seiunctum
667 1195 842 1254 esset,
895 1206 1000 1243 non
1046 1205 1133 1244 me
1180 1189 1234 1243 id
1282 1205 1477 1260 magno
1527 1205 1705 1261 opere*
1737 1187 2024 1243 conturbat

187 1288 308 1347 batt
339 1303 451 1345 ⁴*non
478 1288 623 1343 enim
650 1287 906 1343 timebam
922 1329 939 1351 ,
966 1304 1059 1351 ne,
1091 1288 1219 1358 quia
1245 1302 1466 1358 perraro
1493 1288 1634 1357 grati
1662 1286 1908 1341 homines
1940 1303 2023 1343 τοι

184 1386 501 1460 perimitur,
540 1385 777 1451 ideireo,
818 1401 987 1457 quum
1026 1401 1115 1440 me
1154 1386 1385 1440 nimium
1424 1392 1642 1456 gratum
1683 1385 1760 1439 ini
1793 1402 1911 1441 esse
1942 1385 2024 1440 di·

180 1491 419 1552 omens
433 1485 489 1542 id
526 1484 663 1542 mihi
700 1485 1053 1542 criminosum
1094 1499 1211 1542 esse
1250 1491 1446 1556 posset.

256 1686 418 1744 XXX.
481 1691 568 1745 75.
607 1687 858 1744 Etenim²
892 1702 1061 1759 quum
1077 1685 1327 1742 omnibus
1348 1703 1434 1741 me
1455 1686 1750 1742 virtutibus
1763 1686 2016 1743 affectum

178 1802 298 1844 esse
332 1787 521 1862 cupio,
558 1794 677 1845 tum
719 1786 855 1843 nihil
895 1794 1014 1853 est,
1047 1786 1190 1859 quod
1229 1786 1416 1843 malim
1437 1829 1453 1852 ‚
1481 1799 1645 1860 quam
1685 1804 1772 1843 me
1804 1794 2017 1860 etgra-

176 1894 297 1946 tum
326 1904 481 1957 esse,
510 1894 566 1946 et
602 1888 792 1945 videri.
872 1887 1014 1944 Haec
1052 1893 1136 1944 est
1165 1887 1311 1943 enim
1353 1903 1461 1943 una
1486 1888 1666 1944 virtus
1703 1889 2017 1945 non-solum

178 1989 444 2059 maxima,
500 1988 595 2057 sed
630 1989 798 2046 etiam
849 1994 1026 2044 mater
1062 1989 1331 2046 virtutum
1352 1988 1609 2044 omnium
1661 1989 2016 2061 reliquarum.

179 2088 636 2163 Quid¹2est=·pietas
657 2132 672 2155 ,
713 2090 819 2145 nisi
859 2089 1107 2144 voluntas
1138 2095 1294 2160 grata
1325 2090 1382 2143 in
1422 2089 1714 2160 parentes?
1756 2090 1858 2161 qui
1890 2096 2022 2148 sunt

177 2190 304 2246 honi
329 2190 474 2247 eives
494 2226 510 2256 ,
548 2191 642 2263 qui
687 2190 842 2255 belli,
876 2191 971 2262 qui
1022 2189 1170 2244 domi
1219 2189 1286 2244 de
1324 2189 1502 2261 patria
1545 2188 1680 2245 bene
1710 2197 1981 2246 merentes
2000 2229 2018 2256 ‚

177 2290 284 2346 nisi
316 2291 412 2364 qui
449 2291 657 2364 patriae
677 2290 938 2346 beneficia
970 2290 1378 2346 meminerunt?
1419 2290 1515 2362 qui
1555 2292 1730 2345 saneti
1752 2332 1766 2355 ‚
1806 2291 1901 2363 qui
1933 2307 2017 2348 re·

176 2391 443 2464 ligionum
469 2390 730 2456 nolenteS,
772 2392 877 2446 nisi
908 2392 1002 2463 qui
1041 2391 1293 2445 meritam
1332 2390 1437 2444 diis
1470 2390 1868 2446 immortalibus
1893 2408 2012 2462 gra-

175 2494 310 2551 tiam
348 2492 511 2549 iustis
539 2491 851 2548 *honoribus
887 2498 943 2547 et
976 2492 1203 2547 memori
1238 2498 1419 2547 mente
1458 2491 1805 2564 persolvunt?
1867 2492 2017 2561 Quae

175 2599 351 2670 potest
383 2592 862 2661 ÷e‘sse·‚iueunditas
893 2594 1037 2648 vitae
1057 2635 1071 2658 ,
1104 2592 1332 2648 sublatis
1364 2593 1659 2648 amicitiis?
1697 2609 1837 2666 quae
1855 2600 2017 2667 pomo

173 2696 414 2754 amieitia
440 2702 628 2769 -potest
653 2711 771 2751 esse
811 2695 958 2751 *inter
997 2694 1270 2766 ingratos?
1342 2697 1431 2750 76.
1474 2695 1607 2762 Quis
1643 2702 1727 2750 est
1765 2702 2011 2751 nostrum

170 2797 463 2853 liheraliter
499 2796 762 2852 educatus
780 2838 796 2861 ‚
823 2797 912 2851 eui
952 2812 1059 2851 non
1091 2795 1408 2851 educatores
1428 2839 1444 2861 ,
1476 2797 1566 2850 eui
1608 2812 1714 2850 non
1760 2798 2008 2868 magistri

172 2899 258 2954 sui
295 2905 459 2971 atque
478 2897 740 2954 doctores
760 2934 775 2962 ,
814 2898 903 2951 cui
942 2914 1049 2952 non
1088 2897 1238 2952 locus
1284 2897 1374 2953 ille
1406 2904 1592 2952 mutus
1626 2898 1769 2968 ipse,
1812 2897 1904 2951 ubi
1934 2896 2013 2950 ai·-

173 3005 264 3054 tus
308 3004 405 3054 aut
443 2996 634 3054 doetus
672 3004 779 3062 est,
818 3014 944 3052 oum
982 3004 1137 3070 grata
1176 2998 1546 3053 recordatione
1579 2999 1634 3052 in
1668 3004 1849 3053 mente
1892 3014 2008 3053 ver-

174 3098 359 3154 setur?
401 3098 566 3156 Cuius
608 3114 734 3170 opes
785 3103 967 3177 tantae
1006 3115 1122 3154 esse
1161 3106 1385 3171 possunt
1407 3141 1421 3163 ,
1462 3104 1557 3154 aut
1590 3115 1847 3170 umquam
1871 3097 2007 3177 *sue-

173 3205 326 3264 runt‚
368 3216 505 3272 quae
543 3200 660 3255 sine
694 3199 990 3254 multorum
1024 3201 1323 3254 amicorum
1356 3198 1546 3254 officiis
1582 3206 1725 3255 stare
1758 3201 2004 3271 possint?

173 3314 309 3370 quae
347 3306 523 3364 certe,
563 3299 772 3354 sublata
814 3301 1071 3354 memoria
1110 3308 1164 3355 et
1204 3301 1405 3371 gratia,
1455 3301 1601 3354 nulla
1641 3307 1851 3356 exstare
1892 3318 2006 3373 pos⁶

237 3531 273 3587 ι)
306 3527 411 3575 lbid.
443 3546 477 3577 ο.
499 3535 538 3575 1.
574 3533 658 3589 §a
696 3557 748 3565 -
785 3533 821 3589 2)
852 3530 957 3575 lbid.
990 3546 1025 3575 c.
1046 3535 1116 3576 33.
1153 3532 1263 3587 §ao

1672 3606 1727 3653 18
