2158 4030
109 376 163 418 se
193 361 409 420 defendi.
478 359 703 411 Primum
748 357 883 408 enim
903 395 915 414 ,
952 357 1046 408 etsi
1094 355 1313 406 concedo
1333 394 1346 412 ,
1393 370 1493 405 non
1529 355 1672 404 facile
1718 356 1771 404 in
1806 355 1941 406 omni

112 464 280 508 nostra
317 450 619 518 antiquitate
652 447 868 500 inveniri
902 454 1260 513 argumentum
1279 484 1292 507 ,
1326 445 1462 511 quod
1498 445 1577 496 vel
1608 445 1826 510 ipsorum
1855 445 1948 495 Vc·

111 556 278 598 terum
325 557 448 595 aevo
494 539 583 593 sed
617 537 911 605 praesertim
946 553 974 587 a
1009 536 1197 587 renatis
1231 535 1285 586 in
1319 534 1462 587 Italia
1502 534 1687 586 litteris
1721 534 1784 584 ad
1820 534 1948 584 hanc

115 650 274 702 usque
320 639 539 685 aetatem
585 637 688 680 tam
736 626 923 678 crebris
967 626 1405 678 lucubrationibus
1450 625 1734 692 expositum
1788 626 1853 674 sit
1900 633 1951 674 et

113 723 454 784 celebratum,
487 734 638 787 quam
679 733 807 784 quae
854 717 917 767 ad
952 718 1106 768 vitam
1154 725 1401 790 spectant-
1425 715 1707 776 Ciceronis,
1750 714 1846 764 boc
1883 724 1952 764 ta·

115 828 352 866 mennon
385 809 567 863 dubito
602 806 934 864 contendere,
968 806 1259 856 etiamnunc
1295 806 1347 856 in
1376 815 1514 857 tanta
1549 806 1681 855 mole
1710 804 1952 855 librorum

113 902 300 956 multas
347 913 606 968 superesse
639 898 796 949 huius
837 896 1123 962 argumenti
1154 904 1321 962 partes
1354 896 1436 947 vel
1470 895 1744 947 admodum
1779 895 1952 946 obscu-

112 1006 196 1044 ras
238 991 320 1044 vel
356 990 502 1058 plane
547 989 831 1056 neglectas:
869 1002 1021 1052 quae,
1058 986 1099 1036 si
1135 986 1421 1037 accuratius
1465 986 1723 1053 expositae
1755 996 1955 1044 essent,

114 1082 336 1134 multum
378 1079 557 1132 afferre
591 1087 794 1147 possent
829 1084 888 1128 ut
929 1076 1112 1127 melius
1154 1076 1563 1144 intelligerentur
1596 1086 1922 1128 monumenta
1942 1116 1955 1132 .

115 1187 245 1238 quae
286 1179 362 1223 tot
397 1169 681 1222 seculorum
721 1167 922 1233 ingenia
957 1176 1310 1217 exercuerunt.
1381 1167 1528 1226 Quod
1564 1167 1605 1217 si
1642 1182 1816 1218 verum
1854 1176 1958 1229 est,

116 1260 230 1327 quis
275 1265 429 1325 neget
473 1271 656 1324 magno
700 1270 849 1322 opere
886 1254 1198 1305 laudandum
1239 1270 1349 1306 esse
1369 1293 1380 1314 ,
1416 1255 1503 1321 qui
1539 1256 1592 1306 in
1643 1258 1961 1322 antiquitatis

37 1349 49 1369 ³
115 1347 286 1401 studio
345 1362 475 1414 quae
527 1346 739 1398 obscura
803 1352 953 1403 sunt,
1007 1358 1137 1395 nova
1189 1345 1301 1395 luce
1353 1344 1651 1397 collustrare
1712 1347 1961 1398 conetur?

40 1440 49 1486 ’.
116 1441 423 1507 quamquam
455 1435 579 1504 quid
625 1448 771 1486 meus
804 1433 886 1485 hic
927 1434 1235 1500 praestiterit
1273 1444 1511 1496 conatuS,
1545 1444 1598 1486 et
1633 1435 1846 1487 aliorum
1886 1437 1960 1487 iu·

50 1507 55 1539 ³
116 1527 257 1581 dicio.t
279 1527 564 1594 relinquere
598 1524 732 1576 malo
767 1532 821 1575 et
849 1524 1057 1591 longum
1093 1532 1171 1576 est
1206 1523 1302 1575 hoc
1331 1525 1440 1576 loco
1474 1525 1657 1577 dicere.
1733 1527 1961 1579 Alterum

60 1667 66 1670 ,
115 1626 194 1670 est
212 1656 234 1677 ,.
261 1616 397 1684 quod
441 1629 523 1668 me
558 1617 774 1668 fortasse
810 1614 963 1665 etiam
997 1614 1159 1680 magis
1199 1614 1472 1666 defendere
1519 1616 1712 1667 valeat:
1761 1633 1822 1667 eo
1873 1619 1965 1669 sal·

116 1716 221 1760 tem
254 1706 458 1758 nomine
488 1710 579 1765 ut,
627 1705 824 1758 etiamsi
866 1720 946 1755 res
980 1712 1126 1755 notas
1166 1719 1424 1755 enarrasse
1470 1706 1569 1757 dici
1604 1709 1819 1773 possim,
1855 1724 1962 1759 rem

63 1819 75 1854 η
119 1805 289 1852 tamen
334 1802 499 1848 actam
543 1796 706 1865 egisse
751 1795 851 1847 dici
898 1809 998 1845 non
1051 1794 1251 1861 possim.
1322 1794 1506 1862 Ecquis
1539 1796 1674 1848 enim
1719 1806 1797 1849 eat
1816 1837 1828 1856 ,
1875 1799 1964 1864 qui

118 1886 213 1942 hos
239 1885 637 1940 Commentarios
671 1887 753 1939 vel
781 1885 962 1937 leviter
996 1885 1275 1952 inspexerit
1294 1925 1306 1946 ,
1340 1886 1463 1952 quin
1499 1886 1763 1938 confestim
1799 1887 1968 1939 videat

116 1984 433 2033 novumesse
467 1977 745 2052 scripturae
775 1991 938 2045 genus
972 1984 1026 2027 et
1059 1991 1161 2042 quo
1190 1990 1340 2027 nemo
1359 2014 1372 2034 ‚
1407 1976 1545 2042 quod
1580 1977 1760 2039 sciam,
1794 1978 1846 2029 in
1870 1977 1966 2030 hoc

52 2071 53 2074 ’
119 2075 418 2136 argumento
452 2081 679 2133 unquam
709 2082 833 2119 usus
868 2063 973 2117 sit?
1042 2065 1141 2126 Qui
1175 2068 1311 2117 enim
1345 2065 1512 2118 adhuc
1540 2067 1604 2118 de
1639 2071 1742 2125 vita
1774 2067 1966 2120 Cicero·

122 2156 578 2223 nis'scripserunt,
622 2156 686 2206 ad
729 2171 891 2206 unum
936 2170 1110 2206 omnes
1155 2155 1227 2206 ita
1263 2171 1345 2206 res
1382 2167 1757 2223 exposuerunt,
1795 2167 1855 2210 ut
1895 2160 1968 2211 lii·

12 2229 14 2239 ¹
122 2245 294 2298 stoi-ici
333 2245 528 2304 solent,
578 2261 670 2296 suo
695 2246 809 2312 ..ipsi
850 2258 1080 2296 sermone
1128 2251 1362 2303 utentes,
1416 2261 1509 2297 suo
1543 2247 1792 2299 arbitratu
1838 2249 1968 2301 iudi·

121 2335 323 2387 cantes:
361 2349 456 2402 ego
491 2342 666 2386 contra
684 2372 697 2393 ,
733 2334 909 2384 relicta
944 2333 1139 2400 vulgari
1177 2335 1254 2385 via
1273 2373 1285 2392 ,
1322 2349 1523 2386 omnem
1558 2352 1841 2390 sermonem
1883 2341 1969 2391 tri·

47 2427 74 2498 ’,-
121 2424 212 2476 bui
239 2422 334 2490 ipsi
367 2421 627 2492 Ciceroni,
663 2422 716 2474 id
745 2430 824 2474 est
842 2461 855 2481 ‚
891 2423 1058 2475 verbis
1089 2432 1239 2475 utens
1272 2439 1372 2475 non
1403 2426 1531 2477 meis
1567 2427 1655 2478 sed
1690 2427 1967 2488 Ciceronis,

66 2527 70 2534 ’·
117 2513 411 2568 Ciceronem
445 2512 569 2564 finxi
609 2513 673 2566 de
712 2530 803 2565 sua
837 2514 1003 2580 ipsum
1039 2515 1143 2565 vita
1177 2514 1504 2576 scribentem,
1538 2516 1608 2567 ita
1652 2528 1744 2580 ut,
1779 2521 1866 2586 qui
1900 2523 1969 2573 le·

71 2595 91 2627 ·’
123 2605 228 2673 git,
274 2615 375 2656 non
421 2603 577 2655 alium
598 2656 602 2660 ,
624 2604 711 2656 sed
757 2603 1048 2686 Ciceronem
1095 2605 1264 2671 legere
1310 2604 1555 2658 videatur.
1625 2608 1771 2668 Quod
1806 2628 1969 2679 genus

31 2767 37 2770 ⁴
125 2693 372 2748 scribendi
401 2702 620 2760 quantae
657 2709 837 2761 operae
871 2695 1012 2746 labor
1041 2695 1105 2745 sit
1148 2695 1426 2761 quantique
1466 2700 1728 2764 temporis,
1765 2702 1848 2752 vix
1883 2720 1969 2755 ne·

124 2785 388 2838 mnas-erit
412 2783 590 2837 multis
614 2785 862 2851 explicare
878 2825 889 2844 ,
926 2802 1086 2851 quum
1110 2786 1264 2836 etiam
1296 2801 1380 2836 me
1406 2795 1603 2839 tacente
1638 2790 1968 2860 intelligatur.

36 2867 93 2910 ’Ἢ
125 2873 261 2926 Nolo<
284 2886 675 2926 commemorare
709 2875 832 2940 quid
868 2875 934 2926 sit
969 2877 1136 2927 omnia
1174 2875 1427 2927 Ciceronis
1473 2879 1654 2945 scripta
1696 2882 1766 2931 ita
1800 2883 1969 2949 legere

126 2968 186 3015 ut
227 2978 402 3015 omnes
443 2964 647 3015 omnino
698 2965 860 3024 locos,
908 2967 961 3016 in
1009 2967 1194 3032 quibus
1239 2966 1323 3016 hic
1367 2982 1537 3018 rerum
1592 2986 1798 3022 suarum
1850 2973 1970 3026 facit

126 3055 467 3113 mentionem,
503 3054 756 3107 describas
791 3057 1051 3123 singulos;
1090 3058 1178 3108 sed
1223 3072 1423 3107 omnem
1465 3058 1594 3108 hanc
1633 3060 1970 3115 innumerabi-

125 3144 252 3196 lium
296 3145 554 3203 locorum,
608 3158 734 3210 quos
779 3145 913 3197 hinc
935 3147 1073 3198 illinc
1123 3148 1414 3212 collegeriS,
1463 3149 1622 3200 veluti
1670 3151 1970 3219 farraginem

48 3220 356 3308 ''setigera-e
391 3243 444 3286 et
477 3235 530 3286 in
566 3235 794 3286 ordinem
846 3237 1088 3288 collocare
1131 3246 1378 3304 quantum
1421 3238 1529 3290 fieri
1570 3252 1738 3306 posset
1779 3245 1972 3310 aptissi-

130 3328 448 3376 mum:‘tum
495 3326 564 3376 ita
605 3326 739 3376 inter
771 3342 823 3376 se
867 3329 1033 3378 omnia
1075 3329 1372 3380 connectere
1408 3345 1465 3380 ac
1498 3333 1875 3398 conglutinare,
1914 3347 1971 3387 ut

48 3405 90 3477 »J
122 3424 193 3466 ex
237 3417 388 3469 variis
427 3416 569 3482 quasi
611 3416 849 3468 membris
893 3433 1052 3470 unum
1087 3435 1266 3485 corpus
1302 3419 1477 3481 ficret,
1514 3431 1566 3472 et
1603 3438 1778 3475 omnes
1805 3436 1971 3491 partes

2 746 28 888 ,Γᾷ-,ἢεί
1 668 9 695 Α·

3 889 31 1089 ‘ameu-

4 1091 17 1186 ᾼΑἺΑ
