2210 3970
415 261 471 316 L.
497 261 584 317 IX.
629 279 672 314 e.
699 259 909 317 XXXII.
953 260 992 335 S
1018 265 1086 317 95
1130 292 1203 300 --
1243 275 1288 314 o.
1317 260 1556 316 XXXIII.
1602 260 1640 333 S
1669 265 1755 315 96.
1897 266 2003 318 459

153 412 315 466 etiam
363 410 659 467 videbatur.
758 413 894 468 Εεῑι
937 414 1106 486 igitur
1142 413 1300 485 quasi
1339 410 1564 468 deorum
1606 412 1995 467 immortalium

152 513 407 570 beneficio
450 519 504 568 et
543 531 769 570 munere
808 515 994 571 datum
1028 513 1356 587 reipublicae
1397 516 1695 569 Brutorum
1737 530 1908 586 genus
1940 520 1997 568 et

155 632 378 681 nomen,
417 615 484 671 ad
517 615 818 671 libertatem
853 617 1030 690 populi
1074 616 1298 671 Romani
1334 615 1415 670 vel
1450 614 1884 670 constituendam
1918 614 1996 668 vel

154 715 594 790 recuperandam.

226 917 465 974 xxxnl.
546 922 634 974 95.
676 918 1008 975 Interfecto²
1041 919 1264 974 Caesare
1290 961 1302 984 ,
1346 918 1413 973 Μ.
1439 918 1667 983 BrutuS,
1707 923 1994 973 cruentum

150 1020 438 1092 pugionem
478 1026 702 1085 tenenS‚
754 1021 1062 1076 Ciceronem
1102 1020 1457 1076 exclamavit:
1510 1037 1576 1075 ex
1617 1035 1724 1092 quo
1763 1018 1992 1090 intelligi

150 1121 343 1178 debere
380 1121 594 1178 dicebat
626 1123 927 1188 AntoniuS,
979 1123 1259 1177 Caesarem
1282 1128 1303 1162 ⁸
1350 1137 1468 1177 meo
1508 1120 1732 1177 consilio
1778 1119 1992 1175 interfe-

151 1228 318 1279 ctum.
378 1224 514 1280 -Iam
555 1240 777 1288 vereor,
818 1240 921 1285 ne,
964 1223 1106 1294 quod
1146 1224 1527 1296 turpissimum
1570 1230 1683 1287 est,
1724 1221 1992 1295 praevari-

148 1329 385 1379 catorem
423 1323 557 1378 mihi
596 1325 908 1396 apposuisse
957 1323 1170 1387 videar,
1222 1324 1316 1395 qui
1358 1338 1444 1378 me
1486 1339 1590 1377 non
1638 1323 1812 1377 solum
1859 1323 1995 1376 meis

148 1422 399 1482 laudibus
437 1429 684 1488 ornaret,
737 1423 828 1480 sed
873 1424 1037 1478 etiam
1075 1430 1325 1502 oneraret
1377 1422 1582 1478 alienis.
1677 1422 1810 1491 Quis
1850 1422 1995 1477 enim

146 1484 328 1581 memss
367 1524 429 1580 in
459 1524 619 1580 istius
657 1523 1030 1596 gloriosissimi
1073 1524 1200 1580 laeti
1240 1524 1573 1581 conscientia
1608 1539 1801 1579 nomen
1844 1521 1993 1578 audi·

145 1625 267 1681 vit?
341 1623 511 1686 Cuius
549 1629 768 1689 autem,
808 1625 902 1696 qui
943 1625 999 1682 ln
1039 1642 1102 1680 eo
1143 1640 1371 1680 numero
1410 1625 1635 1688 fuisset,
1677 1641 1872 1680 nomen
1912 1628 1995 1678 est

143 1724 519 1786 occultatumf.
589 1723 934 1782 occultatum
974 1723 1133 1781 dico?
1174 1727 1334 1780 cuius
1374 1742 1479 1781 non
1521 1725 1710 1781 statim
1752 1724 1993 1798 divulga·

144 1826 299 1882 tum?
377 1826 550 1882 Citius
588 1822 818 1880 dixerim
853 1826 1080 1882 iactasse
1112 1843 1170 1883 se
1209 1826 1447 1899 aliqum,
1489 1833 1550 1882 ut
1591 1825 1756 1881 luisse
1796 1826 1851 1880 in
1887 1826 1991 1880 ista

142 1928 397 1983 societate
434 1926 779 1992 viderentur,
819 1927 913 2000 qui
947 1927 1078 1982 socii
1113 1913 1218 1982 non
1254 1926 1511 1991 luissent,
1551 1943 1715 1999 quam
1753 1934 1813 1980 ut
1846 1927 1990 1998 quis-

143 2043 307 2102 quam
326 2027 490 2084 celari
518 2027 703 2093 vellet,
743 2027 837 2100 qui
859 2027 1068 2083 suisset.
1146 2030 1238 2083 96.
1281 2028 1455 2095 Quam
1488 2027 1602 2082 veri
1627 2026 1803 2082 simile
1831 2043 1990 2099 porro

145 2134 256 2193 est,
290 2127 347 2183 in
386 2133 469 2184 tot
506 2127 846 2192 hominibuS,
886 2127 1086 2199 partim
1125 2127 1400 2191 obscuris„
1448 2128 1648 2200 partim
1688 2127 1988 2182 adolescen-

142 2227 290 2283 tibus
316 2227 590 2283 neminem
618 2226 1046 2294 occultantibus,
1075 2243 1258 2282 meum
1290 2244 1483 2282 nomen
1513 2227 1681 2283 latere
1715 2228 1986 2300 potuisse?

141 2328 458 2385 Etenimsi
496 2334 746 2384 auctores
784 2327 853 2383 ad
893 2326 1225 2385 liberandam
1264 2328 1497 2400 patriam
1545 2327 1985 2383 desiderarentur

140 2429 247 2485 illis
293 2430 635 2495 auctori-bus,
686 2431 882 2484 Brutos
921 2445 1020 2500 ego
1053 2428 1422 2501 impellerem,
1469 2445 1703 2501 quorum
1754 2435 1985 2501 uterque

136 2532 193 2587 L·.
228 2532 384 2590 Bruti
435 2532 727 2603 imaginem
767 2529 1008 2602 quotidie
1053 2529 1293 2594 videret,
1344 2530 1483 2585 alter
1529 2530 1694 2585 etiam
1743 2530 1982 2585 Ahalae?

134 2633 203 2688 Hi
249 2631 420 2705 igitur
464 2632 550 2688 his
596 2632 892 2688 maioribus
930 2631 998 2687 ab
1044 2631 1236 2686 alienis
1278 2632 1458 2704 potius
1504 2631 1791 2686 consilium
1836 2639 1978 2704 pete-

135 2741 286 2801 rent,
337 2748 501 2808 quam
539 2751 572 2790 a
611 2734 767 2789 suis?
808 2739 863 2789 et
902 2731 1033 2788 soris
1072 2734 1282 2806 potiuS,
1322 2750 1486 2806 quam
1525 2732 1719 2788 domo?
1798 2733 1978 2800 Quid?

133 2838 187 2892 C.
217 2836 457 2901 CassiuS,
498 2836 554 2890 in
583 2851 647 2890 ea
674 2834 878 2890 familia
908 2842 1095 2900 natuS‚
1125 2852 1264 2907 quae
1292 2852 1396 2889 non
1426 2834 1584 2890 modo
1609 2834 1976 2899 dominatum,

133 2938 227 2994 sed
267 2954 335 2993 ne
375 2938 670 3010 potentiam
703 2936 923 3009 quidem
963 2937 1285 3010 cuiusquam
1320 2936 1461 2991 serre
1508 2938 1685 3008 potuit
1707 2979 1721 3001 ,
1762 2954 1849 2991 me
1882 2953 1973 2990 au·

130 3046 366 3104 ctorem,
406 3038 600 3103 eredo,
639 3038 996 3093 desideravit:
1038 3039 1134 3110 qui
1172 3039 1337 3093 etiam
1373 3038 1491 3092 sine
1530 3037 1615 3091 his
1653 3037 1974 3091 clarissimis

130 3141 291 3206 viris,
331 3140 471 3195 hane
511 3155 626 3194 rem
661 3141 716 3193 in
750 3139 936 3194 Cilicia
970 3139 1037 3194 ad
1070 3139 1270 3194 ostium
1314 3139 1555 3193 fluminis
1588 3137 1759 3210 Cydni
1793 3137 1968 3193 conle-

130 3242 321 3307 nisset,
368 3242 415 3297 si
449 3241 538 3296 ille
577 3241 644 3296 ad
689 3257 809 3295 eam
859 3241 1064 3313 ripam,
1104 3256 1267 3312 quam
1308 3238 1701 3313 constituerat,
1754 3255 1859 3293 non
1901 3239 1968 3293 ad

193 3512 232 3569 ι)
265 3508 445 3574 Philipp.
484 3513 553 3556 ιν.
583 3527 616 3555 c.
639 3515 676 3555 3.
715 3511 798 3567 ἓν.
833 3536 888 3543 -
923 3510 962 3568 2)
997 3507 1106 3553 ibid.
1144 3511 1195 3551 n.
1281 3508 1352 3551 12.
1379 3508 1493 3562 §aa
1528 3533 1584 3539 -
1617 3509 1656 3567 ⁵)
1691 3506 1800 3551 Ibid.
1835 3510 1962 3552 c.11.

126 3588 240 3644 ὑπ.
