<?xml version="1.0" encoding="UTF-8"?>
<!DOCTYPE html PUBLIC "-//W3C//DTD XHTML 1.0 Transitional//EN"
    "http://www.w3.org/TR/xhtml1/DTD/xhtml1-transitional.dtd">
<html xmlns="http://www.w3.org/1999/xhtml" xml:lang="en" lang="en">
 <head>
  <title>
</title>
<meta http-equiv="Content-Type" content="text/html;charset=utf-8" />
  <meta name='ocr-system' content='tesseract 3.04.00' />
  <meta name='ocr-capabilities' content='ocr_page ocr_carea ocr_par ocr_line ocrx_word'/>
</head>
<body>
  <div class='ocr_page' id='page_1' title='image "./mtulliiciceronis00suriuoft/mtulliiciceronis00suriuoft_0054.png"; bbox 0 0 2158 4030; ppageno 0'>
   <div class='ocr_carea' id='block_1_1' title="bbox 241 203 1471 254">
    <p class='ocr_par' dir='ltr' id='par_1_1' title="bbox 241 203 1471 254">
     <span class='ocr_line' id='line_1_1' title="bbox 241 203 1471 254; baseline -0.002 0"><span class='ocrx_word' id='word_1_1' title='bbox 241 203 308 254; x_wconf 80' lang='lat'>56</span> <span class='ocrx_word' id='word_1_2' title='bbox 816 211 1022 251; x_wconf 69' lang='lat' dir='ltr'>menno</span> <span class='ocrx_word' id='word_1_3' title='bbox 1070 213 1137 250; x_wconf 69' lang='lat' dir='ltr'>or:</span> <span class='ocrx_word' id='word_1_4' title='bbox 1186 213 1321 252; x_wconf 74' lang='grc' dir='ltr'>νιτΑ</span> <span class='ocrx_word' id='word_1_5' title='bbox 1368 211 1471 251; x_wconf 60' lang='lat' dir='ltr'>sua</span> 
     </span>
    </p>
   </div>
   <div class='ocr_carea' id='block_1_2' title="bbox 230 440 2147 824">
    <p class='ocr_par' dir='ltr' id='par_1_2' title="bbox 230 440 2147 824">
     <span class='ocr_line' id='line_1_2' title="bbox 308 440 2132 519; baseline -0.003 -17"><span class='ocrx_word' id='word_1_6' title='bbox 308 444 466 502; x_wconf 87' lang='lat' dir='ltr'><strong>XXV.</strong></span> <span class='ocrx_word' id='word_1_7' title='bbox 545 449 632 501; x_wconf 87' lang='lat' dir='ltr'>Sl.</span> <span class='ocrx_word' id='word_1_8' title='bbox 673 446 779 501; x_wconf 86' lang='lat' dir='ltr'>Et¹</span> <span class='ocrx_word' id='word_1_9' title='bbox 815 463 845 500; x_wconf 90' lang='lat' dir='ltr'>a</span> <span class='ocrx_word' id='word_1_10' title='bbox 876 447 1050 519; x_wconf 90' lang='lat' dir='ltr'>primo</span> <span class='ocrx_word' id='word_1_11' title='bbox 1075 453 1311 519; x_wconf 86' lang='lat' dir='ltr'>tempore</span> <span class='ocrx_word' id='word_1_12' title='bbox 1343 444 1532 499; x_wconf 85' lang='lat' dir='ltr'>aetatis</span> <span class='ocrx_word' id='word_1_13' title='bbox 1565 441 1675 496; x_wconf 85' lang='lat' dir='ltr'>Iuri</span> <span class='ocrx_word' id='word_1_14' title='bbox 1709 440 1922 496; x_wconf 86' lang='lat' dir='ltr'>studere</span> <span class='ocrx_word' id='word_1_15' title='bbox 1954 458 2039 498; x_wconf 85' lang='lat' dir='ltr'>me</span> <span class='ocrx_word' id='word_1_16' title='bbox 2128 508 2132 516; x_wconf 32' lang='grc' dir='ltr'>Ι</span> 
     </span>
     <span class='ocr_line' id='line_1_3' title="bbox 232 542 2042 619; baseline -0.004 -16"><span class='ocrx_word' id='word_1_17' title='bbox 232 547 480 612; x_wconf 90' lang='lat' dir='ltr'>memini,</span> <span class='ocrx_word' id='word_1_18' title='bbox 507 564 673 619; x_wconf 90' lang='lat' dir='ltr'>quum</span> <span class='ocrx_word' id='word_1_19' title='bbox 696 547 906 601; x_wconf 85' lang='lat' dir='ltr'>Atticus</span> <span class='ocrx_word' id='word_1_20' title='bbox 925 547 1087 602; x_wconf 85' lang='lat' dir='ltr'>etiam</span> <span class='ocrx_word' id='word_1_21' title='bbox 1114 547 1179 601; x_wconf 87' lang='lat' dir='ltr'>ad</span> <span class='ocrx_word' id='word_1_22' title='bbox 1210 545 1512 601; x_wconf 88' lang='lat' dir='ltr'>Scaevolam</span> <span class='ocrx_word' id='word_1_23' title='bbox 1537 543 1837 596; x_wconf 89' lang='lat' dir='ltr'>ventitaret.</span> <span class='ocrx_word' id='word_1_24' title='bbox 1899 542 2000 596; x_wconf 88' lang='lat' dir='ltr'>Sed</span> <span class='ocrx_word' id='word_1_25' title='bbox 2020 547 2042 579; x_wconf 86' lang='lat'>2</span> 
     </span>
     <span class='ocr_line' id='line_1_4' title="bbox 231 643 2147 722; baseline -0.004 -20"><span class='ocrx_word' id='word_1_26' title='bbox 231 654 442 702; x_wconf 85' lang='lat' dir='ltr'>tantum</span> <span class='ocrx_word' id='word_1_27' title='bbox 476 647 609 701; x_wconf 90' lang='lat' dir='ltr'>iuris</span> <span class='ocrx_word' id='word_1_28' title='bbox 642 646 814 701; x_wconf 89' lang='lat' dir='ltr'>civilis</span> <span class='ocrx_word' id='word_1_29' title='bbox 841 647 978 700; x_wconf 89' lang='lat' dir='ltr'>scire</span> <span class='ocrx_word' id='word_1_30' title='bbox 1010 646 1180 710; x_wconf 82' lang='lat' dir='ltr'>volui,</span> <span class='ocrx_word' id='word_1_31' title='bbox 1203 650 1480 717; x_wconf 23' lang='lat' dir='ltr'>,quantum</span> <span class='ocrx_word' id='word_1_32' title='bbox 1503 643 1632 697; x_wconf 85' lang='lat' dir='ltr'>satis</span> <span class='ocrx_word' id='word_1_33' title='bbox 1659 649 1798 697; x_wconf 88' lang='lat' dir='ltr'>esset</span> <span class='ocrx_word' id='word_1_34' title='bbox 1818 643 2042 696; x_wconf 83' lang='lat' dir='ltr'>oratori:</span> <span class='ocrx_word' id='word_1_35' title='bbox 2146 719 2147 722; x_wconf 7' lang='grc' dir='ltr'><strong>Ἴ</strong></span> 
     </span>
     <span class='ocr_line' id='line_1_5' title="bbox 230 740 2142 824; baseline -0.004 -22"><span class='ocrx_word' id='word_1_36' title='bbox 230 764 353 802; x_wconf 81' lang='lat' dir='ltr'>nam</span> <span class='ocrx_word' id='word_1_37' title='bbox 374 753 424 812; x_wconf 80' lang='lat'>⁸,</span> <span class='ocrx_word' id='word_1_38' title='bbox 464 746 603 819; x_wconf 87' lang='lat' dir='ltr'>quod</span> <span class='ocrx_word' id='word_1_39' title='bbox 635 753 718 801; x_wconf 86' lang='lat' dir='ltr'>est</span> <span class='ocrx_word' id='word_1_40' title='bbox 749 747 974 800; x_wconf 87' lang='lat' dir='ltr'>oratoris</span> <span class='ocrx_word' id='word_1_41' title='bbox 1000 746 1275 817; x_wconf 91' lang='lat' dir='ltr'>proprium</span> <span class='ocrx_word' id='word_1_42' title='bbox 1296 783 1310 809; x_wconf 89' lang='lat'>,</span> <span class='ocrx_word' id='word_1_43' title='bbox 1350 749 1500 815; x_wconf 86' lang='lat' dir='ltr'><strong>apte,</strong></span> <span class='ocrx_word' id='word_1_44' title='bbox 1539 740 1818 824; x_wconf 84' lang='lat' dir='ltr'>distincte,</span> <span class='ocrx_word' id='word_1_45' title='bbox 1858 748 2046 796; x_wconf 85' lang='lat' dir='ltr'>ornate</span> <span class='ocrx_word' id='word_1_46' title='bbox 2140 810 2142 812; x_wconf 12' lang='lat' dir='ltr'>v</span> 
     </span>
    </p>
   </div>
   <div class='ocr_carea' id='block_1_3' title="bbox 228 841 2131 914">
    <p class='ocr_par' dir='ltr' id='par_1_3' title="bbox 228 841 2131 914">
     <span class='ocr_line' id='line_1_6' title="bbox 228 841 2131 914; baseline -0.004 -13"><span class='ocrx_word' id='word_1_47' title='bbox 228 848 433 910; x_wconf 83' lang='lat' dir='ltr'>dicere,</span> <span class='ocrx_word' id='word_1_48' title='bbox 484 846 539 899; x_wconf 94' lang='lat' dir='ltr'>in</span> <span class='ocrx_word' id='word_1_49' title='bbox 599 862 659 899; x_wconf 90' lang='lat' dir='ltr'>eo</span> <span class='ocrx_word' id='word_1_50' title='bbox 710 844 887 898; x_wconf 86' lang='lat' dir='ltr'>studio</span> <span class='ocrx_word' id='word_1_51' title='bbox 933 850 1161 898; x_wconf 86' lang='lat' dir='ltr'>aetatem</span> <span class='ocrx_word' id='word_1_52' title='bbox 1201 841 1523 914; x_wconf 79' lang='lat' dir='ltr'><strong>consumpsi.</strong></span> <span class='ocrx_word' id='word_1_53' title='bbox 1598 842 1821 913; x_wconf 73' lang='lat' dir='ltr'>Neque⁴</span> <span class='ocrx_word' id='word_1_54' title='bbox 1864 847 2046 914; x_wconf 87' lang='lat' dir='ltr'>tamen</span> <span class='ocrx_word' id='word_1_55' title='bbox 2116 841 2131 860; x_wconf 74' lang='lat'><strong><em>⁹</em></strong></span> 
     </span>
    </p>
   </div>
   <div class='ocr_carea' id='block_1_4' title="bbox 226 941 2046 1114">
    <p class='ocr_par' dir='ltr' id='par_1_4' title="bbox 226 941 2046 1114">
     <span class='ocr_line' id='line_1_7' title="bbox 227 941 2045 1016; baseline -0.003 -17"><span class='ocrx_word' id='word_1_56' title='bbox 227 961 483 1016; x_wconf 85' lang='lat' dir='ltr'>umquam</span> <span class='ocrx_word' id='word_1_57' title='bbox 524 944 598 998; x_wconf 88' lang='lat' dir='ltr'>ita</span> <span class='ocrx_word' id='word_1_58' title='bbox 624 960 709 997; x_wconf 92' lang='lat' dir='ltr'>me</span> <span class='ocrx_word' id='word_1_59' title='bbox 740 942 807 997; x_wconf 88' lang='lat' dir='ltr'>ad</span> <span class='ocrx_word' id='word_1_60' title='bbox 840 942 1126 996; x_wconf 88' lang='lat' dir='ltr'>dicendum</span> <span class='ocrx_word' id='word_1_61' title='bbox 1153 942 1308 1007; x_wconf 82' lang='lat' dir='ltr'>dedi,</span> <span class='ocrx_word' id='word_1_62' title='bbox 1348 947 1410 1007; x_wconf 78' lang='lat' dir='ltr'>ut</span> <span class='ocrx_word' id='word_1_63' title='bbox 1442 941 1527 996; x_wconf 86' lang='lat' dir='ltr'>ius</span> <span class='ocrx_word' id='word_1_64' title='bbox 1559 941 1715 996; x_wconf 82' lang='lat' dir='ltr'>civile</span> <span class='ocrx_word' id='word_1_65' title='bbox 1745 944 2045 996; x_wconf 87' lang='lat' dir='ltr'>contemne·</span> 
     </span>
     <span class='ocr_line' id='line_1_8' title="bbox 226 1040 2046 1114; baseline -0.003 -15"><span class='ocrx_word' id='word_1_66' title='bbox 226 1061 356 1099; x_wconf 90' lang='lat' dir='ltr'>rem.</span> <span class='ocrx_word' id='word_1_67' title='bbox 411 1043 549 1111; x_wconf 83' lang='lat' dir='ltr'>Quid</span> <span class='ocrx_word' id='word_1_68' title='bbox 568 1049 590 1080; x_wconf 81' lang='lat'>⁵</span> <span class='ocrx_word' id='word_1_69' title='bbox 617 1044 761 1097; x_wconf 90' lang='lat' dir='ltr'>enim</span> <span class='ocrx_word' id='word_1_70' title='bbox 787 1049 869 1096; x_wconf 87' lang='lat' dir='ltr'>est</span> <span class='ocrx_word' id='word_1_71' title='bbox 894 1049 1135 1108; x_wconf 84' lang='lat' dir='ltr'>tantum,</span> <span class='ocrx_word' id='word_1_72' title='bbox 1162 1043 1425 1114; x_wconf 84' lang='lat' dir='ltr'>quantum</span> <span class='ocrx_word' id='word_1_73' title='bbox 1453 1042 1539 1096; x_wconf 91' lang='lat' dir='ltr'>ius</span> <span class='ocrx_word' id='word_1_74' title='bbox 1565 1040 1835 1096; x_wconf 83' lang='lat' dir='ltr'>civitatis?</span> <span class='ocrx_word' id='word_1_75' title='bbox 1863 1040 2004 1114; x_wconf 88' lang='lat' dir='ltr'>quod</span> <span class='ocrx_word' id='word_1_76' title='bbox 2023 1046 2046 1078; x_wconf 79' lang='lat'><strong>⁶</strong></span> 
     </span>
    </p>
   </div>
   <div class='ocr_carea' id='block_1_5' title="bbox 225 1141 2150 1717">
    <p class='ocr_par' dir='ltr' id='par_1_5' title="bbox 225 1141 2152 1717">
     <span class='ocr_line' id='line_1_9' title="bbox 226 1141 2145 1215; baseline -0.001 -17"><span class='ocrx_word' id='word_1_77' title='bbox 226 1145 461 1215; x_wconf 86' lang='lat' dir='ltr'>ignorari</span> <span class='ocrx_word' id='word_1_78' title='bbox 501 1143 566 1198; x_wconf 87' lang='lat' dir='ltr'>ab</span> <span class='ocrx_word' id='word_1_79' title='bbox 605 1144 701 1207; x_wconf 86' lang='lat' dir='ltr'>iis,</span> <span class='ocrx_word' id='word_1_80' title='bbox 752 1144 845 1215; x_wconf 86' lang='lat' dir='ltr'>qui</span> <span class='ocrx_word' id='word_1_81' title='bbox 884 1143 940 1197; x_wconf 82' lang='lat' dir='ltr'>in</span> <span class='ocrx_word' id='word_1_82' title='bbox 991 1142 1264 1215; x_wconf 81' lang='lat' dir='ltr'>republica</span> <span class='ocrx_word' id='word_1_83' title='bbox 1301 1147 1622 1206; x_wconf 83' lang='lat' dir='ltr'><strong>versantur,</strong></span> <span class='ocrx_word' id='word_1_84' title='bbox 1673 1141 2047 1213; x_wconf 89' lang='lat' dir='ltr'>turpissimum</span> <span class='ocrx_word' id='word_1_85' title='bbox 2141 1162 2145 1170; x_wconf 60' lang='lat'>¹</span> 
     </span>
     <span class='ocr_line' id='line_1_10' title="bbox 226 1241 2050 1316; baseline 0 -18"><span class='ocrx_word' id='word_1_86' title='bbox 226 1251 372 1316; x_wconf 86' lang='lat' dir='ltr'>puto.</span> <span class='ocrx_word' id='word_1_87' title='bbox 452 1247 539 1299; x_wconf 73' lang='lat'>82.</span> <span class='ocrx_word' id='word_1_88' title='bbox 580 1243 713 1298; x_wconf 91' lang='lat' dir='ltr'>Nam</span> <span class='ocrx_word' id='word_1_89' title='bbox 733 1250 756 1281; x_wconf 87' lang='lat'>⁷</span> <span class='ocrx_word' id='word_1_90' title='bbox 799 1243 892 1315; x_wconf 85' lang='lat' dir='ltr'>qui</span> <span class='ocrx_word' id='word_1_91' title='bbox 943 1243 1028 1297; x_wconf 94' lang='lat' dir='ltr'>ius</span> <span class='ocrx_word' id='word_1_92' title='bbox 1079 1243 1235 1298; x_wconf 88' lang='lat' dir='ltr'>civile</span> <span class='ocrx_word' id='word_1_93' title='bbox 1279 1241 1728 1298; x_wconf 87' lang='lat' dir='ltr'>contemnendum</span> <span class='ocrx_word' id='word_1_94' title='bbox 1771 1248 1950 1315; x_wconf 86' lang='lat' dir='ltr'>putat,</span> <span class='ocrx_word' id='word_1_95' title='bbox 2002 1242 2050 1296; x_wconf 93' lang='lat' dir='ltr'>is</span> 
     </span>
     <span class='ocr_line' id='line_1_11' title="bbox 225 1324 2139 1409; baseline -0.002 -10"><span class='ocrx_word' id='word_1_96' title='bbox 225 1346 439 1399; x_wconf 89' lang='lat' dir='ltr'>vincul-a</span> <span class='ocrx_word' id='word_1_97' title='bbox 483 1344 691 1399; x_wconf 88' lang='lat' dir='ltr'>revellit</span> <span class='ocrx_word' id='word_1_98' title='bbox 730 1361 836 1398; x_wconf 89' lang='lat' dir='ltr'>non</span> <span class='ocrx_word' id='word_1_99' title='bbox 868 1343 1023 1398; x_wconf 87' lang='lat' dir='ltr'>modo</span> <span class='ocrx_word' id='word_1_100' title='bbox 1056 1343 1414 1409; x_wconf 85' lang='lat' dir='ltr'>iudiciorum,</span> <span class='ocrx_word' id='word_1_101' title='bbox 1466 1343 1558 1399; x_wconf 86' lang='lat' dir='ltr'>sed</span> <span class='ocrx_word' id='word_1_102' title='bbox 1590 1345 1752 1399; x_wconf 90' lang='lat' dir='ltr'>etiam</span> <span class='ocrx_word' id='word_1_103' title='bbox 1797 1343 2050 1398; x_wconf 83' lang='lat' dir='ltr'>utilitatis</span> <span class='ocrx_word' id='word_1_104' title='bbox 2138 1324 2139 1327; x_wconf 19' lang='lat'>¹</span> 
     </span>
     <span class='ocr_line' id='line_1_12' title="bbox 226 1443 2150 1518; baseline -0.003 -19"><span class='ocrx_word' id='word_1_105' title='bbox 226 1447 471 1517; x_wconf 83' lang='lat' dir='ltr'>vitaeque</span> <span class='ocrx_word' id='word_1_106' title='bbox 515 1446 841 1507; x_wconf 88' lang='lat' dir='ltr'>communis-;</span> <span class='ocrx_word' id='word_1_107' title='bbox 892 1451 946 1500; x_wconf 90' lang='lat' dir='ltr'>et</span> <span class='ocrx_word' id='word_1_108' title='bbox 991 1443 1225 1518; x_wconf 85' lang='lat' dir='ltr'>profecto</span> <span class='ocrx_word' id='word_1_109' title='bbox 1268 1444 1403 1498; x_wconf 89' lang='lat' dir='ltr'>nihil</span> <span class='ocrx_word' id='word_1_110' title='bbox 1453 1451 1535 1499; x_wconf 85' lang='lat' dir='ltr'>est</span> <span class='ocrx_word' id='word_1_111' title='bbox 1580 1445 1636 1498; x_wconf 92' lang='lat' dir='ltr'>in</span> <span class='ocrx_word' id='word_1_112' title='bbox 1682 1445 1899 1498; x_wconf 83' lang='lat' dir='ltr'>civitate</span> <span class='ocrx_word' id='word_1_113' title='bbox 1937 1450 2049 1498; x_wconf 89' lang='lat' dir='ltr'>tam</span> <span class='ocrx_word' id='word_1_114' title='bbox 2138 1491 2150 1494; x_wconf 73' lang='grc'>,</span> 
     </span>
     <span class='ocr_line' id='line_1_13' title="bbox 228 1539 2139 1618; baseline -0.001 -19"><span class='ocrx_word' id='word_1_115' title='bbox 228 1547 539 1618; x_wconf 82' lang='lat' dir='ltr'>diligenter,</span> <span class='ocrx_word' id='word_1_116' title='bbox 610 1563 770 1618; x_wconf 87' lang='lat' dir='ltr'>quam</span> <span class='ocrx_word' id='word_1_117' title='bbox 829 1547 914 1600; x_wconf 91' lang='lat' dir='ltr'>ius</span> <span class='ocrx_word' id='word_1_118' title='bbox 966 1545 1156 1611; x_wconf 88' lang='lat' dir='ltr'>civile,</span> <span class='ocrx_word' id='word_1_119' title='bbox 1207 1544 1564 1600; x_wconf 86' lang='lat' dir='ltr'>retinendum.</span> <span class='ocrx_word' id='word_1_120' title='bbox 1655 1545 1899 1609; x_wconf 88' lang='lat' dir='ltr'>Etenim,</span> <span class='ocrx_word' id='word_1_121' title='bbox 1951 1543 2050 1598; x_wconf 89' lang='lat' dir='ltr'>hoc</span> <span class='ocrx_word' id='word_1_122' title='bbox 2129 1539 2139 1567; x_wconf 65' lang='lat'>⁴*</span> 
     </span>
     <span class='ocr_line' id='line_1_14' title="bbox 229 1644 2146 1717; baseline -0.002 -16"><span class='ocrx_word' id='word_1_123' title='bbox 229 1646 464 1710; x_wconf 76' lang='lat' dir='ltr'>sublate,</span> <span class='ocrx_word' id='word_1_124' title='bbox 516 1645 649 1699; x_wconf 91' lang='lat' dir='ltr'>nihil</span> <span class='ocrx_word' id='word_1_125' title='bbox 683 1652 792 1710; x_wconf 87' lang='lat' dir='ltr'>est,</span> <span class='ocrx_word' id='word_1_126' title='bbox 844 1661 1010 1717; x_wconf 86' lang='lat' dir='ltr'>quare</span> <span class='ocrx_word' id='word_1_127' title='bbox 1042 1645 1373 1717; x_wconf 84' lang='lat' dir='ltr'>exploratum</span> <span class='ocrx_word' id='word_1_128' title='bbox 1411 1645 1665 1715; x_wconf 82' lang='lat' dir='ltr'>cuiquam</span> <span class='ocrx_word' id='word_1_129' title='bbox 1698 1644 1867 1715; x_wconf 89' lang='lat' dir='ltr'>possit</span> <span class='ocrx_word' id='word_1_130' title='bbox 1904 1659 2048 1707; x_wconf 90' lang='lat' dir='ltr'>esse,</span> <span class='ocrx_word' id='word_1_131' title='bbox 2139 1660 2146 1670; x_wconf 73' lang='lat'><strong><em>⁴</em></strong></span> 
     </span>
    </p>
   </div>
   <div class='ocr_carea' id='block_1_6' title="bbox 231 1723 2142 1918">
    <p class='ocr_par' dir='ltr' id='par_1_6' title="bbox 231 1723 2142 1918">
     <span class='ocr_line' id='line_1_15' title="bbox 231 1723 2142 1818; baseline -0.001 -18"><span class='ocrx_word' id='word_1_132' title='bbox 231 1745 359 1818; x_wconf 84' lang='lat' dir='ltr'>quid</span> <span class='ocrx_word' id='word_1_133' title='bbox 395 1762 553 1800; x_wconf 90' lang='lat' dir='ltr'>suum</span> <span class='ocrx_word' id='word_1_134' title='bbox 589 1753 688 1800; x_wconf 79' lang='lat' dir='ltr'>aut</span> <span class='ocrx_word' id='word_1_135' title='bbox 725 1745 853 1818; x_wconf 82' lang='lat' dir='ltr'>quid</span> <span class='ocrx_word' id='word_1_136' title='bbox 882 1746 1120 1800; x_wconf 86' lang='lat' dir='ltr'>alienum</span> <span class='ocrx_word' id='word_1_137' title='bbox 1154 1746 1251 1807; x_wconf 72' lang='lat' dir='ltr'>sit:</span> <span class='ocrx_word' id='word_1_138' title='bbox 1291 1744 1424 1799; x_wconf 88' lang='lat' dir='ltr'>nihil</span> <span class='ocrx_word' id='word_1_139' title='bbox 1456 1750 1567 1810; x_wconf 85' lang='lat' dir='ltr'>est,</span> <span class='ocrx_word' id='word_1_140' title='bbox 1606 1744 1747 1816; x_wconf 87' lang='lat' dir='ltr'>quod</span> <span class='ocrx_word' id='word_1_141' title='bbox 1779 1742 2053 1816; x_wconf 81' lang='lat' dir='ltr'>aequabile</span> <span class='ocrx_word' id='word_1_142' title='bbox 2136 1723 2142 1730; x_wconf 34' lang='lat'><strong><em>³</em></strong></span> 
     </span>
     <span class='ocr_line' id='line_1_16' title="bbox 232 1825 2122 1918; baseline -0.001 -18"><span class='ocrx_word' id='word_1_143' title='bbox 232 1849 373 1901; x_wconf 88' lang='lat' dir='ltr'>inter</span> <span class='ocrx_word' id='word_1_144' title='bbox 399 1861 581 1901; x_wconf 83' lang='lat' dir='ltr'>omnes</span> <span class='ocrx_word' id='word_1_145' title='bbox 607 1853 767 1918; x_wconf 84' lang='lat' dir='ltr'>atque</span> <span class='ocrx_word' id='word_1_146' title='bbox 793 1863 962 1900; x_wconf 93' lang='lat' dir='ltr'>unum</span> <span class='ocrx_word' id='word_1_147' title='bbox 988 1846 1235 1900; x_wconf 90' lang='lat' dir='ltr'>omnibus</span> <span class='ocrx_word' id='word_1_148' title='bbox 1259 1862 1376 1901; x_wconf 81' lang='lat' dir='ltr'>esse</span> <span class='ocrx_word' id='word_1_149' title='bbox 1401 1846 1585 1918; x_wconf 88' lang='lat' dir='ltr'>possit.</span> <span class='ocrx_word' id='word_1_150' title='bbox 1667 1844 1769 1900; x_wconf 85' lang='lat' dir='ltr'>Sed</span> <span class='ocrx_word' id='word_1_151' title='bbox 1788 1850 1809 1882; x_wconf 78' lang='lat'><strong>⁸</strong></span> <span class='ocrx_word' id='word_1_152' title='bbox 1844 1845 1900 1898; x_wconf 89' lang='lat' dir='ltr'>in</span> <span class='ocrx_word' id='word_1_153' title='bbox 1934 1845 2051 1899; x_wconf 89' lang='lat' dir='ltr'>iure</span> <span class='ocrx_word' id='word_1_154' title='bbox 2117 1825 2122 1831; x_wconf 37' lang='lat'><em>¹</em></span> 
     </span>
    </p>
   </div>
   <div class='ocr_carea' id='block_1_7' title="bbox 233 1944 2141 2019">
    <p class='ocr_par' dir='ltr' id='par_1_7' title="bbox 233 1944 2141 2019">
     <span class='ocr_line' id='line_1_17' title="bbox 233 1944 2141 2019; baseline -0.003 -16"><span class='ocrx_word' id='word_1_155' title='bbox 233 1965 448 2014; x_wconf 88' lang='lat' dir='ltr'>cavere,</span> <span class='ocrx_word' id='word_1_156' title='bbox 487 1948 707 2003; x_wconf 88' lang='lat' dir='ltr'>consilio</span> <span class='ocrx_word' id='word_1_157' title='bbox 741 1949 953 2012; x_wconf 87' lang='lat' dir='ltr'>iuvare,</span> <span class='ocrx_word' id='word_1_158' title='bbox 993 1953 1152 2019; x_wconf 86' lang='lat' dir='ltr'>atque</span> <span class='ocrx_word' id='word_1_159' title='bbox 1178 1946 1276 2002; x_wconf 91' lang='lat' dir='ltr'>hoc</span> <span class='ocrx_word' id='word_1_160' title='bbox 1304 1948 1560 2003; x_wconf 81' lang='lat' dir='ltr'>scientiae</span> <span class='ocrx_word' id='word_1_161' title='bbox 1586 1963 1778 2018; x_wconf 85' lang='lat' dir='ltr'>genere</span> <span class='ocrx_word' id='word_1_162' title='bbox 1803 1944 2052 2019; x_wconf 88' lang='lat' dir='ltr'>prodesse</span> <span class='ocrx_word' id='word_1_163' title='bbox 2140 1983 2141 2010; x_wconf 64' lang='lat'>3</span> 
     </span>
    </p>
   </div>
   <div class='ocr_carea' id='block_1_8' title="bbox 231 2045 2053 2219">
    <p class='ocr_par' dir='ltr' id='par_1_8' title="bbox 231 2045 2053 2219">
     <span class='ocr_line' id='line_1_18' title="bbox 231 2045 2053 2120; baseline -0.002 -18"><span class='ocrx_word' id='word_1_164' title='bbox 231 2065 391 2119; x_wconf 88' lang='lat' dir='ltr'>quam</span> <span class='ocrx_word' id='word_1_165' title='bbox 428 2047 676 2119; x_wconf 87' lang='lat' dir='ltr'>plurimis</span> <span class='ocrx_word' id='word_1_166' title='bbox 695 2088 711 2111; x_wconf 93' lang='lat'>,</span> <span class='ocrx_word' id='word_1_167' title='bbox 767 2045 1110 2101; x_wconf 86' lang='lat' dir='ltr'>vehementer</span> <span class='ocrx_word' id='word_1_168' title='bbox 1147 2053 1200 2101; x_wconf 88' lang='lat' dir='ltr'>et</span> <span class='ocrx_word' id='word_1_169' title='bbox 1238 2046 1305 2101; x_wconf 88' lang='lat' dir='ltr'>ad</span> <span class='ocrx_word' id='word_1_170' title='bbox 1343 2063 1467 2120; x_wconf 90' lang='lat' dir='ltr'>opes</span> <span class='ocrx_word' id='word_1_171' title='bbox 1505 2046 1775 2119; x_wconf 88' lang='lat' dir='ltr'>augendas</span> <span class='ocrx_word' id='word_1_172' title='bbox 1818 2045 2053 2119; x_wconf 84' lang='lat' dir='ltr'>pertinet</span> 
     </span>
     <span class='ocr_line' id='line_1_19' title="bbox 232 2145 2051 2219; baseline -0.001 -18"><span class='ocrx_word' id='word_1_173' title='bbox 232 2154 286 2202; x_wconf 89' lang='lat' dir='ltr'>ct</span> <span class='ocrx_word' id='word_1_174' title='bbox 325 2146 391 2201; x_wconf 89' lang='lat' dir='ltr'>ad</span> <span class='ocrx_word' id='word_1_175' title='bbox 435 2147 681 2217; x_wconf 85' lang='lat' dir='ltr'>gratiam.</span> <span class='ocrx_word' id='word_1_176' title='bbox 773 2145 958 2216; x_wconf 82' lang='lat' dir='ltr'>Itaque</span> <span class='ocrx_word' id='word_1_177' title='bbox 1007 2161 1176 2217; x_wconf 89' lang='lat' dir='ltr'>quum</span> <span class='ocrx_word' id='word_1_178' title='bbox 1220 2146 1390 2201; x_wconf 87' lang='lat' dir='ltr'>multa</span> <span class='ocrx_word' id='word_1_179' title='bbox 1433 2147 1706 2219; x_wconf 83' lang='lat' dir='ltr'>praeclara</span> <span class='ocrx_word' id='word_1_180' title='bbox 1756 2146 2051 2210; x_wconf 91' lang='lat' dir='ltr'>maiorum,</span> 
     </span>
    </p>
   </div>
   <div class='ocr_carea' id='block_1_9' title="bbox 231 2244 2134 2319">
    <p class='ocr_par' dir='ltr' id='par_1_9' title="bbox 231 2244 2134 2319">
     <span class='ocr_line' id='line_1_20' title="bbox 231 2244 2134 2319; baseline -0.002 -16"><span class='ocrx_word' id='word_1_181' title='bbox 231 2255 349 2303; x_wconf 87' lang='lat' dir='ltr'>tum</span> <span class='ocrx_word' id='word_1_182' title='bbox 388 2247 528 2319; x_wconf 90' lang='lat' dir='ltr'>quod</span> <span class='ocrx_word' id='word_1_183' title='bbox 568 2246 765 2318; x_wconf 87' lang='lat' dir='ltr'>optime</span> <span class='ocrx_word' id='word_1_184' title='bbox 802 2244 1083 2300; x_wconf 89' lang='lat' dir='ltr'>constituti</span> <span class='ocrx_word' id='word_1_185' title='bbox 1117 2247 1252 2300; x_wconf 91' lang='lat' dir='ltr'>iuris</span> <span class='ocrx_word' id='word_1_186' title='bbox 1291 2246 1464 2314; x_wconf 86' lang='lat' dir='ltr'>civilis</span> <span class='ocrx_word' id='word_1_187' title='bbox 1506 2264 1717 2302; x_wconf 92' lang='lat' dir='ltr'>summo</span> <span class='ocrx_word' id='word_1_188' title='bbox 1749 2263 1958 2319; x_wconf 87' lang='lat' dir='ltr'>semper</span> <span class='ocrx_word' id='word_1_189' title='bbox 1995 2246 2052 2301; x_wconf 87' lang='lat' dir='ltr'>in</span> <span class='ocrx_word' id='word_1_190' title='bbox 2131 2314 2134 2318; x_wconf 10' lang='grc' dir='ltr'>ἢ</span> 
     </span>
    </p>
   </div>
   <div class='ocr_carea' id='block_1_10' title="bbox 230 2331 2133 2420">
    <p class='ocr_par' dir='ltr' id='par_1_10' title="bbox 230 2331 2133 2420">
     <span class='ocr_line' id='line_1_21' title="bbox 230 2331 2133 2420; baseline -0.002 -17"><span class='ocrx_word' id='word_1_191' title='bbox 230 2349 428 2403; x_wconf 89' lang='lat' dir='ltr'>honore</span> <span class='ocrx_word' id='word_1_192' title='bbox 456 2346 559 2400; x_wconf 83' lang='lat' dir='ltr'>fuit</span> <span class='ocrx_word' id='word_1_193' title='bbox 581 2345 814 2416; x_wconf 85' lang='lat' dir='ltr'>cognitio</span> <span class='ocrx_word' id='word_1_194' title='bbox 833 2351 993 2416; x_wconf 87' lang='lat' dir='ltr'>atquc</span> <span class='ocrx_word' id='word_1_195' title='bbox 1013 2345 1400 2418; x_wconf 80' lang='lat' dir='ltr'>interpretatio.</span> <span class='ocrx_word' id='word_1_196' title='bbox 1460 2348 1530 2402; x_wconf 87' lang='lat' dir='ltr'>Et</span> <span class='ocrx_word' id='word_1_197' title='bbox 1548 2354 1569 2386; x_wconf 79' lang='lat'><strong>⁹</strong></span> <span class='ocrx_word' id='word_1_198' title='bbox 1602 2331 1838 2420; x_wconf 83' lang='lat' dir='ltr'>profecto</span> <span class='ocrx_word' id='word_1_199' title='bbox 1857 2362 2053 2417; x_wconf 86' lang='lat' dir='ltr'>magna</span> <span class='ocrx_word' id='word_1_200' title='bbox 2128 2338 2133 2342; x_wconf 69' lang='grc'><strong>’</strong></span> 
     </span>
    </p>
   </div>
   <div class='ocr_carea' id='block_1_11' title="bbox 228 2443 2151 2819">
    <p class='ocr_par' dir='ltr' id='par_1_11' title="bbox 228 2423 2155 2819">
     <span class='ocr_line' id='line_1_22' title="bbox 229 2443 2135 2515; baseline -0.002 -12"><span class='ocrx_word' id='word_1_201' title='bbox 229 2449 346 2503; x_wconf 89' lang='lat' dir='ltr'>laus</span> <span class='ocrx_word' id='word_1_202' title='bbox 384 2452 465 2501; x_wconf 90' lang='lat' dir='ltr'>est</span> <span class='ocrx_word' id='word_1_203' title='bbox 504 2452 558 2500; x_wconf 91' lang='lat' dir='ltr'>et</span> <span class='ocrx_word' id='word_1_204' title='bbox 602 2451 756 2515; x_wconf 87' lang='lat' dir='ltr'>grata</span> <span class='ocrx_word' id='word_1_205' title='bbox 787 2443 1093 2508; x_wconf 82' lang='lat' dir='ltr'>hominibus</span> <span class='ocrx_word' id='word_1_206' title='bbox 1112 2487 1128 2510; x_wconf 88' lang='lat'>,</span> <span class='ocrx_word' id='word_1_207' title='bbox 1179 2463 1348 2500; x_wconf 91' lang='lat' dir='ltr'>unum</span> <span class='ocrx_word' id='word_1_208' title='bbox 1386 2446 1655 2502; x_wconf 88' lang='lat' dir='ltr'>hominem</span> <span class='ocrx_word' id='word_1_209' title='bbox 1694 2446 1963 2502; x_wconf 85' lang='lat' dir='ltr'>elaborare</span> <span class='ocrx_word' id='word_1_210' title='bbox 1995 2447 2053 2500; x_wconf 89' lang='lat' dir='ltr'>in</span> <span class='ocrx_word' id='word_1_211' title='bbox 2130 2458 2135 2475; x_wconf 77' lang='lat'>²</span> 
     </span>
     <span class='ocr_line' id='line_1_23' title="bbox 230 2544 2051 2619; baseline -0.001 -16"><span class='ocrx_word' id='word_1_212' title='bbox 230 2565 291 2603; x_wconf 90' lang='lat' dir='ltr'>ea</span> <span class='ocrx_word' id='word_1_213' title='bbox 329 2546 588 2610; x_wconf 87' lang='lat' dir='ltr'>scientia,</span> <span class='ocrx_word' id='word_1_214' title='bbox 639 2561 775 2616; x_wconf 89' lang='lat' dir='ltr'>quae</span> <span class='ocrx_word' id='word_1_215' title='bbox 815 2544 885 2598; x_wconf 87' lang='lat' dir='ltr'>sit</span> <span class='ocrx_word' id='word_1_216' title='bbox 929 2544 1115 2607; x_wconf 87' lang='lat' dir='ltr'>multis</span> <span class='ocrx_word' id='word_1_217' title='bbox 1147 2545 1443 2618; x_wconf 85' lang='lat' dir='ltr'>profutura.</span> <span class='ocrx_word' id='word_1_218' title='bbox 1523 2552 1611 2602; x_wconf 83' lang='lat'>85.</span> <span class='ocrx_word' id='word_1_219' title='bbox 1653 2548 1826 2619; x_wconf 86' lang='lat' dir='ltr'>Atque</span> <span class='ocrx_word' id='word_1_220' title='bbox 1848 2553 1891 2585; x_wconf 83' lang='lat'>¹⁰</span> <span class='ocrx_word' id='word_1_221' title='bbox 1923 2547 2051 2601; x_wconf 89' lang='lat' dir='ltr'>huic</span> 
     </span>
     <span class='ocr_line' id='line_1_24' title="bbox 228 2642 2151 2718; baseline -0.001 -15"><span class='ocrx_word' id='word_1_222' title='bbox 228 2649 333 2703; x_wconf 84' lang='lat' dir='ltr'>arti</span> <span class='ocrx_word' id='word_1_223' title='bbox 367 2647 596 2701; x_wconf 80' lang='lat' dir='ltr'>finitima</span> <span class='ocrx_word' id='word_1_224' title='bbox 627 2650 709 2700; x_wconf 89' lang='lat' dir='ltr'>cst</span> <span class='ocrx_word' id='word_1_225' title='bbox 740 2642 951 2698; x_wconf 82' lang='lat' dir='ltr'>dicendi</span> <span class='ocrx_word' id='word_1_226' title='bbox 985 2645 1199 2716; x_wconf 87' lang='lat' dir='ltr'>gravior</span> <span class='ocrx_word' id='word_1_227' title='bbox 1231 2644 1455 2701; x_wconf 84' lang='lat' dir='ltr'>facultas</span> <span class='ocrx_word' id='word_1_228' title='bbox 1486 2653 1540 2702; x_wconf 86' lang='lat' dir='ltr'>ct</span> <span class='ocrx_word' id='word_1_229' title='bbox 1572 2648 1775 2718; x_wconf 84' lang='lat' dir='ltr'>gratior</span> <span class='ocrx_word' id='word_1_230' title='bbox 1805 2654 1860 2713; x_wconf 81' lang='lat' dir='ltr'>et</span> <span class='ocrx_word' id='word_1_231' title='bbox 1897 2663 2049 2702; x_wconf 90' lang='lat' dir='ltr'>orna·</span> <span class='ocrx_word' id='word_1_232' title='bbox 2135 2647 2151 2716; x_wconf 64' lang='lat' dir='ltr'>&#39;j&#39;</span> 
     </span>
     <span class='ocr_line' id='line_1_25' title="bbox 230 2743 2050 2819; baseline -0.001 -16"><span class='ocrx_word' id='word_1_233' title='bbox 230 2749 353 2803; x_wconf 89' lang='lat' dir='ltr'>tior.</span> <span class='ocrx_word' id='word_1_234' title='bbox 431 2747 542 2802; x_wconf 90' lang='lat' dir='ltr'>Iam</span> <span class='ocrx_word' id='word_1_235' title='bbox 565 2751 604 2783; x_wconf 80' lang='lat'>¹¹</span> <span class='ocrx_word' id='word_1_236' title='bbox 640 2761 794 2808; x_wconf 88' lang='lat' dir='ltr'>vero,</span> <span class='ocrx_word' id='word_1_237' title='bbox 834 2743 1048 2798; x_wconf 88' lang='lat' dir='ltr'>domina</span> <span class='ocrx_word' id='word_1_238' title='bbox 1085 2761 1297 2810; x_wconf 81' lang='lat' dir='ltr'>rerum,</span> <span class='ocrx_word' id='word_1_239' title='bbox 1337 2751 1399 2800; x_wconf 87' lang='lat' dir='ltr'>ut</span> <span class='ocrx_word' id='word_1_240' title='bbox 1430 2745 1563 2800; x_wconf 89' lang='lat' dir='ltr'>solet</span> <span class='ocrx_word' id='word_1_241' title='bbox 1595 2745 1730 2811; x_wconf 91' lang='lat' dir='ltr'>dici,</span> <span class='ocrx_word' id='word_1_242' title='bbox 1771 2745 2050 2819; x_wconf 88' lang='lat' dir='ltr'>eloquendi</span> 
     </span>
    </p>
   </div>
   <div class='ocr_carea' id='block_1_12' title="bbox 231 2834 2151 3019">
    <p class='ocr_par' dir='ltr' id='par_1_12' title="bbox 231 2834 2151 3019">
     <span class='ocr_line' id='line_1_26' title="bbox 232 2834 2151 2919; baseline -0.001 -17"><span class='ocrx_word' id='word_1_243' title='bbox 232 2848 342 2912; x_wconf 88' lang='lat' dir='ltr'>vis,</span> <span class='ocrx_word' id='word_1_244' title='bbox 394 2862 554 2919; x_wconf 90' lang='lat' dir='ltr'>quam</span> <span class='ocrx_word' id='word_1_245' title='bbox 587 2850 669 2900; x_wconf 89' lang='lat' dir='ltr'>est</span> <span class='ocrx_word' id='word_1_246' title='bbox 712 2842 1013 2916; x_wconf 89' lang='lat' dir='ltr'>praeclara,</span> <span class='ocrx_word' id='word_1_247' title='bbox 1065 2861 1332 2916; x_wconf 88' lang='lat' dir='ltr'>quamque</span> <span class='ocrx_word' id='word_1_248' title='bbox 1375 2844 1582 2900; x_wconf 82' lang='lat' dir='ltr'>divina!</span> <span class='ocrx_word' id='word_1_249' title='bbox 1634 2862 1771 2918; x_wconf 89' lang='lat' dir='ltr'>quae</span> <span class='ocrx_word' id='word_1_250' title='bbox 1814 2846 2051 2918; x_wconf 90' lang='lat' dir='ltr'>primum</span> <span class='ocrx_word' id='word_1_251' title='bbox 2130 2834 2151 2899; x_wconf 63' lang='grc'>,3</span> 
     </span>
     <span class='ocr_line' id='line_1_27' title="bbox 231 2944 2145 3019; baseline -0.001 -17"><span class='ocrx_word' id='word_1_252' title='bbox 231 2947 422 3013; x_wconf 83' lang='lat' dir='ltr'>eflicit,</span> <span class='ocrx_word' id='word_1_253' title='bbox 463 2953 525 3002; x_wconf 87' lang='lat' dir='ltr'>ut</span> <span class='ocrx_word' id='word_1_254' title='bbox 545 2951 598 3000; x_wconf 88' lang='lat' dir='ltr'>et</span> <span class='ocrx_word' id='word_1_255' title='bbox 629 2960 720 3010; x_wconf 88' lang='lat' dir='ltr'>ea,</span> <span class='ocrx_word' id='word_1_256' title='bbox 759 2960 894 3016; x_wconf 88' lang='lat' dir='ltr'>quae</span> <span class='ocrx_word' id='word_1_257' title='bbox 932 2944 1270 3016; x_wconf 84' lang='lat' dir='ltr'>ignoramuS,</span> <span class='ocrx_word' id='word_1_258' title='bbox 1309 2945 1541 3013; x_wconf 86' lang='lat' dir='ltr'>discere,</span> <span class='ocrx_word' id='word_1_259' title='bbox 1575 2953 1628 3002; x_wconf 90' lang='lat' dir='ltr'>et</span> <span class='ocrx_word' id='word_1_260' title='bbox 1653 2963 1744 3012; x_wconf 87' lang='lat' dir='ltr'>ea,</span> <span class='ocrx_word' id='word_1_261' title='bbox 1783 2963 1919 3019; x_wconf 87' lang='lat' dir='ltr'>quac</span> <span class='ocrx_word' id='word_1_262' title='bbox 1951 2947 2049 3002; x_wconf 92' lang='lat' dir='ltr'>sci·</span> <span class='ocrx_word' id='word_1_263' title='bbox 2142 2952 2145 2954; x_wconf 75' lang='grc'>’</span> 
     </span>
    </p>
   </div>
   <div class='ocr_carea' id='block_1_13' title="bbox 234 3097 446 3111">
    <p class='ocr_par' dir='ltr' id='par_1_13' title="bbox 234 3097 446 3111">
     <span class='ocr_line' id='line_1_28' title="bbox 234 3097 446 3111; baseline 0 919"><span class='ocrx_word' id='word_1_264' title='bbox 234 3097 446 3111; x_wconf 95' lang='lat' dir='ltr'> </span> 
     </span>
    </p>
   </div>
   <div class='ocr_carea' id='block_1_14' title="bbox 235 3143 2158 3327">
    <p class='ocr_par' dir='ltr' id='par_1_14' title="bbox 235 3143 2158 3327">
     <span class='ocr_line' id='line_1_29' title="bbox 295 3143 2158 3249; baseline 0.002 -19"><span class='ocrx_word' id='word_1_265' title='bbox 295 3190 334 3245; x_wconf 80' lang='lat'>1)</span> <span class='ocrx_word' id='word_1_266' title='bbox 365 3187 417 3230; x_wconf 90' lang='lat' dir='ltr'>de</span> <span class='ocrx_word' id='word_1_267' title='bbox 436 3183 578 3245; x_wconf 83' lang='lat' dir='ltr'>Legib.</span> <span class='ocrx_word' id='word_1_268' title='bbox 606 3189 639 3229; x_wconf 89' lang='grc' dir='ltr'><strong>Ι.</strong></span> <span class='ocrx_word' id='word_1_269' title='bbox 663 3199 698 3228; x_wconf 87' lang='lat' dir='ltr'>c.</span> <span class='ocrx_word' id='word_1_270' title='bbox 718 3186 760 3229; x_wconf 82' lang='lat'>4.</span> <span class='ocrx_word' id='word_1_271' title='bbox 778 3186 802 3242; x_wconf 85' lang='lat'>§</span> <span class='ocrx_word' id='word_1_272' title='bbox 821 3188 892 3231; x_wconf 88' lang='grc'>13.</span> <span class='ocrx_word' id='word_1_273' title='bbox 924 3211 984 3222; x_wconf 91' lang='lat'>-</span> <span class='ocrx_word' id='word_1_274' title='bbox 1015 3189 1055 3247; x_wconf 76' lang='lat'>2)</span> <span class='ocrx_word' id='word_1_275' title='bbox 1084 3191 1262 3245; x_wconf 68' lang='lat' dir='ltr'>Brut.&#39;c.</span> <span class='ocrx_word' id='word_1_276' title='bbox 1283 3191 1517 3249; x_wconf 80' lang='lat'><strong>40.§150.</strong></span> <span class='ocrx_word' id='word_1_277' title='bbox 1547 3215 1607 3224; x_wconf 92' lang='lat'>—</span> <span class='ocrx_word' id='word_1_278' title='bbox 1638 3189 1678 3248; x_wconf 77' lang='lat'>⁵)</span> <span class='ocrx_word' id='word_1_279' title='bbox 1709 3187 1764 3232; x_wconf 89' lang='lat' dir='ltr'>de</span> <span class='ocrx_word' id='word_1_280' title='bbox 1779 3186 1863 3249; x_wconf 77' lang='lat' dir='ltr'>Off.</span> <span class='ocrx_word' id='word_1_281' title='bbox 1890 3191 1923 3232; x_wconf 85' lang='lat'>1.</span> <span class='ocrx_word' id='word_1_282' title='bbox 1948 3202 1984 3231; x_wconf 90' lang='lat' dir='ltr'>c.</span> <span class='ocrx_word' id='word_1_283' title='bbox 2006 3190 2049 3234; x_wconf 82' lang='lat'>1.</span> <span class='ocrx_word' id='word_1_284' title='bbox 2132 3143 2158 3212; x_wconf 41' lang='grc' dir='ltr'>δ’·</span> 
     </span>
     <span class='ocr_line' id='line_1_30' title="bbox 235 3261 2045 3327; baseline 0.002 -19"><span class='ocrx_word' id='word_1_285' title='bbox 235 3269 320 3324; x_wconf 61' lang='lat'>§2</span> <span class='ocrx_word' id='word_1_286' title='bbox 351 3289 411 3299; x_wconf 85' lang='lat'>--</span> <span class='ocrx_word' id='word_1_287' title='bbox 442 3263 485 3322; x_wconf 83' lang='lat'>4)</span> <span class='ocrx_word' id='word_1_288' title='bbox 500 3261 554 3306; x_wconf 83' lang='lat' dir='ltr'>de</span> <span class='ocrx_word' id='word_1_289' title='bbox 584 3261 727 3323; x_wconf 83' lang='lat' dir='ltr'>Legib.</span> <span class='ocrx_word' id='word_1_290' title='bbox 761 3267 795 3308; x_wconf 92' lang='grc' dir='ltr'><strong>Ι.</strong></span> <span class='ocrx_word' id='word_1_291' title='bbox 821 3279 860 3312; x_wconf 90' lang='lat' dir='ltr'>c.</span> <span class='ocrx_word' id='word_1_292' title='bbox 880 3266 919 3308; x_wconf 74' lang='lat'>4.</span> <span class='ocrx_word' id='word_1_293' title='bbox 948 3265 1062 3326; x_wconf 81' lang='lat'><strong>§13.</strong></span> <span class='ocrx_word' id='word_1_294' title='bbox 1095 3293 1154 3301; x_wconf 89' lang='lat'>—</span> <span class='ocrx_word' id='word_1_295' title='bbox 1185 3269 1226 3326; x_wconf 89' lang='lat'>⁵)</span> <span class='ocrx_word' id='word_1_296' title='bbox 1247 3266 1358 3312; x_wconf 89' lang='lat' dir='ltr'>Ibid.</span> <span class='ocrx_word' id='word_1_297' title='bbox 1385 3271 1499 3326; x_wconf 54' lang='lat'>§14</span> <span class='ocrx_word' id='word_1_298' title='bbox 1532 3294 1590 3303; x_wconf 93' lang='lat'>-</span> <span class='ocrx_word' id='word_1_299' title='bbox 1622 3266 1788 3327; x_wconf 78' lang='lat' dir='ltr'>⁶)1bid.</span> <span class='ocrx_word' id='word_1_300' title='bbox 1808 3272 1889 3313; x_wconf 88' lang='lat'>111.</span> <span class='ocrx_word' id='word_1_301' title='bbox 1916 3283 1952 3312; x_wconf 89' lang='lat' dir='ltr'>c.</span> <span class='ocrx_word' id='word_1_302' title='bbox 1971 3270 2045 3311; x_wconf 83' lang='lat'>20.</span> 
     </span>
    </p>
   </div>
   <div class='ocr_carea' id='block_1_15' title="bbox 233 3338 2146 3485">
    <p class='ocr_par' dir='ltr' id='par_1_15' title="bbox 233 3338 2149 3485">
     <span class='ocr_line' id='line_1_31' title="bbox 233 3338 2146 3406; baseline 0.002 -19"><span class='ocrx_word' id='word_1_303' title='bbox 233 3346 259 3401; x_wconf 69' lang='grc' dir='ltr'>ς)</span> <span class='ocrx_word' id='word_1_304' title='bbox 279 3346 349 3387; x_wconf 81' lang='lat'>48.</span> <span class='ocrx_word' id='word_1_305' title='bbox 386 3365 444 3373; x_wconf 93' lang='lat'>-</span> <span class='ocrx_word' id='word_1_306' title='bbox 477 3339 518 3398; x_wconf 94' lang='lat'>7)</span> <span class='ocrx_word' id='word_1_307' title='bbox 535 3353 610 3399; x_wconf 87' lang='lat' dir='ltr'>pro</span> <span class='ocrx_word' id='word_1_308' title='bbox 630 3338 805 3385; x_wconf 83' lang='lat' dir='ltr'>Caecina</span> <span class='ocrx_word' id='word_1_309' title='bbox 830 3356 867 3386; x_wconf 88' lang='lat' dir='ltr'>c.</span> <span class='ocrx_word' id='word_1_310' title='bbox 883 3343 956 3386; x_wconf 83' lang='lat'>25.</span> <span class='ocrx_word' id='word_1_311' title='bbox 981 3343 1006 3400; x_wconf 83' lang='lat'>§</span> <span class='ocrx_word' id='word_1_312' title='bbox 1026 3344 1096 3387; x_wconf 76' lang='lat'>70.</span> <span class='ocrx_word' id='word_1_313' title='bbox 1130 3371 1187 3379; x_wconf 94' lang='lat'>—</span> <span class='ocrx_word' id='word_1_314' title='bbox 1221 3346 1260 3404; x_wconf 80' lang='grc'>8)</span> <span class='ocrx_word' id='word_1_315' title='bbox 1286 3343 1338 3388; x_wconf 89' lang='lat' dir='ltr'>de</span> <span class='ocrx_word' id='word_1_316' title='bbox 1354 3344 1439 3389; x_wconf 85' lang='lat' dir='ltr'>off.</span> <span class='ocrx_word' id='word_1_317' title='bbox 1457 3347 1513 3389; x_wconf 86' lang='grc' dir='ltr'><strong>ΙΙ.</strong></span> <span class='ocrx_word' id='word_1_318' title='bbox 1532 3360 1567 3388; x_wconf 93' lang='lat' dir='ltr'>c.</span> <span class='ocrx_word' id='word_1_319' title='bbox 1587 3345 1658 3389; x_wconf 88' lang='grc'><strong>19.</strong></span> <span class='ocrx_word' id='word_1_320' title='bbox 1679 3346 1703 3403; x_wconf 87' lang='lat'>§</span> <span class='ocrx_word' id='word_1_321' title='bbox 1722 3349 1793 3390; x_wconf 84' lang='lat'>65.</span> <span class='ocrx_word' id='word_1_322' title='bbox 1826 3372 1884 3380; x_wconf 88' lang='lat'>--</span> <span class='ocrx_word' id='word_1_323' title='bbox 1915 3348 1955 3404; x_wconf 88' lang='grc'>9)</span> <span class='ocrx_word' id='word_1_324' title='bbox 1972 3361 2046 3406; x_wconf 86' lang='lat' dir='ltr'>pro</span> <span class='ocrx_word' id='word_1_325' title='bbox 2134 3371 2146 3390; x_wconf 62' lang='lat'>=.</span> 
     </span>
     <span class='ocr_line' id='line_1_32' title="bbox 234 3417 2048 3485; baseline 0.001 -19"><span class='ocrx_word' id='word_1_326' title='bbox 234 3425 410 3466; x_wconf 79' lang='lat' dir='ltr'>Murena</span> <span class='ocrx_word' id='word_1_327' title='bbox 442 3432 478 3462; x_wconf 87' lang='lat' dir='ltr'>c.</span> <span class='ocrx_word' id='word_1_328' title='bbox 496 3418 541 3461; x_wconf 79' lang='lat'>9.</span> <span class='ocrx_word' id='word_1_329' title='bbox 564 3419 679 3485; x_wconf 80' lang='lat'><strong>§19.</strong></span> <span class='ocrx_word' id='word_1_330' title='bbox 710 3443 771 3453; x_wconf 93' lang='lat'>—-</span> <span class='ocrx_word' id='word_1_331' title='bbox 804 3420 860 3479; x_wconf 85' lang='lat'>¹⁰)</span> <span class='ocrx_word' id='word_1_332' title='bbox 885 3417 938 3464; x_wconf 86' lang='lat' dir='ltr'>de</span> <span class='ocrx_word' id='word_1_333' title='bbox 963 3418 1047 3464; x_wconf 77' lang='lat' dir='ltr'>Ost.</span> <span class='ocrx_word' id='word_1_334' title='bbox 1078 3423 1139 3466; x_wconf 86' lang='lat'>11.</span> <span class='ocrx_word' id='word_1_335' title='bbox 1162 3435 1198 3466; x_wconf 88' lang='lat' dir='ltr'>c.</span> <span class='ocrx_word' id='word_1_336' title='bbox 1216 3423 1289 3467; x_wconf 87' lang='grc'>19.</span> <span class='ocrx_word' id='word_1_337' title='bbox 1326 3422 1443 3479; x_wconf 58' lang='lat'>§612</span> <span class='ocrx_word' id='word_1_338' title='bbox 1476 3447 1535 3456; x_wconf 91' lang='lat'>—·</span> <span class='ocrx_word' id='word_1_339' title='bbox 1567 3425 1624 3481; x_wconf 87' lang='lat'>¹¹)</span> <span class='ocrx_word' id='word_1_340' title='bbox 1656 3422 1709 3468; x_wconf 85' lang='lat' dir='ltr'>de</span> <span class='ocrx_word' id='word_1_341' title='bbox 1732 3426 1825 3471; x_wconf 82' lang='lat' dir='ltr'>Nat.</span> <span class='ocrx_word' id='word_1_342' title='bbox 1849 3426 1969 3469; x_wconf 86' lang='lat' dir='ltr'>Deor.</span> <span class='ocrx_word' id='word_1_343' title='bbox 1994 3427 2048 3467; x_wconf 86' lang='grc' dir='ltr'><strong>Π.</strong></span> 
     </span>
    </p>
   </div>
   <div class='ocr_carea' id='block_1_16' title="bbox 234 3498 530 3555">
    <p class='ocr_par' dir='ltr' id='par_1_16' title="bbox 234 3498 530 3555">
     <span class='ocr_line' id='line_1_33' title="bbox 234 3498 530 3555; baseline -0.02 -10"><span class='ocrx_word' id='word_1_344' title='bbox 234 3516 270 3546; x_wconf 88' lang='lat' dir='ltr'>c.</span> <span class='ocrx_word' id='word_1_345' title='bbox 289 3500 361 3544; x_wconf 84' lang='lat'>59.</span> <span class='ocrx_word' id='word_1_346' title='bbox 385 3498 409 3555; x_wconf 86' lang='lat'>§</span> <span class='ocrx_word' id='word_1_347' title='bbox 427 3498 530 3541; x_wconf 78' lang='lat'><strong>148.</strong></span> 
     </span>
    </p>
   </div>
  </div>
 </body>
</html>
