2210 3970
230 203 364 274 ..46³2
870 214 1078 251 emeno
1118 215 1187 251 DE
1231 214 1365 251 νιΤΑ
1407 215 1510 252 SUA

255 366 358 404 non
396 355 677 403 contemno
730 347 1013 419 equidem,
1075 349 1271 420 quippe
1316 364 1448 420 quos
1489 363 1783 419 numquam
1824 348 2080 419 legerim;

254 451 376 514 sed,
411 451 536 521 quia
569 448 890 520 profitentur
923 450 1024 521 ipsi
1058 449 1171 514 illi,
1221 450 1314 520 qui
1355 465 1444 503 eos
1484 448 1764 514 scribunt,
1818 465 1874 503 se
1912 465 2084 522 neque

252 551 541 614 distincte,
583 565 756 620 neque
796 548 1113 614 distribute,
1154 566 1326 620 neque
1359 549 1659 620 eleganter,
1700 565 1872 621 neque
1899 556 2086 605 ornate

248 650 484 705 scribere
505 691 519 714 ,
559 649 842 704 lectionem
882 651 998 705 sine
1036 650 1146 704 ulla
1173 649 1524 705 delectatione
1556 648 1784 721 negligo.
1832 653 1918 704 18.
1944 649 2085 718 Quid

248 752 393 806 enim
439 750 622 806 dicant
661 758 715 805 et
750 751 878 823 quid
920 752 1156 806 sentiant
1195 751 1268 816 ii,
1307 751 1401 822 qui
1437 756 1572 804 sunt,
1596 749 1662 805 ab
1683 767 1747 805 ea
1772 749 2085 823 disciplina,

242 868 407 909 nemo
458 850 803 906 mediocriter
853 850 1072 921 quidem
1126 849 1315 904 doctus
1375 851 1604 920 ignorat.
1689 850 2047 918 Quamobrem
2067 892 2083 916 ‚

247 953 537 1023 quoniam,
577 950 1030 1022 quemadmodum
1082 950 1290 1015 dicant,
1350 951 1453 1022 ipsi
1497 967 1610 1004 non.
1655 950 1933 1016 laborant,
1986 967 2086 1007 cur

247 1051 460 1123 legendi
495 1052 633 1115 sint,
675 1052 779 1106 nisi
801 1051 916 1123 ipsi
952 1051 1094 1105 inter
1120 1068 1211 1115 se,
1251 1051 1346 1122 qui
1378 1050 1521 1106 idem
1550 1051 1828 1114 sentiunt,
1868 1067 1975 1106 non
2006 1053 2085 1106 in-

246 1153 446 1224 telligo.
526 1153 689 1215 Nam,
729 1160 790 1208 ut
825 1151 1101 1207 Platonem
1141 1151 1481 1224 reliquosque
1520 1151 1820 1206 Socraticos
1859 1157 1911 1207 et
1939 1149 2088 1207 dein-

248 1271 374 1326 ceps
412 1270 530 1319 eOS,
590 1255 684 1325 qui
724 1253 789 1308 ab
830 1252 917 1308 his
958 1251 1185 1325 profecti
1225 1258 1388 1317 sunt,
1434 1250 1624 1324 legunt
1662 1268 1880 1318 omneS,
1922 1251 2087 1307 etiam

246 1355 341 1426 qui
392 1354 484 1410 illa
522 1360 618 1410 aut
662 1371 768 1408 non
825 1352 1121 1426 approbant
1160 1359 1255 1407 aut
1302 1369 1410 1407 non
1461 1351 1855 1407 studiosissime
1907 1368 2087 1407 conse—

245 1461 467 1510 ctantur
489 1473 502 1518 ;
526 1455 839 1527 Epicurum
873 1460 1056 1509 autem
1095 1460 1148 1508 et
1187 1453 1549 1508 Metrodorum
1590 1470 1696 1508 non
1725 1452 1836 1508 fere
1873 1458 2088 1525 praeter

242 1556 691 1627 suos'quisquam
714 1554 783 1608 :in
816 1559 1010 1608 manus
1051 1555 1242 1617 sumit;
1294 1556 1372 1608 sic
1413 1554 1512 1608 hos
1548 1554 1767 1609 Latinos
1799 1554 1839 1607 ii
1884 1553 1983 1608 soli
2015 1552 2087 1608 le-

249 1663 414 1727 gunt,
475 1657 568 1727 qui
608 1656 699 1710 illa
758 1662 904 1711 recte
958 1655 1067 1710 dici
1106 1662 1316 1728 putant.
1395 1655 1558 1711 Nobis
1609 1661 1792 1711 autem
1835 1653 2088 1719 videtur,

160 1780 177 1793 ·
246 1756 512 1828 quidquid
544 1757 743 1812 litteris
775 1757 1099 1821 mandetur,
1139 1757 1195 1811 id
1234 1756 1599 1812 commendari
1628 1757 1873 1813 omnium
1911 1754 2088 1811 erudi·

248 1865 430 1912 torum
469 1858 686 1913 lectioni
714 1858 918 1913 decere.
1000 1859 1107 1913 Nec
1128 1901 1143 1922 ,
1185 1859 1231 1912 si
1255 1858 1310 1912 id
1342 1859 1446 1931 ipsi
1473 1858 1656 1912 minus
1684 1858 1939 1929 consequi
1971 1872 2087 1929 pos·

244 1976 437 2015 sumus
458 2001 474 2024 ,
515 1958 717 2013 idcirco
757 1961 938 2014 minus
974 1959 1027 2012 id
1065 1961 1140 2013 ita
1174 1958 1480 2015 faciendum
1521 1975 1637 2014 esse
1670 1959 1951 2013 sentimus,

325 2160 412 2215 lX.
500 2165 583 2214 19.
626 2161 780 2214 Non¹
823 2164 971 2215 eram
1008 2161 1248 2225 nescius,
1302 2176 1506 2232 quum,
1561 2176 1698 2230 quae
1740 2160 1970 2214 summis
2010 2160 2087 2213 in-

247 2262 420 2332 geniis
473 2262 845 2334 exquisitaque
903 2261 1151 2317 doctrina
1182 2259 1508 2333 philosophi
1572 2259 1772 2331 Graeco
1842 2275 2088 2314 sermone

245 2362 627 2417 tractavissent
647 2406 662 2428 ‚
716 2380 778 2417 ea
834 2363 1042 2418 Latinis
1093 2362 1291 2417 litteris
1344 2360 1761 2425 mandaremus,
1821 2359 1932 2415 fore
1953 2403 1967 2424 ‚
2027 2367 2090 2414 ut

222 2462 335 2518 „hic
353 2467 357 2473 ”
372 2469 552 2516 noster
585 2463 734 2518 labor
766 2465 824 2517 in
857 2466 1034 2519 varias
1069 2463 1510 2535 reprehensiones
1550 2462 1871 2518 incurreret.
1954 2461 2088 2517 Nam

245 2562 568 2633 quibusdam
590 2605 605 2626 ,
647 2569 700 2617 et
745 2563 812 2616 iis
846 2563 1064 2634 quidem
1111 2580 1217 2617 non
1270 2562 1560 2617 admodum
1606 2561 1868 2623 indoctis,
1911 2567 2086 2618 totum

247 2663 347 2717 hoc
389 2662 636 2735 displicet
668 2662 1047 2736 philosophari.
1128 2663 1358 2731 Quidam
1391 2670 1574 2719 autem
1607 2680 1721 2717 non,
1754 2662 1809 2718 id
1857 2669 1969 2717 tam
2007 2679 2087 2717 re-

247 2763 619 2836 prehendunt,
660 2765 708 2818 si
733 2764 1016 2819 remissius
1056 2772 1276 2835 agatur:
1318 2764 1412 2818 sed
1443 2767 1660 2818 tantum
1681 2762 1924 2818 studium
1952 2769 2087 2817 tam-

249 2882 353 2935 que
380 2863 609 2918 multam
630 2880 845 2936 operam
868 2864 1169 2937 ponendam
1198 2865 1254 2918 in
1282 2882 1343 2919 eo
1378 2863 1873 2937 nonarhitrantur.
1911 2863 2090 2921 Erunt

249 2966 413 3019 etiam
435 3009 450 3030 ,
491 2971 543 3020 et
578 2964 633 3019 hi
664 2965 881 3037 quidem
926 2965 1126 3021 eruditi
1160 2965 1378 3021 Graecis
1411 2966 1608 3021 litteris
1628 3009 1644 3032 ,
1686 2970 2090 3022 contemnentes

250 3067 495 3131 Latinas,
549 3068 642 3137 qui
683 3084 740 3122 se
779 3066 963 3122 dicant
1015 3069 1071 3122 in
1120 3068 1338 3124 Graecis
1378 3067 1618 3139 legendis
1670 3083 1885 3139 operam
1932 3065 2089 3120 malle

251 3185 584 3223 consumere.
666 3170 941 3224 Postremo
993 3169 1198 3241 aliquos
1251 3170 1463 3224 futuros
1515 3170 1793 3241 suspicor,
1852 3168 1946 3239 qui
2003 3183 2091 3221 me

248 3269 320 3322 ad
360 3270 491 3325 alias
542 3271 751 3327 litteras
784 3278 998 3334 vocent;
1051 3288 1222 3342 genus
1256 3273 1355 3328 hoc
1389 3271 1693 3338 scribendi,
1737 3271 1837 3327 etsi
1879 3271 1949 3326 sit
1988 3267 2087 3324 ele·

319 3516 356 3569 ¹)
390 3511 439 3556 ilc
472 3512 609 3556 Finib.
641 3517 680 3556 Β.
717 3522 760 3557 ct
792 3518 842 3559 M.
879 3519 911 3559 1.
947 3519 1040 3560 ελ.
1079 3515 1162 3571 §1.
