2210 3970
394 256 562 314 1..1x.
606 275 650 310 ο.
676 254 883 312 xxxv,
929 255 968 328 g
999 258 1095 310 101
1141 252 1561 308 -.0.xxxvr
1606 251 1795 326 5105.
1936 247 2042 300 445

214 408 393 474 beret,
434 408 757 465 incluserit?
811 407 877 462 ad
921 406 1155 480 legiones
1194 403 1543 460 Brundisium
1583 402 1925 459 cucurrerit?
1979 419 2044 458 ex

216 508 301 565 his
333 511 533 583 optime
577 510 870 566 sentientes
910 508 1252 564 centuriones
1300 504 1670 577 iugulaverit?
1722 519 1847 559 cum
1901 519 2049 558 exer·

215 611 331 667 citu
371 610 594 667 Romam
626 612 698 665 sit
732 610 799 665 ad
840 610 1122 665 interitum
1153 614 1398 663 nostrum
1420 613 1475 662 et
1505 605 1571 660 ad
1606 603 2046 676 disperditionem

216 709 372 767 Urbis
407 711 590 766 venire
623 716 848 765 conatus
875 710 894 763 ?

292 908 531 966 XXXVI.
618 915 739 967 102.
784 912 966 980 Quos¹
999 927 1124 967 vero
1152 916 1206 965 et
1226 926 1390 982 quam
1412 908 1610 964 multos
1649 924 1834 964 secum
1866 905 2056 963 habuit

220 1009 488 1067 Antonius
529 1017 682 1068 notos
714 1020 769 1069 et
809 1014 1049 1085 insignes
1089 1012 1348 1068 latrones!
1429 1011 1675 1066 Primum
1715 1008 1774 1066 1..
1811 1008 2055 1066 fratrem.

220 1109 393 1181 Quam
422 1111 626 1170 faecem
647 1157 662 1180 ‚
701 1113 778 1170 dii
813 1113 1172 1170 immortales!
1214 1112 1356 1186 quod
1384 1111 1627 1168 facinus!
1677 1110 1819 1184 quod
1853 1109 2061 1167 scelus!

216 1228 380 1285 quem
408 1215 709 1287 gurgitem!
751 1232 914 1288 quam
947 1217 1285 1287 voraginem!
1366 1213 1507 1282 Quid
1538 1229 1666 1269 eum
1701 1229 1806 1269 non
1847 1211 2063 1269 sorbere

215 1314 426 1378 animo,
467 1314 597 1387 quid
630 1332 737 1370 non
771 1315 991 1371 haurire
1018 1316 1372 1387 cogitatione,
1411 1315 1570 1370 cuius
1597 1314 1916 1384 sanguinem
1958 1329 2062 1367 non

216 1412 401 1470 bibere
438 1414 714 1470 censetis?
770 1415 824 1471 in
859 1416 1018 1470 cuius
1057 1415 1419 1488 possessiones
1457 1420 1622 1485 atque
1661 1410 1907 1469 fortunas
1955 1429 2060 1468 non

215 1511 717 1587 impudentissimos
749 1513 933 1570 oculos
970 1532 1067 1588 spe
1102 1521 1158 1571 et
1185 1521 1368 1571 mente
1398 1513 1669 1586 deligere?
1749 1512 1893 1583 Quid
1930 1514 2062 1569 Cen·

214 1612 494 1674 florinum?
534 1615 720 1688 qui-'se
755 1615 920 1672 verbo
957 1622 1263 1690 praetorem
1294 1632 1414 1673 esse
1445 1615 1715 1672 urbanum
1748 1630 1949 1689 cupere
1987 1614 2063 1670 di·

216 1713 406 1781 cebet,
444 1731 505 1773 re
533 1722 682 1774 certe
711 1715 904 1775 noluit.
983 1716 1125 1786 Quid
1164 1716 1443 1774 Bestiam?
1484 1717 1579 1789 qui
1621 1733 1681 1772 se
1720 1714 2062 1772 consulatum

215 1816 274 1872 in
307 1816 467 1874 Bruti
507 1815 687 1874 locum
727 1822 911 1891 petere
942 1817 1261 1891 profitetur.
1341 1817 1568 1874 Accedit
1587 1822 1610 1857 ²
1657 1817 1797 1873 Saxa
1819 1857 1834 1882 ,
1883 1817 2065 1872 nescio

216 1915 340 1990 quis
359 1957 375 1983 ,
427 1933 591 1991 quem
630 1917 787 1974 nobis
837 1919 1034 1975 Caesar
1085 1935 1152 1975 ex
1203 1918 1401 1975 ultima
1442 1918 1733 1976 Celtiberia
1776 1917 2064 1973 tribunum

218 2015 388 2090 plebis
426 2015 576 2074 dedit
596 2025 958 2083 „castrorum
1010 2026 1170 2076 antea
1210 2026 1445 2075 metator
1464 2061 1479 2085 ‚
1520 2035 1666 2075 nunc
1685 2061 1703 2084 ‚
1744 2026 1806 2074 ut
1846 2025 2064 2093 sperat,

220 2115 394 2174 Urbis·
460 2118 617 2175 Cum
650 2117 751 2174 hoc
780 2126 1069 2175 veteranus
1110 2119 1320 2193 Capho:
1370 2136 1477 2193 quo
1516 2121 1790 2176 neminem
1823 2120 2065 2175 veterani

220 2218 371 2290 peius
410 2217 657 2275 oderunt.
736 2219 862 2285 His,
903 2221 1059 2294 quasi
1098 2228 1314 2294 praeter
1347 2221 1568 2287 dotem,
1594 2238 1760 2294 quam
1800 2222 1857 2276 in
1895 2220 2067 2276 civili-

216 2316 320 2376 bus
350 2318 509 2375 malis
548 2327 904 2393 acceperant,
944 2337 1136 2394 agrum
1181 2322 1520 2395 Campanum
1566 2329 1650 2377 est
1687 2322 1919 2394 largitus
1957 2323 2066 2378 An-

218 2418 400 2475 tonius
420 2461 436 2485 ,
476 2419 829 2486 uthaberent
851 2420 1186 2493 reliquorum
1217 2421 1520 2477 nutriculas
1539 2420 1917 2494 praediorum:
1949 2424 2066 2495 qui-

219 2520 320 2575 bus
354 2520 570 2576 utinam
609 2523 850 2578 contenti
883 2525 1094 2578 essenti
1156 2522 1445 2579 ferremus:
1505 2524 1609 2578 etsi
1650 2522 1927 2580 tolerabile
1955 2541 2064 2580 non

217 2626 367 2675 erat:
400 2621 493 2678 sed
529 2621 743 2695 quidvis
771 2623 1089 2695 patiendum
1131 2623 1235 2679 suit
1257 2667 1270 2690 ‚
1312 2633 1375 2680 ut
1415 2624 1514 2680 hoc
1546 2626 1923 2681 taeterrimum
1957 2625 2067 2681 bel·

217 2720 334 2778 lum
383 2739 491 2778 non
533 2722 871 2780 haberemus
953 2730 1082 2782 105.
1125 2725 1310 2794 Quid?
1366 2725 1458 2781 illa
1496 2732 1801 2782 castrorum
1851 2726 1923 2782 M.
1960 2727 2065 2782 An-

219 2822 354 2877 tonii
385 2821 592 2879 lumina
613 2865 629 2889 ,
669 2841 846 2880 nonne
883 2832 1009 2882 ante
1041 2826 1224 2882 oculos
1263 2826 1586 2882 versantur?
1666 2828 1913 2883 Primum
1959 2827 2067 2883 duo

220 2921 452 2994 collegae
485 2923 842 2980 Antoniorum
874 2931 932 2981 et
957 2925 1286 2993 Dolabellae,
1325 2927 1535 2983 Nucula
1562 2934 1617 2984 et
1634 2927 1803 2984 Lento
1821 2971 1838 2994 ,
1876 2928 2066 2986 Italiae

219 3023 478 3080 divisores
516 3023 633 3096 lege
671 3042 762 3090 ea,
822 3042 985 3099 quam
1023 3036 1244 3085 senatus
1279 3046 1376 3102 per
1415 3031 1524 3085 vim
1564 3030 1730 3086 latam
1770 3030 2065 3087 iudicavit:

221 3140 451 3196 quorum
491 3126 629 3183 alter
667 3135 1064 3185 commentatus
1107 3138 1192 3187 est
1241 3133 1466 3197 mimos,
1524 3132 1663 3187 alter
1706 3132 1819 3205 egit
1856 3139 2064 3205 tragoe-

221 3221 383 3282 diam.
464 3227 604 3295 Quid
641 3227 819 3283 dicam
868 3228 932 3285 de
968 3230 1142 3304 Apulo
1181 3233 1450 3288 Domitio?
1511 3235 1668 3288 cuius
1724 3233 1863 3289 bona
1907 3235 2066 3291 modo

223 3330 526 3403 proscripta
560 3329 824 3385 vidimus:
861 3338 1012 3388 tanta
1039 3341 1455 3406 procuratorum
1495 3343 1577 3391 est
1604 3335 1947 3409 negligentia.
1996 3339 2066 3392 At

180 3468 185 3477 2
225 3423 313 3480 hic
346 3444 518 3502 nuper
560 3436 756 3488 sororis
804 3435 911 3490 filio
958 3435 1158 3490 infudit
1203 3454 1504 3502 venenum,
1559 3456 1663 3493 non
1718 3437 1880 3496 dedit.
1964 3439 2066 3496 Sed

290 3571 328 3627 ι)
359 3539 542 3631 rhium).
579 3574 652 3619 xl.
678 3591 714 3619 ς.
748 3578 788 3619 5.
827 3577 941 3631 §m
978 3604 1034 3611 -
1069 3579 1110 3636 2)
1143 3577 1253 3623 und.
1289 3580 1405 3636 §12
