2158 4030
985 217 1059 226 —
1101 201 1189 238 xtv
1227 217 1301 226 --

227 342 413 399 quanto
453 332 621 401 magis
653 330 908 398 apparebit
942 330 1229 382 Ciceronem
1259 330 1311 380 in
1346 331 1439 388 iis,
1475 345 1603 395 quae
1637 330 1700 380 de
1731 345 1783 380 se
1812 330 1916 394 ipse
1951 345 2062 379 nar-

205 434 330 482 rat,
379 439 438 474 eo
474 422 768 488 plerumque
805 437 954 472 usum
989 437 1098 472 esse
1144 437 1371 472 sermone
1391 460 1403 479 ,
1439 436 1590 486 quem
1623 419 1832 472 historia
1866 418 2060 471 deside-

225 522 316 565 ret.
387 512 646 578 Quidquid
681 511 778 570 sit,
824 528 905 562 res
952 526 1046 562 suo
1084 511 1330 577 cuiusque
1365 511 1552 563 iudicio
1596 509 1926 574 relinquenda
1969 518 2060 559 est.

226 602 415 661 Quodsi
468 612 636 652 tamen
690 602 790 652 sint
836 611 938 652 tam
984 602 1184 667 lyncei,
1232 603 1417 668 quibus
1477 600 1806 653 nihilominus
1864 599 2062 650 animus

226 693 511 743 offendatur
530 731 542 749 ,
594 691 878 756 quibusque
929 690 1101 742 videar
1146 708 1250 742 non
1293 692 1514 742 multum
1558 690 1745 741 distare
1793 705 1821 739 a
1871 689 2062 739 rustico

224 782 337 840 illo,
383 782 469 847 qui
504 781 751 831 hordeum
773 820 785 842 ‚
821 781 1071 846 triticum,
1117 781 1295 832 viciam
1317 821 1329 842 ‚
1362 780 1619 847 legumina
1653 780 1706 833 in
1741 788 1900 832 unum
1930 788 2064 828 acer·

223 889 345 923 vum
379 872 628 929 conserat;
667 870 845 928 verb0‚
881 871 967 934 qui
1002 871 1095 920 hos
1131 869 1614 920 Commentarios'et
1646 870 1836 922 formae
1871 877 1923 920 et
1958 882 2064 921 ora-

224 960 377 1010 tionis
410 960 658 1025 elegantia
699 959 917 1009 clament
948 968 1147 1009 tantum
1181 959 1360 1009 cedere
1397 959 1620 1023 ipsorum
1664 958 1905 1010 Veterum
1949 959 2065 1009 scri·

222 1049 351 1114 ptiS,
389 1031 632 1112 quantum
682 1063 798 1097 aera
839 1048 1031 1098 distent
1071 1048 1288 1113 lupinis;
1325 1062 1443 1106 eoS,
1479 1054 1656 1112 utpote
1691 1047 1777 1112 qui
1809 1048 2066 1112 postulent

224 1137 359 1202 quod
392 1136 547 1186 huius
599 1136 708 1188 aevi
751 1137 981 1188 homines
1027 1137 1127 1187 iam
1176 1152 1278 1187 non
1320 1119 1574 1203 praestare
1609 1136 1827 1202 possint,
1864 1145 2066 1202 rogatos

226 1242 334 1278 esse
364 1226 515 1278 velim
551 1234 611 1277 ut
644 1227 804 1292 primo
834 1242 1034 1292 quoque
1074 1236 1298 1292 tempore
1331 1226 1518 1278 librum
1553 1225 1617 1277 de
1649 1226 1883 1277 manibus
1917 1226 2066 1291 depo·

223 1324 378 1366 nant:
414 1315 545 1366 malo
579 1316 714 1367 enim
754 1315 891 1366 hunc
924 1331 1024 1369 non
1059 1316 1160 1381 legi
1195 1315 1425 1374 omnino,
1460 1332 1612 1381 quam
1645 1315 1886 1380 cuiquam
1924 1331 1952 1365 a
1986 1330 2068 1367 me

225 1421 443 1456 nauseae
472 1405 754 1456 molestiam
795 1406 980 1465 creari,
1016 1406 1280 1471 dicamque
1310 1405 1447 1471 quod
1480 1404 1532 1456 C.
1568 1405 1654 1455 ille
1688 1405 1914 1456 Lucilius
1933 1443 1946 1467 ,
1979 1405 2068 1456 ho-

226 1511 309 1546 mo
353 1495 533 1545 doctus
580 1503 633 1547 et
674 1494 987 1563 perurbanus
1006 1534 1019 1557 ‚
1052 1498 1140 1561 qui
1185 1496 1351 1561 dicere
1382 1493 1574 1546 solebat
1603 1510 1689 1553 ea,
1723 1511 1853 1560 quae
1889 1495 2069 1546 scribe-

227 1595 306 1636 ret
325 1625 336 1643 ,
373 1600 536 1650 neque
572 1584 634 1634 ab
677 1585 1032 1634 indoctissimis
1067 1601 1119 1634 se
1154 1600 1319 1649 neque
1354 1601 1382 1634 a
1426 1584 1729 1635 doctissimis
1765 1585 1866 1651 legi
1907 1585 2035 1636 velle
2056 1624 2068 1643 ‚

228 1676 363 1741 quod
405 1675 551 1726 alteri
585 1674 713 1725 nihil
746 1674 1119 1740 intelligerent,
1155 1674 1300 1725 alteri
1335 1674 1449 1740 plus
1482 1674 1694 1725 fortasse
1712 1712 1726 1732 ‚
1761 1689 1912 1738 quam
1945 1675 2066 1740 ipse.

295 1855 395 1906 Nec
431 1857 620 1909 mirum
647 1855 839 1907 accidet
873 1854 999 1906 mihi
1029 1854 1070 1906 si
1104 1854 1191 1920 qui
1221 1853 1322 1906 sint
1341 1893 1354 1914 ,
1388 1853 1573 1918 quibus
1600 1868 1702 1905 non
1732 1854 1858 1904 adeo
1893 1853 2070 1905 similis

228 1946 411 1999 videar*
433 1946 623 1997 rustico
658 1945 730 1997 illi
772 1943 1160 2011 Xenophonteo,
1204 1958 1357 2009 quem
1390 1942 1524 2002 dixi,
1568 1944 1656 1994 sed
1697 1945 1784 2009 qui
1818 1943 2069 1995 abstinen-

228 2037 351 2087 dum
397 2045 567 2087 tamen
606 2035 763 2086 fuisse
809 2034 1121 2085 arbitrentur
1160 2051 1188 2084 a
1222 2032 1420 2099 scriptis
1438 2071 1452 2094 ‚
1497 2048 1627 2098 quae
1660 2033 1786 2084 salso
1821 2033 2072 2086 Ciceronis

226 2127 431 2177 nomine
481 2125 619 2193 ferri>
651 2124 906 2175 dicuntur.
977 2123 1174 2182 Quibus
1226 2130 1396 2173 tamen
1441 2122 1483 2170 si
1516 2122 1820 2188 respondere
1858 2123 2039 2175 vellem
2059 2162 2072 2183 ‚

228 2225 379 2283 prout
431 2216 650 2281 gravitas
684 2213 968 2280 argumenti
1002 2212 1255 2278 postulat,
1302 2210 1645 2276 disputatione
1680 2227 1805 2278 opus
1850 2221 1986 2264 esset
2019 2220 2073 2264 et

228 2307 453 2373 longiore
489 2314 540 2355 et
575 2303 838 2355 subtiliore
867 2317 1021 2366 quam
1048 2317 1178 2365 quae
1206 2299 1362 2353 huius
1395 2300 1493 2351 loci
1520 2316 1628 2352 esse
1653 2300 1876 2352 videtur.
1947 2301 2071 2352 Tan·

229 2407 315 2447 tus
349 2394 485 2445 enim
523 2393 665 2445 adest
698 2392 934 2442 Virorum
967 2389 1241 2441 Doctorum
1272 2387 1531 2442 dissensus
1563 2391 1616 2442 in
1649 2405 1707 2441 re
1733 2391 1952 2442 maxime
1980 2391 2072 2443 du-

230 2486 344 2543 bia,
391 2491 450 2534 ut
491 2499 555 2535 ne
588 2482 685 2533 hoc
719 2481 925 2548 quidem
968 2486 1187 2536 constet,
1237 2493 1389 2543 quam
1434 2481 1535 2531 late
1582 2481 1723 2531 istud
1772 2482 1964 2532 crimen
1997 2499 2074 2529 ro-

230 2580 378 2629 θείας
411 2581 594 2640 pateat.
665 2571 790 2624 Aliis
823 2570 1004 2636 quippe
1035 2568 1158 2620 satis
1186 2577 1292 2631 est,
1328 2569 1369 2621 si
1400 2578 1606 2622 auctore
1640 2571 1820 2622 Wolfio
1855 2579 2075 2637 quatuor

231 2664 347 2716 illae
376 2653 668 2714 notissimae
703 2659 965 2711 Orationes
1008 2658 1376 2718 excludantur;
1413 2661 1498 2711 alii
1533 2670 1732 2721 autem,
1768 2662 1831 2712 de
1860 2662 2073 2714 aliarum

232 2769 437 2819 quoque·
467 2752 763 2805 Orationum
797 2753 1082 2816 γνησιότητι
1119 2749 1442 2807 dubitantes,
1489 2759 1579 2801 aut
1617 2751 1949 2812 Archianam,
1985 2763 2076 2803 aut

233 2843 576 2910 Ligarianam,
629 2850 720 2894 aut
753 2839 1119 2894 Marcellianam
1139 2879 1152 2898 ‚
1197 2848 1287 2891 aut
1322 2855 1475 2891 unam
1526 2841 1798 2892 alteramve
1844 2843 1925 2893 vel
1972 2850 2076 2894 tres

235 2933 360 2985 adeo
395 2949 459 2986 ex
491 2931 794 2986 Catilium-iis
827 2929 1052 2986 Ciceroni
1100 2928 1405 2982 abiudicant.
1475 2929 1662 2982 Contra<
1689 2947 1816 2996 quos
1851 2932 1936 2982 alii
1964 2949 2075 2983 rur·

239 3039 325 3076 sus
370 3020 686 3075 contendunt
731 3020 897 3073 omnia
944 3035 1002 3071 ea
1041 3020 1223 3085 scripta
1273 3028 1410 3072 recte
1454 3019 1680 3071 Ciceroni
1724 3038 1833 3073 esse
1880 3022 2075 3074 adiudi-

238 3111 427 3170 canda3
480 3119 540 3163 ut
584 3112 690 3162 fere
740 3111 880 3163 nulla
929 3123 1011 3162 res
1046 3119 1124 3161 est
1168 3125 1297 3175 quae
1339 3117 1574 3176 patronos
1610 3116 1711 3161 non
1745 3111 1996 3171 inveniat,
2033 3114 2074 3163 si

241 3202 394 3257 semel
429 3200 739 3254 adversarios
767 3208 913 3254 nacta
947 3200 1026 3253 sit.
1098 3199 1218 3253 Mihi
1253 3201 1485 3266 quidem,
1518 3209 1578 3252 ut
1620 3209 1674 3252 et
1712 3200 1795 3253 his
1827 3202 2075 3253 satisface-

239 3307 348 3343 rem
383 3300 434 3346 et
479 3290 608 3349 illis,
646 3290 891 3356 optimum
941 3290 1107 3343 visum
1142 3300 1220 3343 est
1256 3291 1296 3342 si
1342 3307 1406 3344 ex
1442 3290 1678 3342 omnihus
1706 3292 1821 3342 istis
1854 3293 2076 3359 scriptis,

243 3397 402 3450 quae,
439 3382 805 3446 qualiacunque
842 3372 1045 3435 tandem
1079 3381 1393 3438 habeantur,
1440 3396 1543 3433 non
1575 3382 1721 3433 facile
1760 3391 1926 3434 tamen
1973 3385 2076 3435 cui-
