2210 3970
237 216 343 267 554
752 227 1043 265 ANNALES
1081 227 1530 267 elcenomAm.

234 359 310 402 bat
340 372 487 402 omnes
518 356 668 401 studio
701 372 809 411 suo‚·
841 374 929 417 quo
959 359 1008 402 in
1039 373 1216 401 numero
1231 357 1429 415 fuerunt
1449 361 1498 404 L.
1521 362 1791 419 Torquatus,
1831 362 1874 413 C.
1892 361 2066 405 Marius

224 435 393 497 filius,
436 438 494 479 M.
525 436 696 490 Cicero,
735 451 846 495 quos
899 434 1214 480 consuetudine
1251 451 1335 479 sua
1366 436 1432 480 sic
1464 437 1553 481 sibi
1594 437 1816 492 devinxit,
1857 445 1910 481 ut
1940 455 2062 483 nemo

230 515 291 557 iis
316 522 531 574 perpetuo
554 512 709 569 suerit
739 513 897 556 car-ior.

307 615 368 689 (2)
411 615 695 670 Florebant
728 631 789 669 eo
826 621 1066 686 tempore
1097 615 1331 670 maxime
1371 615 1426 668 in
1460 615 1572 669 foro
1611 616 1682 672 M.
1704 615 1970 670 Antonius
2005 624 2058 670 et

226 715 558 771 L.>Lieinius
592 714 842 776 Crassus3
891 713 956 768 de
1001 713 1196 785 quibus
1233 713 1342 770 fere
1387 714 1612 770 dubium
1650 715 1893 796 videtur,
1946 718 2056 770 utri

226 816 485 870 maiorem
529 814 861 886 eloquentiae
898 812 1111 867 laudem
1157 813 1410 869 tribuerit
1452 815 1653 870 Cicer0.
1697 834 1732 870 1.
1778 833 1823 869 e.
1863 818 1948 870 16.
1987 821 2055 870 47

229 933 307 988 sq.
341 934 429 970 vn.
464 933 510 970 c.
534 918 623 968 56.
659 917 749 968 96.
1870 922 1873 924 ·

288 1015 372 1059 cic.
405 1018 528 1059 Brut.
561 1030 598 1058 c.
627 1016 699 1058 37.
735 1015 838 1057 139.
913 1012 1072 1056 Omnia
1102 1013 1331 1058 veniebant
1365 1015 1556 1059 Antonio
1586 1015 1636 1059 iu
1665 1022 1849 1059 mentem
1869 1038 1886 1070 ‚·
1924 1032 2061 1076 eaque

226 1109 308 1137 suo
339 1108 540 1153 quaeque
572 1090 694 1146 loco,
743 1089 822 1134 ubi
855 1089 1105 1150 plurimum
1134 1092 1359 1154 proficere
1400 1100 1446 1138 et
1484 1092 1630 1137 valere
1659 1099 1876 1152 possent,
1923 1100 1976 1136 ut
2006 1093 2061 1136 ab

225 1173 490 1235 imperatore
521 1170 694 1229 equites
710 1200 723 1223 ‚
755 1167 962 1228 pedites,
1006 1168 1120 1212 levis
1160 1167 1423 1234 armatura,
1461 1171 1527 1215 sic
1559 1169 1614 1214 ab
1662 1169 1744 1214 illo
1783 1171 1832 1215 in
1869 1171 2061 1214 maa-ime

225 1248 488 1311 opportunis
527 1245 746 1291 orationis
777 1245 993 1306 partibus
1039 1246 1384 1295 collocabantur.
1432 1249 1574 1308 *Erat
1613 1250 1824 1293 memoria
1859 1262 2061 1304 summa,

225 1326 354 1372 nulla
393 1318 698 1370 meditationis
736 1324 947 1384 suspicis.
1015 1326 1278 1393 Imparatus
1308 1339 1495 1390 semper
1515 1325 1700 1388 aggredi
1736 1325 1798 1370 ad
1824 1326 2063 1370 'dicendum

226 1404 477 1449 videbatur:
510 1403 591 1448 sed
617 1403 686 1447 ita
717 1410 814 1446 erat
839 1410 1059 1462 paratus,
1090 1411 1145 1448 ut
1175 1403 1367 1462 iudices‚
1399 1405 1482 1450 illo
1509 1403 1704 1467 dicente,
1734 1419 2064 1465 nonnumquam

226 1473 479 1528 viderentur
507 1498 594 1526 uon
624 1481 741 1525 satis
765 1481 923 1542 parati
954 1480 1016 1525 ad
1043 1481 1282 1527 cavendum
1303 1483 1475 1543 fuisse.
1508 1491 1591 1529 cet.
1621 1498 1658 1528 c.
1687 1483 1761 1527 38.
1794 1485 1896 1528 143.
1946 1483 2062 1526 Huic

226 1561 313 1606 alii
329 1577 486 1622 parem
515 1576 610 1605 esse
643 1559 869 1614 dicebant,
902 1557 988 1602 alii
1018 1560 1341 1620 anteponebant
1371 1565 1421 1607 L.
1450 1563 1671 1607 Crassum.
1734 1559 1864 1605 Illud
1885 1560 2062 1622 quidem

226 1647 343 1684 certe
366 1654 514 1683 omnes
534 1639 605 1683 ita
633 1637 916 1694 iudicabant,
948 1639 1164 1683 neminem
1187 1655 1306 1696 esse,
1338 1640 1421 1700 qui
1452 1640 1609 1685 horum
1637 1639 1855 1685 alterutro
1868 1647 2063 1700 patrono

226 1707 492 1777 cuiusquam
515 1715 743 1777 ingenium
770 1716 1027 1776 requireret.
1091 1716 1338 1778 Equidem,⁸
1364 1712 1649 1780 quamquam'
1664 1717 1855 1762 Antonio
1884 1724 2061 1761 tantum

226 1795 372 1839 tribuo
388 1827 402 1850 ,
437 1800 654 1854 quantum
684 1809 824 1854 supra
854 1793 979 1850 dixi,
1022 1802 1168 1840 tamen
1203 1797 1361 1839 Crasso
1392 1795 1514 1840 nihil
1539 1803 1691 1840 statuo
1714 1795 1830 1857 fieri
1855 1795 2062 1856 potuisse

220 1870 484 1935 perfectius.
548 1871 667 1914 Erat
689 1887 861 1915 summa
883 1873 1089 1932 gravitas
1099 1894 1117 1928 ,-
1149 1880 1246 1917 erat
1276 1889 1376 1916 cum
1403 1873 1627 1934 gravitate
1657 1874 1839 1917 iunctus
1861 1872 2061 1932 facetia-

226 1966 325 1994 rum
351 1956 396 1993 et
417 1948 690 1993 urbanitatis
722 1949 969 2005 oratorius,
1001 1965 1088 1994 non
1119 1950 1357 2007 scurrilis,
1384 1950 1506 2013 lepos
1514 1973 1533 2007 ,-
1563 1951 1723 1995 Latine
1756 1950 1960 2012 loquendi
1990 1967 2062 1994 ac-

225 2035 383 2072 curata
408 2035 453 2071 et
482 2027 578 2070 sine
609 2025 816 2070 molestia
846 2025 1041 2088 diligens
1071 2027 1295 2090 elegantia
1305 2048 1326 2082 ,·
1352 2029 1403 2073 in
1434 2028 1688 2074 disserendo
1717 2028 1834 2072 mira
1864 2028 2060 2089 explica-

225 2107 288 2151 tio
304 2128 324 2162 ,·
355 2122 494 2167 quum
522 2104 576 2149 de
605 2105 704 2149 iure
727 2104 881 2161 civili,
914 2116 1051 2166 'quum
1081 2105 1135 2151 de
1169 2122 1312 2166 aequo
1343 2114 1389 2152 et
1419 2106 1526 2152 bono
1557 2096 1895 2168 disputaretur,
1928 2122 2061 2167 argu·

222 2193 468 2230 mentorum
498 2191 543 2228 et
573 2183 922 2228 similitudinum
953 2185 1096 2246 copia.
1155 2200 1193 2230 c.
1213 2188 1286 2231 86.
1312 2187 1416 2242 296.
1452 2185 1587 2243 Venio
1604 2184 1667 2230 ad
1695 2199 1792 2241 eos,
1820 2178 1872 2228 in
1898 2184 2062 2251 quibus

224 2264 316 2307 iam
344 2261 598 2323 perfectam
630 2270 778 2323 putas
810 2279 904 2307 esse
935 2262 1256 2324 eloquentiam,
1299 2279 1411 2326 quos
1438 2257 1526 2326 ⁶ego
1565 2262 1722 2308 audivi
1751 2263 1849 2307 sine
1890 2270 2060 2306 contro-

222 2341 370 2386 versia
410 2354 592 2401 magnos
629 2348 827 2385 oratores
843 2374 858 2398 ‚
905 2342 1114 2386 Crassum
1151 2349 1196 2386 et
1232 2342 1487 2388 Antonium.
1563 2341 1754 2387 Velleius
1791 2354 1844 2386 11.
1877 2356 1913 2385 c.
1935 2336 1983 2386 ί9.
2017 2344 2059 2386 1.

223 2419 393 2464 Eodem
419 2426 568 2463 tractu
593 2425 838 2479 temporum
862 2419 1096 2464 nituerunt
1117 2427 1340 2478 oratores,
1372 2421 1526 2483 Scipio
1549 2420 1826 2467 Aemilianus
1856 2418 2059 2464 Laelius-

224 2513 310 2559 que
341 2523 402 2531 —
433 2504 478 2541 et
506 2504 610 2540 ante
640 2512 787 2540 omnes
817 2499 868 2541 L.
890 2498 1078 2541 Crassus
1104 2504 1149 2549 et
1178 2500 1238 2543 M.
1254 2499 1488 2544 Antonius.
1552 2498 1792 2545 Macrobius
1815 2501 1994 2560 Satarn.
2013 2511 2059 2542 v.

225 2591 261 2620 c.
279 2578 325 2619 1.
386 2575 504 2619 Sunt
532 2572 634 2618 stili
666 2573 842 2618 dicendi
872 2572 985 2629 duo,
1017 2565 1194 2634 dispari
1219 2574 1476 2620 moralitate
1502 2575 1694 2622 diversi.-
1727 2592 1844 2621 unus
1874 2564 1943 2620 est
1965 2577 2057 2619 m'a—

227 2661 360 2698 turus
380 2642 427 2696 ¹et
447 2652 601 2714 gravis
614 2684 627 2708 ,
650 2651 802 2712 qualis
823 2653 980 2695 Crasso
1007 2651 1269 2713 assignatur
1275 2674 1294 2708 ,·
1324 2653 1441 2698 alter
1463 2653 1566 2700 huic
1592 2654 1868 2710 contrarius,
1898 2652 2058 2698 ardens

226 2739 271 2776 et
307 2738 478 2775 erectus
516 2738 572 2775 et·
593 2729 804 2788 infensus
819 2763 834 2787 .‚
881 2728 1009 2790 quali
1049 2737 1119 2774 est
1147 2745 1261 2775 usus
1290 2730 1523 2777 Antonius.
1587 2732 1706 2779 Conf.
1739 2736 1893 2795 Meyer.
1936 2735 2058 2778 Orat.

227 2814 349 2856 Rom.
382 2813 554 2871 Fragm.
582 2821 727 2854 nvn.
759 2826 800 2870 p.
818 2811 922 2854 280.
955 2821 1121 2855 xum.
1152 2826 1196 2871 p.
1212 2812 1315 2854 291.

546 3090 801 3146 ANNUS
850 3090 1091 3146 VITAE
1142 3089 1566 3147 CICERONIS
1615 3043 1728 3147 XII.

224 3263 261 3289 a.
281 3248 329 3288 U.
347 3249 390 3288 C.
790 3249 902 3289 Coss.
937 3249 983 3289 L.
1016 3249 1233 3288 LICINIUS
1268 3248 1493 3290 CRASSUS.
1892 3262 1928 3287 a.
1948 3247 1995 3288 A.
2010 3249 2054 3288 C.

256 3338 370 3378 659.
938 3341 986 3392 Q.
1019 3340 1204 3380 MUCIUS
1238 3339 1510 3381 SCAEVOLA.
1846 3348 1850 3358 '
1934 3341 2008 3380 95.

301 3467 396 3522 His
442 3485 571 3522 coss
615 3468 672 3535 Q.
706 3468 1022 3525 Hortensius
1070 3469 1307 3540 primum
1356 3470 1410 3522 in
1460 3468 1572 3524 foro
1619 3467 1781 3534 dixit,
1834 3469 2050 3527 undevi-
