2210 3970
256 240 364 290 862
474 247 479 250 ’
730 249 1142 286 M.TULL1US
1198 248 1461 286 cronno
1501 249 1552 287 Μ.
1595 251 1642 287 F.

257 387 380 432 cuius
409 395 546 431 tamen
579 389 677 429 facti
701 398 795 430 mox
828 388 1040 442 poenituit
1062 388 1200 441 ipsum
1229 401 1271 441 p.
1307 385 1414 429 746.
1450 388 1605 427 mansit
1629 387 1873 440 Dyrrhachii
1905 388 2012 431 749.
2049 395 2092 431 et

255 459 439 512 pugnam
465 456 764 508 Pharsalicam,
796 455 840 494 in
880 468 965 508 qua
1004 467 1091 495 non
1125 453 1278 494 adfuit·
1304 458 1478 507 propter
1510 453 1820 507 valetudinem,
1854 454 1984 495 finem
2010 457 2091 496 sibi

252 525 354 564 fecit
386 523 488 563 belli
520 521 628 565 750.

321 580 395 647 (lx
429 594 473 629 et
506 582 572 638 X.)
623 589 757 642 Igitur
791 587 843 627 ab
876 587 1001 627 armis
1029 586 1250 626 discedens
1278 585 1546 625 Brundisium
1575 587 1694 626 venit
1713 617 1725 637 ,
1760 587 1916 627 exitum
1949 600 2090 628 rerum
2178 626 2186 645 ¹

251 659 499 710 exspectans
538 653 646 697 750.
689 653 798 711 [53.
865 653 1061 707 Acceptis
1098 652 1268 692 tandem
1302 665 1327 691 a
1359 653 1532 692 Caesare
1568 653 1723 692 litteris
1767 653 1867 692 satis
1910 654 2091 694 liberali·
2176 648 2180 690 'z

250 723 332 763 bus
375 735 423 762 ex
451 721 642 775 Aegypto
661 748 673 772 ,
716 720 826 760 redit
868 721 1039 760 Romam
1071 718 1096 761 7
1106 720 1180 759 53.
1227 718 1390 759 obviam
1424 719 1615 772 procedit
1653 720 1816 759 Caesari
1848 720 1893 759 in
1927 721 2088 761 Italiam

250 778 447 830 redeunti
476 787 584 830 757.
621 787 746 841 eique
784 787 983 827 Dictatori
1029 790 1169 826 creato
1198 785 1350 837 gratias
1379 786 1466 838 agit
1497 785 1542 825 in
1577 790 1728 825 senatu
1763 787 1877 839 quod
1909 788 1960 827 M.
1987 788 2089 827 Mar·

249 856 358 896 cello
393 855 574 894 reditum
608 855 653 893 in
686 854 862 907 patriam
893 853 1154 907 permisisset
1190 850 1299 893 762.
1335 851 1514 893 confert.
1534 863 1580 890 se
1613 852 1658 890 in
1693 852 1826 893 otium
1853 853 2086 894 litteratum

249 926 293 962 et
331 922 488 960 multos
534 919 680 960 scribit
713 919 842 959 libros
862 949 874 967 ,
909 920 954 958 in
983 919 1139 971 quibus
1174 921 1300 957 sunt:
1336 917 1491 957 Brutus
1526 930 1560 956 s.
1598 917 1650 957 de
1684 917 1807 957 claris
1846 919 2087 960 Oratoribus

253 986 361 1030 763.
430 987 635 1027 Paradoxa
666 985 774 1028 763.
820 986 928 1025 Laus
963 985 1130 1024 Catonis
1162 982 1270 1026 764.
1322 984 1470 1023 Orator
1505 981 1614 1025 765.
1660 984 1910 1025 Partitiones
1947 987 2088 1026 Orato-

247 1054 333 1094 riae
362 1052 470 1096 765.
517 1053 755 1093 Orationem
783 1051 912 1091 habet
939 1064 1016 1104 pro
1043 1052 1091 1104 Q.
1117 1050 1280 1103 Ligario
1307 1047 1415 1092 766.
1452 1050 1679 1090 divortium
1705 1051 1806 1090 facit
1834 1064 1931 1091 eum
1957 1065 2086 1093 uxore

249 1121 442 1161 Terentia
479 1118 589 1162 767.
638 1118 859 1159 Publiliam
891 1118 1097 1170 virginem
1129 1117 1249 1156 ducit
1281 1128 1451 1156 uxorem
1483 1113 1591 1158 768.
1626 1130 1752 1170 quam
1787 1131 1882 1157 mox
1914 1131 2086 1171 quoque

249 1187 443 1241 repudiat
479 1185 588 1228 769.
638 1186 769 1225 Morte
802 1185 958 1225 amittit
991 1184 1122 1225 filiam
1164 1183 1342 1223 Tulliam
1371 1181 1480 1225 769.
1525 1183 1571 1223 in
1605 1185 1728 1223 cuius
1769 1183 1974 1224 honorem
2019 1198 2088 1225 co-

249 1255 357 1307 gitat
398 1253 581 1293 condere
623 1254 768 1292 fanum
805 1250 915 1294 769.
962 1251 1014 1291 ah
1059 1250 1204 1290 amicis
1237 1249 1392 1303 accipit
1433 1249 1597 1290 litteras
1636 1250 1935 1291 consolatorias
1975 1250 2083 1294 770.

243 1325 297 1360 ut
333 1332 378 1360 se
411 1321 503 1373 ipse
532 1319 801 1371 consoletur,
836 1318 983 1358 scribit
1010 1317 1348 1358 Consolationem
1377 1329 1411 1356 s.
1442 1315 1596 1356 librum
1624 1316 1676 1356 de
1706 1317 1826 1357 luctu
1854 1318 2086 1358 minuendo

252 1385 360 1429 770.
412 1386 548 1426 filium
590 1399 714 1426 suum
748 1385 984 1427 studiorum
1029 1397 1178 1424 caussa
1220 1383 1354 1423 mittit
1390 1382 1578 1423 Athenas
1616 1381 1725 1426 771.
1772 1374 2085 1425 scribit'libro's

247 1454 485 1507 complures
529 1451 636 1495 771.
689 1453 735 1492 in
780 1452 936 1505 quibus
983 1455 1113 1492 sunt:
1160 1449 1410 1490 Hortensius
1442 1447 1550 1492 772.
1596 1449 1936 1490 Academicorum
1989 1451 2118 1491 libri-
2186 1471 2189 1476 *

251 1519 359 1562 772.
395 1519 492 1559 libri
526 1519 579 1559 de
611 1519 785 1558 Finibus
830 1519 1042 1558 Bonorum
1075 1521 1120 1557 et
1151 1517 1352 1557 Malorum
1389 1513 1497 1558 773.
1549 1516 1733 1556 laudatio
1768 1517 1936 1557 Porciae
1974 1515 2084 1560 774.

246 1586 436 1627 defendit
478 1587 719 1626 Deiotarum
756 1583 865 1627 775.
900 1585 1047 1624 scribit
1079 1583 1336 1623 Tusculanas
1367 1582 1683 1636 Disputationes
1721 1581 1830 1626 776.
1864 1584 2086 1625 Trucidato

246 1654 418 1693 Caesare
438 1682 450 1704 ,
485 1652 536 1692 ab
564 1652 750 1692 Antonio
782 1652 963 1691 habetur
991 1651 1203 1704 particeps
1238 1641 1376 1690 caedis
1408 1647 1517 1692 778.
1568 1649 1614 1689 in
1648 1650 1750 1690 aede
1785 1650 1962 1691 Telluris
1990 1651 2086 1692 Ora-

222 1711 363 1760 'tione
395 1719 539 1761 habita
567 1719 667 1760 iacit
693 1718 965 1758 fundamenta
995 1717 1114 1771 pacis
1143 1715 1252 1759 779.
1288 1729 1365 1770 per
1392 1716 1584 1769 quinque
1612 1716 1701 1756 fere
1729 1729 1897 1756 menses
1931 1717 2086 1758 lustrat

245 1787 366 1826 villas
401 1799 497 1826 suas
531 1784 639 1828 783.
674 1785 719 1824 in
754 1799 839 1838 qua
871 1783 1146 1824 rusticatione
1181 1783 1329 1823 scribit
1355 1782 1485 1822 libros
1518 1774 1572 1822 de
1606 1780 1758 1823 Natura
1785 1783 1965 1823 Deorum
1985 1813 1998 1834 ,
2031 1783 2084 1823 de

247 1853 511 1893 Divinatione
532 1882 543 1904 ‚
586 1853 638 1892 de
678 1852 776 1892 Fato
814 1850 838 1894 7
848 1851 922 1892 84.
969 1851 1022 1890 de
1063 1851 1289 1890 Senectute
1308 1878 1320 1899 ‚
1366 1849 1419 1888 de
1455 1848 1649 1890 Amicitia
1686 1847 1794 1890 784.
1846 1849 1898 1889 de
1944 1850 2084 1891 Gloria

248 1918 358 1963 785.
394 1920 446 1959 de
475 1919 628 1959 Officiis
661 1916 769 1960 785.
804 1918 1024 1970 desperata
1056 1916 1251 1956 libertate
1285 1915 1509 1955 consilium
1537 1916 1650 1969 capit
1677 1915 1722 1954 in
1751 1916 1965 1967 Graeciam
1991 1929 2086 1970 pro-

245 1986 466 2026 ficiscendi
493 1983 601 2027 787.
637 1985 790 2024 scribit<
801 1985 845 2024 in
876 1983 1030 2023 itinere
1065 1983 1216 2036 Topica
1237 1980 1345 2024 788.
1381 1981 1565 2021 reiectus
1593 1981 1731 2022 ventis
1750 1986 1794 2021 et
1810 1982 2084 2035 profectionis

246 2053 424 2093 consilio
449 2052 613 2091 abiecto
641 2051 750 2091 redit
782 2050 828 2089 in
845 2049 998 2090 Urbem
1021 2047 1129 2091 789.
1165 2051 1336 2088 vexatus
1365 2046 1619 2088 abAntonio
1637 2077 1650 2098 ‚
1684 2048 1900 2088 Orationes
1928 2049 2082 2101 habet,

243 2132 350 2173 quas
384 2119 550 2159 vocavit
575 2118 828 2172 Philippicas
861 2115 969 2159 790.
1005 2115 1258 2168 legationem
1296 2114 1348 2154 ad
1381 2114 1613 2154 Antonium
1645 2114 1892 2155 mittendam
1926 2115 2087 2156 dissua-

243 2187 316 2225 det
360 2191 404 2226 et
437 2185 571 2225 hostis
616 2189 667 2224 ut
704 2184 913 2224 Antonius
953 2182 1164 2222 iudicetur
1198 2181 1407 2222 incumbit
1437 2182 1546 2221 800.
1589 2194 1734 2234 pacem
1769 2194 1865 2221 cum
1898 2181 2083 2222 Antonio

240 2252 472 2292 faciendam
509 2251 725 2291 dissuadet
761 2251 871 2292 802.
916 2240 1134 2290 lenitatem
1163 2251 1336 2288 senatus
1371 2247 1644 2302 reprehendit
1683 2252 1728 2288 et
1760 2261 1855 2299 eos,
1889 2249 1964 2302 qui
1998 2249 2082 2289 An—

242 2320 359 2359 tonio
392 2320 590 2370 faveant,
626 2318 820 2370 obiurgat
856 2317 965 2357 802.
1018 2317 1103 2356 Ser.
1140 2315 1371 2369 Sulpicium
1390 2343 1402 2366 ,
1436 2315 1512 2367 qui
1555 2314 1599 2353 in
1639 2315 1850 2367 legatione
1895 2315 2079 2368 obierat,

242 2386 438 2439 sepulcro
471 2385 643 2439 publico
678 2389 722 2425 et
758 2388 897 2424 statua
931 2383 1166 2423 ornandum
1201 2385 1350 2422 censet
1385 2381 1496 2422 804.
1541 2381 1698 2421 refutat
1734 2382 1782 2435 Q.
1819 2381 1983 2421 Fufium
2009 2383 2082 2423 Ca·

243 2453 388 2492 lenum
408 2483 419 2504 ,
454 2452 569 2505 quod
602 2452 789 2505 iniquior
817 2451 873 2491 sit
899 2451 946 2490 in
971 2450 1148 2490 Brutum
1185 2449 1294 2490 805.
1329 2449 1372 2489 C.
1397 2447 1584 2488 Cassium
1613 2447 1883 2501 deligendum
1911 2449 2082 2489 demon·
2174 2479 2175 2482 η

241 2523 368 2569 strat,
409 2520 484 2571 qui
519 2519 775 2558 Dolabellam
807 2518 921 2557 bello
955 2519 1236 2569 persequatur
1273 2516 1381 2555 808.
1428 2515 1681 2567 legationem
1727 2515 1806 2554 sibi
1844 2515 2080 2556 mandatam
2164 2537 2167 2540 ·

238 2585 290 2625 ad
327 2573 560 2624 Antonium
600 2584 651 2623 de
698 2596 801 2637 pace
843 2583 1094 2635 deprecatur
1125 2581 1234 2620 809.
1284 2581 1524 2632 iterumque
1557 2580 1772 2619 dissuadet
1805 2593 1950 2633 pacem
1983 2596 2080 2622 cum
2167 2591 2174 2599 ²

239 2652 425 2692 Antonio
458 2649 691 2690 faciendam
727 2649 837 2690 810.
887 2648 1064 2688 fascium
1096 2646 1338 2700 suspicione
1370 2646 1575 2686 liberatur
1606 2659 1630 2686 a
1666 2646 1949 2700 P.·Appuleio
1978 2648 2076 2688 trib.

239 2719 298 2773 pl.
333 2717 440 2758 812.
485 2717 539 2757 ob
574 2715 806 2756 Antonium
850 2715 1017 2755 hostem
1059 2716 1304 2767 superatum
1324 2742 1336 2764 ‚
1387 2712 1736 2766 supplicationem
1771 2713 2078 2755 decernendam

239 2788 387 2825 censet
431 2785 560 2824 trium
593 2783 749 2823 ducum
787 2781 959 2821 nomine
978 2811 990 2833 ,
1032 2780 1181 2830 Hirtii,
1212 2780 1372 2819 Pansae
1402 2783 1446 2819 et
1478 2778 1662 2819 Caesaris
1713 2780 1925 2820 Octaviani
1966 2782 2076 2823 813.

238 2865 341 2905 pace
374 2852 483 2891 sacta
514 2839 627 2890 inter
653 2849 946 2900 Octavianum,
980 2846 1213 2887 Antonium
1246 2850 1292 2886 et
1319 2845 1556 2899 Lepidum.
1587 2845 1640 2886 ab
1674 2846 1740 2886 his
1766 2835 1996 2887 triumviris
2030 2849 2076 2888 in

237 2919 568 2972 proscriptorum
596 2928 766 2969 gregem
800 2915 1018 2955 coniectus
1051 2913 1160 2954 819.
1195 2925 1308 2953 anno
1346 2913 1495 2952 aetatis
1523 2923 1617 2953 wa
1649 2912 1906 2954 interficitur
1933 2927 1957 2953 a
1984 2927 2077 2968 per·

208 2985 481 3025 -cussoribus
522 2985 567 3023 in
615 2996 659 3022 se
703 2981 925 3033 immissis,
959 2980 1171 3020 Herennio
1205 2982 1250 3019 et
1282 2979 1443 3032 Popilio
1487 2979 1667 3019 Laenate
1705 2980 1813 3020 820.

303 3052 474 3091 Tullia
508 3040 613 3107 (filia
640 3042 869 3099 Ciceronis)
885 3047 1173 3101 despondetur
1188 3046 1330 3086 Pisoni
1351 3045 1458 3086 606.
1493 3047 1538 3085 in
1555 3046 1669 3086 bello
1687 3047 1801 3086 civili
1817 3047 2076 3101 relinquitur

234 3119 386 3158 Romae
407 3116 515 3159 737.
551 3117 743 3156 obsecrat
760 3120 921 3169 patrem
937 3119 987 3154 ut
1003 3114 1056 3154 ab
1073 3113 1187 3153 omni
1205 3113 1479 3152 contentione
1508 3112 1618 3153 absit
1633 3111 1740 3155 745.
1767 3117 1864 3166 post
1879 3114 2071 3155 morbum

234 3185 526 3237 gravissimum
553 3184 672 3223 venit
702 3182 971 3223 Brundisium
1005 3181 1058 3221 ad
1088 3172 1252 3234 patrem
1287 3177 1395 3221 753.
1430 3178 1599 3219 dimissa
1627 3193 1651 3219 a
1679 3179 1890 3220 Dolabella
1909 3210 1920 3231 ,
1953 3180 2072 3222 brevi

236 3256 332 3305 post
369 3257 535 3304 partum
574 3250 664 3289 obit
698 3247 806 3291 768.
840 3249 886 3288 in
921 3250 1012 3288 eius
1046 3247 1250 3287 honorem
1284 3251 1404 3299 pater
1443 3246 1586 3285 fanum
1620 3246 1801 3286 condere
1834 3247 1927 3286 vult
1959 3245 2068 3289 769.

301 3318 352 3357 M.
390 3318 597 3357 Tullius
638 3316 819 3356 Cicero
853 3316 904 3356 M.
926 3315 996 3366 R,
1031 3327 1117 3367 quo
1149 3326 1261 3354 anno
1288 3317 1412 3352 natus
1430 3313 1486 3352 sit
1521 3312 1630 3352 606.
1667 3326 1763 3352 cum
1791 3315 1912 3366 patre
1937 3315 2068 3354 estin

233 3384 447 3438 provincia
477 3383 586 3425 724.
632 3388 771 3435 togam
810 3396 956 3436 puram
992 3381 1146 3434 accipit
1189 3394 1212 3419 a
1253 3384 1374 3433 patre
1412 3377 1520 3421 744.
1567 3379 1734 3419 dicendi
1778 3380 2008 3420 doctrinam
2046 3394 2071 3421 a

234 3455 351 3503 patre
385 3451 559 3490 docetur
579 3480 589 3500 ‚
624 3450 731 3489 libro
766 3450 817 3488 de
845 3449 1072 3488 Partitione
1110 3447 1294 3487 Oratoria
1325 3447 1481 3500 scripto
1513 3444 1620 3488 765.
1658 3443 1890 3486 studiorum
1920 3460 2067 3487 caussa

233 3532 255 3556 a
291 3521 409 3570 patre
450 3517 634 3556 Athenas
669 3516 852 3556 mittitur
888 3513 994 3557 771.
1042 3514 1158 3554 audit
1204 3514 1444 3567 Cratippum
1477 3511 1584 3555 786.
1633 3514 1788 3553 Graece
1829 3513 2067 3554 declamitat
