<?xml version="1.0" encoding="UTF-8"?>
<!DOCTYPE html PUBLIC "-//W3C//DTD XHTML 1.0 Transitional//EN"
    "http://www.w3.org/TR/xhtml1/DTD/xhtml1-transitional.dtd">
<html xmlns="http://www.w3.org/1999/xhtml" xml:lang="en" lang="en">
 <head>
  <title>
</title>
<meta http-equiv="Content-Type" content="text/html;charset=utf-8" />
  <meta name='ocr-system' content='tesseract 3.04.00' />
  <meta name='ocr-capabilities' content='ocr_page ocr_carea ocr_par ocr_line ocrx_word'/>
</head>
<body>
  <div class='ocr_page' id='page_1' title='image "./mtulliiciceronis00suriuoft/mtulliiciceronis00suriuoft_0193.png"; bbox 0 0 2150 3990; ppageno 0'>
   <div class='ocr_carea' id='block_1_1' title="bbox 444 195 1957 270">
    <p class='ocr_par' dir='ltr' id='par_1_1' title="bbox 444 195 1957 270">
     <span class='ocr_line' id='line_1_1' title="bbox 444 195 1957 270; baseline -0.002 -17"><span class='ocrx_word' id='word_1_1' title='bbox 444 199 497 253; x_wconf 85' lang='lat'><strong>1..</strong></span> <span class='ocrx_word' id='word_1_2' title='bbox 524 199 608 254; x_wconf 90' lang='lat' dir='ltr'><strong>lv.</strong></span> <span class='ocrx_word' id='word_1_3' title='bbox 652 196 855 259; x_wconf 76' lang='lat' dir='ltr'><strong>c.‚.xvl.</strong></span> <span class='ocrx_word' id='word_1_4' title='bbox 900 196 1029 270; x_wconf 70' lang='lat'><strong>§41</strong></span> <span class='ocrx_word' id='word_1_5' title='bbox 1077 225 1150 237; x_wconf 89' lang='lat'><strong>--</strong></span> <span class='ocrx_word' id='word_1_6' title='bbox 1192 214 1236 250; x_wconf 91' lang='lat' dir='ltr'><strong>c.</strong></span> <span class='ocrx_word' id='word_1_7' title='bbox 1263 195 1421 252; x_wconf 90' lang='lat' dir='ltr'><strong>XVll.</strong></span> <span class='ocrx_word' id='word_1_8' title='bbox 1467 197 1616 270; x_wconf 58' lang='lat'><strong>§44</strong></span> <span class='ocrx_word' id='word_1_9' title='bbox 1858 201 1957 250; x_wconf 76' lang='lat'><strong>175</strong></span> 
     </span>
    </p>
   </div>
   <div class='ocr_carea' id='block_1_2' title="bbox 139 346 1983 2944">
    <p class='ocr_par' dir='ltr' id='par_1_2' title="bbox 139 346 1983 2944">
     <span class='ocr_line' id='line_1_2' title="bbox 142 346 1963 423; baseline -0.004 -17"><span class='ocrx_word' id='word_1_10' title='bbox 142 357 440 423; x_wconf 76' lang='lat' dir='ltr'><strong>praetorem</strong></span> <span class='ocrx_word' id='word_1_11' title='bbox 457 391 477 415; x_wconf 80' lang='lat'><strong><em>„</em></strong></span> <span class='ocrx_word' id='word_1_12' title='bbox 514 355 677 422; x_wconf 83' lang='lat' dir='ltr'><strong>atque</strong></span> <span class='ocrx_word' id='word_1_13' title='bbox 708 349 1139 405; x_wconf 82' lang='lat' dir='ltr'><strong>amantissimum</strong></span> <span class='ocrx_word' id='word_1_14' title='bbox 1184 346 1513 419; x_wconf 84' lang='lat' dir='ltr'><strong>reipublicae</strong></span> <span class='ocrx_word' id='word_1_15' title='bbox 1556 347 1728 402; x_wconf 89' lang='lat' dir='ltr'><strong>civem</strong></span> <span class='ocrx_word' id='word_1_16' title='bbox 1764 346 1963 402; x_wconf 71' lang='lat' dir='ltr'><strong>iudica-</strong></span> 
     </span>
     <span class='ocr_line' id='line_1_3' title="bbox 143 447 1970 523; baseline -0.003 -16"><span class='ocrx_word' id='word_1_17' title='bbox 143 453 238 507; x_wconf 82' lang='lat' dir='ltr'><strong>vit.</strong></span> <span class='ocrx_word' id='word_1_18' title='bbox 317 455 407 509; x_wconf 73' lang='lat'><strong>45.</strong></span> <span class='ocrx_word' id='word_1_19' title='bbox 449 451 625 518; x_wconf 81' lang='lat' dir='ltr'><strong>Quare</strong></span> <span class='ocrx_word' id='word_1_20' title='bbox 645 456 684 517; x_wconf 60' lang='grc' dir='ltr'><strong>ὃ,</strong></span> <span class='ocrx_word' id='word_1_21' title='bbox 743 465 910 523; x_wconf 83' lang='lat' dir='ltr'><strong>quum</strong></span> <span class='ocrx_word' id='word_1_22' title='bbox 948 450 1006 504; x_wconf 86' lang='lat' dir='ltr'><strong>iu</strong></span> <span class='ocrx_word' id='word_1_23' title='bbox 1046 449 1298 505; x_wconf 85' lang='lat' dir='ltr'><strong>maximis</strong></span> <span class='ocrx_word' id='word_1_24' title='bbox 1338 447 1591 521; x_wconf 85' lang='lat' dir='ltr'><strong>periculis</strong></span> <span class='ocrx_word' id='word_1_25' title='bbox 1623 447 1787 502; x_wconf 88' lang='lat' dir='ltr'><strong>huius</strong></span> <span class='ocrx_word' id='word_1_26' title='bbox 1820 449 1970 502; x_wconf 83' lang='lat' dir='ltr'><strong>urbis</strong></span> 
     </span>
     <span class='ocr_line' id='line_1_4' title="bbox 141 547 1970 623; baseline -0.001 -18"><span class='ocrx_word' id='word_1_27' title='bbox 141 558 304 623; x_wconf 86' lang='lat' dir='ltr'><strong>atque</strong></span> <span class='ocrx_word' id='word_1_28' title='bbox 361 551 606 622; x_wconf 86' lang='lat' dir='ltr'><strong>imperii,</strong></span> <span class='ocrx_word' id='word_1_29' title='bbox 663 550 981 622; x_wconf 75' lang='lat' dir='ltr'><strong>gravissimo</strong></span> <span class='ocrx_word' id='word_1_30' title='bbox 1038 556 1199 621; x_wconf 84' lang='lat' dir='ltr'><strong>atque</strong></span> <span class='ocrx_word' id='word_1_31' title='bbox 1249 549 1596 604; x_wconf 80' lang='lat' dir='ltr'><strong>acerbissimo</strong></span> <span class='ocrx_word' id='word_1_32' title='bbox 1640 547 1970 620; x_wconf 81' lang='lat' dir='ltr'><strong>reipublicae</strong></span> 
     </span>
     <span class='ocr_line' id='line_1_5' title="bbox 141 649 1969 724; baseline -0.002 -17"><span class='ocrx_word' id='word_1_33' title='bbox 141 668 305 716; x_wconf 88' lang='lat' dir='ltr'><strong>casu,</strong></span> <span class='ocrx_word' id='word_1_34' title='bbox 382 653 526 706; x_wconf 87' lang='lat' dir='ltr'><strong>socio</strong></span> <span class='ocrx_word' id='word_1_35' title='bbox 576 659 737 724; x_wconf 89' lang='lat' dir='ltr'><strong>atquc</strong></span> <span class='ocrx_word' id='word_1_36' title='bbox 787 651 1030 707; x_wconf 86' lang='lat' dir='ltr'><strong>adiutore</strong></span> <span class='ocrx_word' id='word_1_37' title='bbox 1093 650 1439 705; x_wconf 89' lang='lat' dir='ltr'><strong>consiliorum</strong></span> <span class='ocrx_word' id='word_1_38' title='bbox 1500 649 1969 722; x_wconf 73' lang='lat' dir='ltr'><strong>periculorumque</strong></span> 
     </span>
     <span class='ocr_line' id='line_1_6' title="bbox 141 751 1968 818; baseline -0.001 -12"><span class='ocrx_word' id='word_1_39' title='bbox 141 767 383 807; x_wconf 87' lang='lat' dir='ltr'><strong>meorum</strong></span> <span class='ocrx_word' id='word_1_40' title='bbox 419 752 475 807; x_wconf 91' lang='lat' dir='ltr'><strong>L.</strong></span> <span class='ocrx_word' id='word_1_41' title='bbox 510 753 736 818; x_wconf 86' lang='lat' dir='ltr'><strong>Flacco,</strong></span> <span class='ocrx_word' id='word_1_42' title='bbox 795 752 1012 808; x_wconf 90' lang='lat' dir='ltr'><strong>caedem</strong></span> <span class='ocrx_word' id='word_1_43' title='bbox 1044 768 1075 807; x_wconf 88' lang='lat' dir='ltr'><strong>a</strong></span> <span class='ocrx_word' id='word_1_44' title='bbox 1114 751 1359 816; x_wconf 78' lang='lat' dir='ltr'><strong>civibuS,</strong></span> <span class='ocrx_word' id='word_1_45' title='bbox 1412 751 1719 806; x_wconf 86' lang='lat' dir='ltr'><strong>vastitatem</strong></span> <span class='ocrx_word' id='word_1_46' title='bbox 1766 765 1798 804; x_wconf 90' lang='lat' dir='ltr'><strong>a</strong></span> <span class='ocrx_word' id='word_1_47' title='bbox 1838 755 1968 804; x_wconf 89' lang='lat' dir='ltr'><strong>tem·</strong></span> 
     </span>
     <span class='ocr_line' id='line_1_7' title="bbox 142 848 1970 924; baseline -0.002 -17"><span class='ocrx_word' id='word_1_48' title='bbox 142 851 244 924; x_wconf 87' lang='lat' dir='ltr'><strong>plis</strong></span> <span class='ocrx_word' id='word_1_49' title='bbox 263 894 280 918; x_wconf 88' lang='lat'><em>‚</em></span> <span class='ocrx_word' id='word_1_50' title='bbox 316 851 558 908; x_wconf 81' lang='lat' dir='ltr'><strong>delubris</strong></span> <span class='ocrx_word' id='word_1_51' title='bbox 578 895 594 919; x_wconf 90' lang='lat'><strong><em>,</em></strong></span> <span class='ocrx_word' id='word_1_52' title='bbox 635 853 802 919; x_wconf 85' lang='lat' dir='ltr'><strong>Urbe,</strong></span> <span class='ocrx_word' id='word_1_53' title='bbox 842 853 995 910; x_wconf 85' lang='lat' dir='ltr'><strong>Italia</strong></span> <span class='ocrx_word' id='word_1_54' title='bbox 1031 851 1359 924; x_wconf 77' lang='lat' dir='ltr'><strong>depulissem</strong></span> <span class='ocrx_word' id='word_1_55' title='bbox 1383 892 1398 915; x_wconf 86' lang='lat'>,</span> <span class='ocrx_word' id='word_1_56' title='bbox 1436 861 1778 923; x_wconf 77' lang='lat' dir='ltr'>speraveram</span> <span class='ocrx_word' id='word_1_57' title='bbox 1809 848 1970 904; x_wconf 86' lang='lat' dir='ltr'><strong>hono-</strong></span> 
     </span>
     <span class='ocr_line' id='line_1_8' title="bbox 140 949 1970 1024; baseline -0.001 -17"><span class='ocrx_word' id='word_1_58' title='bbox 140 952 218 1008; x_wconf 82' lang='lat' dir='ltr'><strong>ris</strong></span> <span class='ocrx_word' id='word_1_59' title='bbox 243 953 430 1024; x_wconf 82' lang='lat' dir='ltr'><strong>potius</strong></span> <span class='ocrx_word' id='word_1_60' title='bbox 463 952 525 1010; x_wconf 88' lang='lat' dir='ltr'><strong>L.</strong></span> <span class='ocrx_word' id='word_1_61' title='bbox 569 953 748 1011; x_wconf 80' lang='lat' dir='ltr'>Flacci</span> <span class='ocrx_word' id='word_1_62' title='bbox 781 970 869 1011; x_wconf 85' lang='lat' dir='ltr'><strong>me</strong></span> <span class='ocrx_word' id='word_1_63' title='bbox 899 953 1201 1012; x_wconf 74' lang='lat' dir='ltr'><strong>adiutorem</strong></span> <span class='ocrx_word' id='word_1_64' title='bbox 1242 950 1490 1009; x_wconf 81' lang='lat' dir='ltr'><strong>futurum</strong></span> <span class='ocrx_word' id='word_1_65' title='bbox 1511 992 1527 1016; x_wconf 91' lang='lat'>‚</span> <span class='ocrx_word' id='word_1_66' title='bbox 1565 966 1730 1022; x_wconf 87' lang='lat' dir='ltr'><strong>quam</strong></span> <span class='ocrx_word' id='word_1_67' title='bbox 1762 949 1970 1006; x_wconf 83' lang='lat' dir='ltr'><strong>miseri·</strong></span> 
     </span>
     <span class='ocr_line' id='line_1_9' title="bbox 145 1049 1974 1128; baseline -0.002 -19"><span class='ocrx_word' id='word_1_68' title='bbox 145 1069 308 1111; x_wconf 87' lang='lat' dir='ltr'><strong>arum</strong></span> <span class='ocrx_word' id='word_1_69' title='bbox 335 1053 760 1128; x_wconf 74' lang='lat' dir='ltr'><strong>deprecatorem.</strong></span> <span class='ocrx_word' id='word_1_70' title='bbox 841 1055 969 1120; x_wconf 71' lang='lat'>13:22,</span> <span class='ocrx_word' id='word_1_71' title='bbox 1011 1054 1060 1111; x_wconf 86' lang='lat' dir='ltr'><strong>si</strong></span> <span class='ocrx_word' id='word_1_72' title='bbox 1091 1059 1233 1110; x_wconf 85' lang='lat' dir='ltr'><strong>esset</strong></span> <span class='ocrx_word' id='word_1_73' title='bbox 1260 1050 1552 1124; x_wconf 81' lang='lat' dir='ltr'><strong>aliquando</strong></span> <span class='ocrx_word' id='word_1_74' title='bbox 1587 1049 1835 1107; x_wconf 76' lang='lat' dir='ltr'><strong>futuram</strong></span> <span class='ocrx_word' id='word_1_75' title='bbox 1856 1091 1872 1115; x_wconf 87' lang='lat'><strong>,</strong></span> <span class='ocrx_word' id='word_1_76' title='bbox 1911 1057 1974 1106; x_wconf 88' lang='lat' dir='ltr'><strong>ut</strong></span> 
     </span>
     <span class='ocr_line' id='line_1_10' title="bbox 141 1151 1973 1228; baseline -0.001 -20"><span class='ocrx_word' id='word_1_77' title='bbox 141 1151 337 1226; x_wconf 80' lang='lat' dir='ltr'><strong>aliquis</strong></span> <span class='ocrx_word' id='word_1_78' title='bbox 367 1154 451 1213; x_wconf 86' lang='lat' dir='ltr'><strong>de</strong></span> <span class='ocrx_word' id='word_1_79' title='bbox 493 1155 551 1212; x_wconf 88' lang='lat' dir='ltr'><strong>L.</strong></span> <span class='ocrx_word' id='word_1_80' title='bbox 594 1156 772 1213; x_wconf 86' lang='lat' dir='ltr'><strong>Flacci</strong></span> <span class='ocrx_word' id='word_1_81' title='bbox 820 1155 1060 1228; x_wconf 81' lang='lat' dir='ltr'><strong>pernicie</strong></span> <span class='ocrx_word' id='word_1_82' title='bbox 1111 1154 1403 1224; x_wconf 82' lang='lat' dir='ltr'><strong>cogitaret,</strong></span> <span class='ocrx_word' id='word_1_83' title='bbox 1454 1167 1753 1223; x_wconf 81' lang='lat' dir='ltr'><strong>numquam</strong></span> <span class='ocrx_word' id='word_1_84' title='bbox 1792 1157 1973 1206; x_wconf 88' lang='lat' dir='ltr'><strong>tamen</strong></span> 
     </span>
     <span class='ocr_line' id='line_1_11' title="bbox 141 1250 1973 1324; baseline -0.002 -16"><span class='ocrx_word' id='word_1_85' title='bbox 141 1253 575 1314; x_wconf 68' lang='lat' dir='ltr'><strong>existimaveram</strong></span> <span class='ocrx_word' id='word_1_86' title='bbox 597 1295 612 1319; x_wconf 92' lang='lat'><strong>,</strong></span> <span class='ocrx_word' id='word_1_87' title='bbox 649 1255 712 1310; x_wconf 87' lang='lat' dir='ltr'><strong>D.</strong></span> <span class='ocrx_word' id='word_1_88' title='bbox 740 1254 1013 1317; x_wconf 82' lang='lat' dir='ltr'><strong>Laelium,</strong></span> <span class='ocrx_word' id='word_1_89' title='bbox 1051 1253 1243 1324; x_wconf 87' lang='lat' dir='ltr'><strong>optimi</strong></span> <span class='ocrx_word' id='word_1_90' title='bbox 1275 1252 1380 1306; x_wconf 81' lang='lat' dir='ltr'><strong>viri</strong></span> <span class='ocrx_word' id='word_1_91' title='bbox 1413 1250 1617 1314; x_wconf 84' lang='lat' dir='ltr'><strong>filium,</strong></span> <span class='ocrx_word' id='word_1_92' title='bbox 1654 1252 1859 1321; x_wconf 87' lang='lat' dir='ltr'><strong>optima</strong></span> <span class='ocrx_word' id='word_1_93' title='bbox 1898 1251 1973 1322; x_wconf 86' lang='lat' dir='ltr'><strong>ip-</strong></span> 
     </span>
     <span class='ocr_line' id='line_1_12' title="bbox 140 1350 1975 1425; baseline -0.004 -12"><span class='ocrx_word' id='word_1_94' title='bbox 140 1367 391 1424; x_wconf 54' lang='grc' dir='ltr'><strong>ωηερε</strong></span> <span class='ocrx_word' id='word_1_95' title='bbox 428 1352 758 1425; x_wconf 63' lang='lat' dir='ltr'><strong>praeditum,</strong></span> <span class='ocrx_word' id='word_1_96' title='bbox 784 1367 1033 1408; x_wconf 88' lang='lat' dir='ltr'><strong>summae</strong></span> <span class='ocrx_word' id='word_1_97' title='bbox 1071 1350 1382 1421; x_wconf 73' lang='lat' dir='ltr'><strong>dignitati8‚</strong></span> <span class='ocrx_word' id='word_1_98' title='bbox 1433 1365 1554 1405; x_wconf 86' lang='lat' dir='ltr'><strong>eam</strong></span> <span class='ocrx_word' id='word_1_99' title='bbox 1592 1356 1975 1422; x_wconf 86' lang='lat' dir='ltr'><strong>suscepturum</strong></span> 
     </span>
     <span class='ocr_line' id='line_1_13' title="bbox 139 1449 1976 1526; baseline -0.002 -16"><span class='ocrx_word' id='word_1_100' title='bbox 139 1452 570 1519; x_wconf 73' lang='lat' dir='ltr'><strong>accusationem,</strong></span> <span class='ocrx_word' id='word_1_101' title='bbox 609 1468 747 1526; x_wconf 81' lang='lat' dir='ltr'><strong>quae</strong></span> <span class='ocrx_word' id='word_1_102' title='bbox 784 1452 1171 1510; x_wconf 85' lang='lat' dir='ltr'><strong>sceleratorum</strong></span> <span class='ocrx_word' id='word_1_103' title='bbox 1205 1451 1411 1506; x_wconf 87' lang='lat' dir='ltr'><strong>civium</strong></span> <span class='ocrx_word' id='word_1_104' title='bbox 1443 1450 1623 1523; x_wconf 87' lang='lat' dir='ltr'><strong>potius</strong></span> <span class='ocrx_word' id='word_1_105' title='bbox 1650 1449 1773 1505; x_wconf 86' lang='lat' dir='ltr'><strong>odio</strong></span> <span class='ocrx_word' id='word_1_106' title='bbox 1804 1458 1860 1507; x_wconf 87' lang='lat' dir='ltr'><strong>et.</strong></span> <span class='ocrx_word' id='word_1_107' title='bbox 1895 1450 1976 1506; x_wconf 77' lang='lat' dir='ltr'><strong>su·</strong></span> 
     </span>
     <span class='ocr_line' id='line_1_14' title="bbox 141 1535 1977 1629; baseline -0.003 -16"><span class='ocrx_word' id='word_1_108' title='bbox 141 1553 483 1629; x_wconf 54' lang='lat' dir='ltr'><strong>tamquam</strong></span> <span class='ocrx_word' id='word_1_109' title='bbox 513 1554 689 1627; x_wconf 85' lang='lat' dir='ltr'><strong>ipsius</strong></span> <span class='ocrx_word' id='word_1_110' title='bbox 720 1555 914 1612; x_wconf 75' lang='lat' dir='ltr'><strong>virtuti</strong></span> <span class='ocrx_word' id='word_1_111' title='bbox 946 1560 1109 1626; x_wconf 72' lang='lat' dir='ltr'><strong>atque</strong></span> <span class='ocrx_word' id='word_1_112' title='bbox 1133 1535 1828 1609; x_wconf 54' lang='lat' dir='ltr'><strong>institutae&#39;adolescentiae</strong></span> <span class='ocrx_word' id='word_1_113' title='bbox 1854 1569 1977 1608; x_wconf 86' lang='lat' dir='ltr'><strong>eon·</strong></span> 
     </span>
     <span class='ocr_line' id='line_1_15' title="bbox 142 1652 1980 1712; baseline -0.001 -2"><span class='ocrx_word' id='word_1_114' title='bbox 142 1652 366 1711; x_wconf 77' lang='lat' dir='ltr'><strong>veniret.</strong></span> <span class='ocrx_word' id='word_1_115' title='bbox 447 1657 552 1711; x_wconf 77' lang='lat'><strong>44.</strong></span> <span class='ocrx_word' id='word_1_116' title='bbox 579 1653 963 1712; x_wconf 86' lang='lat' dir='ltr'><strong>Vehementem</strong></span> <span class='ocrx_word' id='word_1_117' title='bbox 983 1660 1006 1694; x_wconf 81' lang='lat'>⁸</span> <span class='ocrx_word' id='word_1_118' title='bbox 1056 1658 1426 1711; x_wconf 72' lang='lat' dir='ltr'><strong>accusatorem</strong></span> <span class='ocrx_word' id='word_1_119' title='bbox 1476 1653 1628 1709; x_wconf 82' lang='lat' dir='ltr'><strong>nacti</strong></span> <span class='ocrx_word' id='word_1_120' title='bbox 1683 1670 1877 1710; x_wconf 83' lang='lat' dir='ltr'><strong>sumus</strong></span> <span class='ocrx_word' id='word_1_121' title='bbox 1924 1660 1980 1709; x_wconf 84' lang='lat' dir='ltr'><strong>et</strong></span> 
     </span>
     <span class='ocr_line' id='line_1_16' title="bbox 144 1752 1981 1828; baseline 0.001 -20"><span class='ocrx_word' id='word_1_122' title='bbox 144 1753 430 1818; x_wconf 78' lang='lat' dir='ltr'><strong>inimicum</strong></span> <span class='ocrx_word' id='word_1_123' title='bbox 460 1755 525 1813; x_wconf 83' lang='lat' dir='ltr'><strong>in</strong></span> <span class='ocrx_word' id='word_1_124' title='bbox 545 1757 696 1813; x_wconf 88' lang='lat' dir='ltr'><strong>omni</strong></span> <span class='ocrx_word' id='word_1_125' title='bbox 730 1772 926 1828; x_wconf 83' lang='lat' dir='ltr'><strong>genere</strong></span> <span class='ocrx_word' id='word_1_126' title='bbox 948 1754 1196 1811; x_wconf 86' lang='lat' dir='ltr'><strong>odiosum</strong></span> <span class='ocrx_word' id='word_1_127' title='bbox 1228 1770 1292 1811; x_wconf 85' lang='lat' dir='ltr'><strong>ac</strong></span> <span class='ocrx_word' id='word_1_128' title='bbox 1316 1752 1623 1810; x_wconf 83' lang='lat' dir='ltr'><strong>molestum.</strong></span> <span class='ocrx_word' id='word_1_129' title='bbox 1702 1755 1773 1810; x_wconf 77' lang='lat' dir='ltr'><strong>At</strong></span> <span class='ocrx_word' id='word_1_130' title='bbox 1791 1759 1814 1792; x_wconf 78' lang='lat'><strong>⁴</strong></span> <span class='ocrx_word' id='word_1_131' title='bbox 1846 1769 1981 1827; x_wconf 76' lang='lat' dir='ltr'><strong>quos</strong></span> 
     </span>
     <span class='ocr_line' id='line_1_17' title="bbox 142 1853 1979 1929; baseline -0.002 -16"><span class='ocrx_word' id='word_1_132' title='bbox 142 1853 350 1914; x_wconf 56' lang='lat' dir='ltr'><strong>testes?</strong></span> <span class='ocrx_word' id='word_1_133' title='bbox 428 1853 614 1915; x_wconf 78' lang='lat' dir='ltr'><strong>Testes</strong></span> <span class='ocrx_word' id='word_1_134' title='bbox 630 1861 674 1922; x_wconf 78' lang='lat'><strong>⁶,</strong></span> <span class='ocrx_word' id='word_1_135' title='bbox 713 1872 948 1929; x_wconf 85' lang='lat' dir='ltr'><strong>quorum</strong></span> <span class='ocrx_word' id='word_1_136' title='bbox 978 1855 1226 1912; x_wconf 84' lang='lat' dir='ltr'><strong>studium</strong></span> <span class='ocrx_word' id='word_1_137' title='bbox 1252 1871 1380 1912; x_wconf 88' lang='lat' dir='ltr'><strong>cum</strong></span> <span class='ocrx_word' id='word_1_138' title='bbox 1403 1861 1717 1911; x_wconf 77' lang='lat' dir='ltr'><strong>accusatore</strong></span> <span class='ocrx_word' id='word_1_139' title='bbox 1747 1861 1867 1910; x_wconf 83' lang='lat' dir='ltr'><strong>erat</strong></span> <span class='ocrx_word' id='word_1_140' title='bbox 1897 1871 1979 1909; x_wconf 83' lang='lat' dir='ltr'><strong>so-</strong></span> 
     </span>
     <span class='ocr_line' id='line_1_18' title="bbox 142 1954 1982 2029; baseline -0.001 -17"><span class='ocrx_word' id='word_1_141' title='bbox 142 1955 363 2018; x_wconf 60' lang='lat' dir='ltr'><strong>ciatum.</strong></span> <span class='ocrx_word' id='word_1_142' title='bbox 399 2002 401 2010; x_wconf 93' lang='lat'><strong>.</strong></span> <span class='ocrx_word' id='word_1_143' title='bbox 442 1954 674 2027; x_wconf 67' lang='lat' dir='ltr'><strong>Negavie</strong></span> <span class='ocrx_word' id='word_1_144' title='bbox 701 1972 820 2013; x_wconf 87' lang='lat' dir='ltr'><strong>esse</strong></span> <span class='ocrx_word' id='word_1_145' title='bbox 852 1957 958 2014; x_wconf 85' lang='lat' dir='ltr'><strong>ista</strong></span> <span class='ocrx_word' id='word_1_146' title='bbox 989 1957 1301 2013; x_wconf 82' lang='lat' dir='ltr'><strong>testimonia</strong></span> <span class='ocrx_word' id='word_1_147' title='bbox 1319 1996 1335 2021; x_wconf 86' lang='lat'>‚</span> <span class='ocrx_word' id='word_1_148' title='bbox 1373 1972 1512 2029; x_wconf 84' lang='lat' dir='ltr'><strong>quae</strong></span> <span class='ocrx_word' id='word_1_149' title='bbox 1544 1962 1829 2012; x_wconf 82' lang='lat' dir='ltr'><strong>accusator</strong></span> <span class='ocrx_word' id='word_1_150' title='bbox 1863 1956 1982 2028; x_wconf 85' lang='lat' dir='ltr'><strong>ipse</strong></span> 
     </span>
     <span class='ocr_line' id='line_1_19' title="bbox 146 2054 1981 2130; baseline -0.001 -17"><span class='ocrx_word' id='word_1_151' title='bbox 146 2054 511 2129; x_wconf 71' lang='lat' dir='ltr'><strong>psephismata</strong></span> <span class='ocrx_word' id='word_1_152' title='bbox 546 2056 871 2130; x_wconf 80' lang='lat' dir='ltr'><strong>appellabat:</strong></span> <span class='ocrx_word' id='word_1_153' title='bbox 925 2057 1019 2114; x_wconf 89' lang='lat' dir='ltr'><strong>sed</strong></span> <span class='ocrx_word' id='word_1_154' title='bbox 1069 2057 1350 2114; x_wconf 81' lang='lat' dir='ltr'><strong>fremitum</strong></span> <span class='ocrx_word' id='word_1_155' title='bbox 1407 2058 1715 2129; x_wconf 86' lang='lat' dir='ltr'><strong>egentium,</strong></span> <span class='ocrx_word' id='word_1_156' title='bbox 1770 2063 1827 2113; x_wconf 87' lang='lat' dir='ltr'><strong>et</strong></span> <span class='ocrx_word' id='word_1_157' title='bbox 1868 2072 1981 2111; x_wconf 82' lang='lat' dir='ltr'><strong>mo·</strong></span> 
     </span>
     <span class='ocr_line' id='line_1_20' title="bbox 145 2151 1983 2228; baseline -0.001 -15"><span class='ocrx_word' id='word_1_158' title='bbox 145 2162 272 2217; x_wconf 56' lang='lat' dir='ltr'><strong>tum„</strong></span> <span class='ocrx_word' id='word_1_159' title='bbox 295 2151 612 2228; x_wconf 70' lang='lat' dir='ltr'><strong>quemdam</strong></span> <span class='ocrx_word' id='word_1_160' title='bbox 660 2157 1013 2213; x_wconf 87' lang='lat' dir='ltr'><strong>temerarium</strong></span> <span class='ocrx_word' id='word_1_161' title='bbox 1074 2157 1366 2214; x_wconf 81' lang='lat' dir='ltr'><strong>Graeculae</strong></span> <span class='ocrx_word' id='word_1_162' title='bbox 1416 2158 1709 2214; x_wconf 60' lang='lat' dir='ltr'><strong>concioni&amp;</strong></span> <span class='ocrx_word' id='word_1_163' title='bbox 1817 2154 1924 2212; x_wconf 83' lang='lat' dir='ltr'><strong>Sed</strong></span> <span class='ocrx_word' id='word_1_164' title='bbox 1941 2161 1983 2220; x_wconf 83' lang='lat'><strong>⁷,</strong></span> 
     </span>
     <span class='ocr_line' id='line_1_21' title="bbox 146 2255 1982 2329; baseline -0.001 -16"><span class='ocrx_word' id='word_1_165' title='bbox 146 2256 402 2329; x_wconf 86' lang='lat' dir='ltr'><strong>quoniam</strong></span> <span class='ocrx_word' id='word_1_166' title='bbox 429 2255 502 2312; x_wconf 87' lang='lat' dir='ltr'><strong>de</strong></span> <span class='ocrx_word' id='word_1_167' title='bbox 537 2255 767 2312; x_wconf 82' lang='lat' dir='ltr'><strong>testibus</strong></span> <span class='ocrx_word' id='word_1_168' title='bbox 805 2263 1023 2329; x_wconf 90' lang='lat' dir='ltr'><strong>totoque</strong></span> <span class='ocrx_word' id='word_1_169' title='bbox 1050 2256 1416 2314; x_wconf 81' lang='lat' dir='ltr'><strong>Mithridatico</strong></span> <span class='ocrx_word' id='word_1_170' title='bbox 1452 2259 1683 2313; x_wconf 88' lang='lat' dir='ltr'><strong>crimine</strong></span> <span class='ocrx_word' id='word_1_171' title='bbox 1715 2256 1982 2312; x_wconf 87' lang='lat' dir='ltr'><strong>disserue-</strong></span> 
     </span>
     <span class='ocr_line' id='line_1_22' title="bbox 148 2354 1981 2429; baseline -0.001 -16"><span class='ocrx_word' id='word_1_172' title='bbox 148 2361 321 2414; x_wconf 70' lang='lat' dir='ltr'><strong>ratat</strong></span> <span class='ocrx_word' id='word_1_173' title='bbox 355 2354 632 2413; x_wconf 80' lang='lat' dir='ltr'><strong>subtiliter</strong></span> <span class='ocrx_word' id='word_1_174' title='bbox 662 2362 717 2413; x_wconf 87' lang='lat' dir='ltr'><strong>et</strong></span> <span class='ocrx_word' id='word_1_175' title='bbox 762 2357 974 2427; x_wconf 84' lang='lat' dir='ltr'><strong>copiose</strong></span> <span class='ocrx_word' id='word_1_176' title='bbox 1011 2356 1072 2424; x_wconf 84' lang='lat' dir='ltr'><strong>Q.</strong></span> <span class='ocrx_word' id='word_1_177' title='bbox 1114 2356 1461 2422; x_wconf 83' lang='lat' dir='ltr'><strong>Hortensius,</strong></span> <span class='ocrx_word' id='word_1_178' title='bbox 1514 2374 1612 2413; x_wconf 88' lang='lat' dir='ltr'><strong>nos</strong></span> <span class='ocrx_word' id='word_1_179' title='bbox 1654 2357 1723 2412; x_wconf 89' lang='lat' dir='ltr'><strong>ad</strong></span> <span class='ocrx_word' id='word_1_180' title='bbox 1774 2357 1981 2429; x_wconf 88' lang='lat' dir='ltr'><strong>reliqua</strong></span> 
     </span>
     <span class='ocr_line' id='line_1_23' title="bbox 148 2455 1982 2531; baseline 0 -19"><span class='ocrx_word' id='word_1_181' title='bbox 148 2457 502 2530; x_wconf 74' lang='lat' dir='ltr'><strong>perreximus,</strong></span> <span class='ocrx_word' id='word_1_182' title='bbox 580 2455 716 2513; x_wconf 78' lang='lat' dir='ltr'><strong>Hic⁸</strong></span> <span class='ocrx_word' id='word_1_183' title='bbox 756 2463 939 2512; x_wconf 88' lang='lat' dir='ltr'><strong>autem</strong></span> <span class='ocrx_word' id='word_1_184' title='bbox 979 2474 1143 2529; x_wconf 89' lang='lat' dir='ltr'><strong>quam</strong></span> <span class='ocrx_word' id='word_1_185' title='bbox 1177 2457 1333 2530; x_wconf 86' lang='lat' dir='ltr'><strong>plena</strong></span> <span class='ocrx_word' id='word_1_186' title='bbox 1378 2475 1581 2523; x_wconf 87' lang='lat' dir='ltr'><strong>manu,</strong></span> <span class='ocrx_word' id='word_1_187' title='bbox 1637 2475 1802 2531; x_wconf 85' lang='lat' dir='ltr'><strong>quam</strong></span> <span class='ocrx_word' id='word_1_188' title='bbox 1836 2459 1982 2529; x_wconf 83' lang='lat' dir='ltr'><strong>inge-</strong></span> 
     </span>
     <span class='ocr_line' id='line_1_24' title="bbox 151 2559 1981 2631; baseline 0 -17"><span class='ocrx_word' id='word_1_189' title='bbox 151 2573 504 2631; x_wconf 43' lang='lat' dir='ltr'><strong>unusquam</strong></span> <span class='ocrx_word' id='word_1_190' title='bbox 538 2564 728 2618; x_wconf 78' lang='lat' dir='ltr'><strong>ornate</strong></span> <span class='ocrx_word' id='word_1_191' title='bbox 767 2565 978 2615; x_wconf 89' lang='lat' dir='ltr'><strong>nostras</strong></span> <span class='ocrx_word' id='word_1_192' title='bbox 1017 2559 1203 2616; x_wconf 87' lang='lat' dir='ltr'><strong>laudes</strong></span> <span class='ocrx_word' id='word_1_193' title='bbox 1234 2561 1292 2615; x_wconf 88' lang='lat' dir='ltr'><strong>in</strong></span> <span class='ocrx_word' id='word_1_194' title='bbox 1331 2567 1478 2616; x_wconf 85' lang='lat' dir='ltr'><strong>astra</strong></span> <span class='ocrx_word' id='word_1_195' title='bbox 1522 2559 1775 2625; x_wconf 86' lang='lat' dir='ltr'><strong>sustulit,</strong></span> <span class='ocrx_word' id='word_1_196' title='bbox 1813 2576 1981 2631; x_wconf 87' lang='lat' dir='ltr'><strong>quum</strong></span> 
     </span>
     <span class='ocr_line' id='line_1_25' title="bbox 150 2658 1981 2733; baseline -0.002 -16"><span class='ocrx_word' id='word_1_197' title='bbox 150 2658 222 2717; x_wconf 80' lang='lat' dir='ltr'><strong>de.</strong></span> <span class='ocrx_word' id='word_1_198' title='bbox 259 2658 441 2717; x_wconf 80' lang='lat' dir='ltr'><strong>Flacci</strong></span> <span class='ocrx_word' id='word_1_199' title='bbox 480 2665 734 2731; x_wconf 84' lang='lat' dir='ltr'><strong>praetura</strong></span> <span class='ocrx_word' id='word_1_200' title='bbox 766 2665 821 2714; x_wconf 84' lang='lat' dir='ltr'><strong>et</strong></span> <span class='ocrx_word' id='word_1_201' title='bbox 856 2658 925 2715; x_wconf 88' lang='lat' dir='ltr'><strong>de</strong></span> <span class='ocrx_word' id='word_1_202' title='bbox 964 2659 1054 2715; x_wconf 90' lang='lat' dir='ltr'><strong>illo</strong></span> <span class='ocrx_word' id='word_1_203' title='bbox 1087 2666 1325 2733; x_wconf 86' lang='lat' dir='ltr'><strong>tempore</strong></span> <span class='ocrx_word' id='word_1_204' title='bbox 1368 2660 1713 2733; x_wconf 83' lang='lat' dir='ltr'><strong>Allobrogum</strong></span> <span class='ocrx_word' id='word_1_205' title='bbox 1752 2660 1981 2715; x_wconf 78' lang='lat' dir='ltr'><strong>diceret!</strong></span> 
     </span>
     <span class='ocr_line' id='line_1_26' title="bbox 155 2758 1983 2833; baseline -0.001 -17"><span class='ocrx_word' id='word_1_206' title='bbox 155 2758 503 2826; x_wconf 56' lang='lat' dir='ltr'><strong>Sicbabeto,</strong></span> <span class='ocrx_word' id='word_1_207' title='bbox 540 2776 640 2821; x_wconf 86' lang='lat' dir='ltr'><strong>nec</strong></span> <span class='ocrx_word' id='word_1_208' title='bbox 669 2761 947 2817; x_wconf 77' lang='lat' dir='ltr'><strong>amantius</strong></span> <span class='ocrx_word' id='word_1_209' title='bbox 966 2803 982 2826; x_wconf 92' lang='lat'>‚</span> <span class='ocrx_word' id='word_1_210' title='bbox 1022 2778 1121 2817; x_wconf 90' lang='lat' dir='ltr'><strong>nec</strong></span> <span class='ocrx_word' id='word_1_211' title='bbox 1160 2761 1603 2817; x_wconf 84' lang='lat' dir='ltr'><strong>honorificentius</strong></span> <span class='ocrx_word' id='word_1_212' title='bbox 1624 2804 1638 2826; x_wconf 94' lang='lat'><strong>,</strong></span> <span class='ocrx_word' id='word_1_213' title='bbox 1678 2778 1776 2816; x_wconf 89' lang='lat' dir='ltr'><strong>nec</strong></span> <span class='ocrx_word' id='word_1_214' title='bbox 1810 2762 1983 2833; x_wconf 89' lang='lat' dir='ltr'><strong>copio-</strong></span> 
     </span>
     <span class='ocr_line' id='line_1_27' title="bbox 151 2860 1983 2944; baseline 0.001 -30"><span class='ocrx_word' id='word_1_215' title='bbox 151 2860 265 2919; x_wconf 72' lang='lat' dir='ltr'><strong>sius</strong></span> <span class='ocrx_word' id='word_1_216' title='bbox 315 2860 735 2944; x_wconf 50' lang='lat' dir='ltr'><strong>potuisse...dici.</strong></span> <span class='ocrx_word' id='word_1_217' title='bbox 829 2861 975 2918; x_wconf 85' lang='lat' dir='ltr'><strong>Sed⁹</strong></span> <span class='ocrx_word' id='word_1_218' title='bbox 1029 2870 1294 2934; x_wconf 87' lang='lat' dir='ltr'><strong>quantmn</strong></span> <span class='ocrx_word' id='word_1_219' title='bbox 1334 2863 1618 2919; x_wconf 88' lang='lat' dir='ltr'><strong>Hortensio</strong></span> <span class='ocrx_word' id='word_1_220' title='bbox 1655 2861 1983 2917; x_wconf 84' lang='lat' dir='ltr'><strong>credendum</strong></span> 
     </span>
    </p>
   </div>
   <div class='ocr_carea' id='block_1_3' title="bbox 68 2960 1984 3026">
    <p class='ocr_par' dir='ltr' id='par_1_3' title="bbox 68 2960 1984 3026">
     <span class='ocr_line' id='line_1_28' title="bbox 68 2960 1984 3026; baseline 0.002 -11"><span class='ocrx_word' id='word_1_221' title='bbox 68 2996 71 2998; x_wconf 96' lang='lat'>-</span> <span class='ocrx_word' id='word_1_222' title='bbox 155 2966 324 3026; x_wconf 87' lang='lat' dir='ltr'><strong>esset,</strong></span> <span class='ocrx_word' id='word_1_223' title='bbox 351 2961 673 3019; x_wconf 85' lang='lat' dir='ltr'><strong>nesciebam.</strong></span> <span class='ocrx_word' id='word_1_224' title='bbox 701 2963 904 3020; x_wconf 65' lang='lat' dir='ltr'><strong>tPostea</strong></span> <span class='ocrx_word' id='word_1_225' title='bbox 930 2965 1076 3020; x_wconf 90' lang='lat' dir='ltr'><strong>enim</strong></span> <span class='ocrx_word' id='word_1_226' title='bbox 1109 2982 1196 3020; x_wconf 89' lang='lat' dir='ltr'><strong>me</strong></span> <span class='ocrx_word' id='word_1_227' title='bbox 1229 2982 1442 3020; x_wconf 84' lang='lat' dir='ltr'><strong>summa</strong></span> <span class='ocrx_word' id='word_1_228' title='bbox 1474 2964 1816 3019; x_wconf 87' lang='lat' dir='ltr'><strong>simulatione</strong></span> <span class='ocrx_word' id='word_1_229' title='bbox 1832 2960 1984 3018; x_wconf 80' lang='lat' dir='ltr'><strong>&#39;amo-</strong></span> 
     </span>
    </p>
   </div>
   <div class='ocr_carea' id='block_1_4' title="bbox 0 1229 59 3990">
    <p class='ocr_par' dir='ltr' id='par_1_4' title="bbox 0 1229 59 3990">
     <span class='ocr_line' id='line_1_29' title="bbox 0 1229 59 3990; baseline 0 0"><span class='ocrx_word' id='word_1_230' title='bbox 0 1229 59 3990; x_wconf 95' lang='lat' dir='ltr'><strong> </strong></span> 
     </span>
    </p>
   </div>
   <div class='ocr_carea' id='block_1_5' title="bbox 78 3064 1982 3138">
    <p class='ocr_par' dir='ltr' id='par_1_5' title="bbox 78 3064 1982 3138">
     <span class='ocr_line' id='line_1_30' title="bbox 78 3064 1982 3138; baseline 0.001 -21"><span class='ocrx_word' id='word_1_231' title='bbox 78 3099 81 3103; x_wconf 88' lang='lat'>-</span> <span class='ocrx_word' id='word_1_232' title='bbox 154 3064 232 3119; x_wconf 89' lang='lat' dir='ltr'><strong>ris</strong></span> <span class='ocrx_word' id='word_1_233' title='bbox 264 3080 582 3137; x_wconf 83' lang='lat' dir='ltr'><strong>summaque</strong></span> <span class='ocrx_word' id='word_1_234' title='bbox 615 3064 931 3121; x_wconf 83' lang='lat' dir='ltr'><strong>assiduitate</strong></span> <span class='ocrx_word' id='word_1_235' title='bbox 963 3067 1276 3138; x_wconf 84' lang='lat' dir='ltr'><strong>quotidiana</strong></span> <span class='ocrx_word' id='word_1_236' title='bbox 1314 3067 1727 3122; x_wconf 82' lang='lat' dir='ltr'><strong>sceleratissime</strong></span> <span class='ocrx_word' id='word_1_237' title='bbox 1766 3064 1982 3120; x_wconf 87' lang='lat' dir='ltr'><strong>insidio-</strong></span> 
     </span>
    </p>
   </div>
   <div class='ocr_carea' id='block_1_6' title="bbox 159 3252 374 3266">
    <p class='ocr_par' dir='ltr' id='par_1_6' title="bbox 159 3252 374 3266">
     <span class='ocr_line' id='line_1_31' title="bbox 159 3252 374 3266; baseline 0 724"><span class='ocrx_word' id='word_1_238' title='bbox 159 3252 374 3266; x_wconf 95' lang='lat' dir='ltr'><strong> </strong></span> 
     </span>
    </p>
   </div>
   <div class='ocr_carea' id='block_1_7' title="bbox 87 3360 1984 3577">
    <p class='ocr_par' dir='ltr' id='par_1_7' title="bbox 87 3360 1984 3577">
     <span class='ocr_line' id='line_1_32' title="bbox 87 3360 1983 3422; baseline -0.001 -15"><span class='ocrx_word' id='word_1_239' title='bbox 87 3414 90 3415; x_wconf 16' lang='lat'><em>⁷</em></span> <span class='ocrx_word' id='word_1_240' title='bbox 224 3365 262 3421; x_wconf 75' lang='grc' dir='ltr'><strong>Ι)</strong></span> <span class='ocrx_word' id='word_1_241' title='bbox 294 3360 406 3408; x_wconf 82' lang='lat' dir='ltr'><strong>lbid.</strong></span> <span class='ocrx_word' id='word_1_242' title='bbox 437 3377 476 3406; x_wconf 89' lang='lat' dir='ltr'><strong>c.</strong></span> <span class='ocrx_word' id='word_1_243' title='bbox 495 3364 536 3406; x_wconf 90' lang='lat'><strong>1.</strong></span> <span class='ocrx_word' id='word_1_244' title='bbox 567 3363 653 3419; x_wconf 85' lang='lat'><strong>§1.</strong></span> <span class='ocrx_word' id='word_1_245' title='bbox 687 3388 744 3395; x_wconf 97' lang='lat'><strong>—</strong></span> <span class='ocrx_word' id='word_1_246' title='bbox 779 3364 815 3421; x_wconf 87' lang='lat'><strong>²)</strong></span> <span class='ocrx_word' id='word_1_247' title='bbox 849 3362 959 3408; x_wconf 85' lang='lat' dir='ltr'><strong>lbid.</strong></span> <span class='ocrx_word' id='word_1_248' title='bbox 993 3365 1079 3421; x_wconf 81' lang='grc'><strong>92.</strong></span> <span class='ocrx_word' id='word_1_249' title='bbox 1112 3391 1169 3397; x_wconf 91' lang='lat'><strong>——</strong></span> <span class='ocrx_word' id='word_1_250' title='bbox 1203 3366 1243 3422; x_wconf 85' lang='lat'><strong>⁵)</strong></span> <span class='ocrx_word' id='word_1_251' title='bbox 1279 3362 1385 3407; x_wconf 88' lang='lat' dir='ltr'><strong>lbid.</strong></span> <span class='ocrx_word' id='word_1_252' title='bbox 1417 3380 1454 3407; x_wconf 83' lang='lat' dir='ltr'><strong>c.</strong></span> <span class='ocrx_word' id='word_1_253' title='bbox 1488 3368 1529 3407; x_wconf 85' lang='lat'><strong>5.</strong></span> <span class='ocrx_word' id='word_1_254' title='bbox 1564 3366 1678 3421; x_wconf 83' lang='grc'>913.</span> <span class='ocrx_word' id='word_1_255' title='bbox 1712 3390 1769 3396; x_wconf 86' lang='grc'><strong>-</strong></span> <span class='ocrx_word' id='word_1_256' title='bbox 1802 3365 1844 3422; x_wconf 72' lang='grc'><strong>4)</strong></span> <span class='ocrx_word' id='word_1_257' title='bbox 1875 3361 1983 3407; x_wconf 86' lang='lat' dir='ltr'><strong>lbid.</strong></span> 
     </span>
     <span class='ocr_line' id='line_1_33' title="bbox 162 3438 1984 3499; baseline 0.001 -16"><span class='ocrx_word' id='word_1_258' title='bbox 162 3455 198 3484; x_wconf 91' lang='lat' dir='ltr'><strong>c.</strong></span> <span class='ocrx_word' id='word_1_259' title='bbox 230 3443 272 3486; x_wconf 72' lang='lat'><strong>4.</strong></span> <span class='ocrx_word' id='word_1_260' title='bbox 304 3442 330 3499; x_wconf 86' lang='lat'>§</span> <span class='ocrx_word' id='word_1_261' title='bbox 361 3442 406 3486; x_wconf 87' lang='grc'><strong>9.</strong></span> <span class='ocrx_word' id='word_1_262' title='bbox 438 3467 495 3473; x_wconf 89' lang='grc'><strong>-</strong></span> <span class='ocrx_word' id='word_1_263' title='bbox 530 3442 571 3499; x_wconf 79' lang='grc'><strong>5)</strong></span> <span class='ocrx_word' id='word_1_264' title='bbox 603 3438 714 3483; x_wconf 81' lang='lat' dir='ltr'><strong>lhid.</strong></span> <span class='ocrx_word' id='word_1_265' title='bbox 746 3455 782 3487; x_wconf 90' lang='lat' dir='ltr'><strong>c.</strong></span> <span class='ocrx_word' id='word_1_266' title='bbox 816 3444 887 3486; x_wconf 92' lang='lat'><strong>10.</strong></span> <span class='ocrx_word' id='word_1_267' title='bbox 924 3443 1039 3498; x_wconf 84' lang='grc'>921.</span> <span class='ocrx_word' id='word_1_268' title='bbox 1074 3443 1203 3499; x_wconf 78' lang='grc'>-,5)</span> <span class='ocrx_word' id='word_1_269' title='bbox 1234 3439 1343 3484; x_wconf 88' lang='lat' dir='ltr'><strong>Ibid.</strong></span> <span class='ocrx_word' id='word_1_270' title='bbox 1385 3442 1500 3497; x_wconf 84' lang='grc'>923.</span> <span class='ocrx_word' id='word_1_271' title='bbox 1535 3468 1592 3474; x_wconf 91' lang='lat'><strong>—-</strong></span> <span class='ocrx_word' id='word_1_272' title='bbox 1626 3445 1668 3499; x_wconf 87' lang='lat'><strong>7)</strong></span> <span class='ocrx_word' id='word_1_273' title='bbox 1699 3441 1809 3486; x_wconf 88' lang='lat' dir='ltr'><strong>lbid.</strong></span> <span class='ocrx_word' id='word_1_274' title='bbox 1843 3458 1879 3486; x_wconf 90' lang='lat' dir='ltr'><strong>c.</strong></span> <span class='ocrx_word' id='word_1_275' title='bbox 1914 3445 1984 3485; x_wconf 77' lang='lat'><strong>17.</strong></span> 
     </span>
     <span class='ocr_line' id='line_1_34' title="bbox 163 3516 1742 3577; baseline 0.001 -16"><span class='ocrx_word' id='word_1_276' title='bbox 163 3518 275 3574; x_wconf 75' lang='grc'>941.</span> <span class='ocrx_word' id='word_1_277' title='bbox 311 3543 367 3551; x_wconf 90' lang='lat'><strong>—-</strong></span> <span class='ocrx_word' id='word_1_278' title='bbox 401 3519 441 3577; x_wconf 74' lang='lat'><strong>⁸)</strong></span> <span class='ocrx_word' id='word_1_279' title='bbox 473 3516 523 3561; x_wconf 82' lang='lat' dir='ltr'><strong>ad</strong></span> <span class='ocrx_word' id='word_1_280' title='bbox 550 3519 639 3562; x_wconf 81' lang='lat' dir='ltr'><strong>Att.</strong></span> <span class='ocrx_word' id='word_1_281' title='bbox 674 3521 727 3561; x_wconf 85' lang='lat'><strong>11.</strong></span> <span class='ocrx_word' id='word_1_282' title='bbox 759 3521 831 3564; x_wconf 82' lang='lat'><strong>25.</strong></span> <span class='ocrx_word' id='word_1_283' title='bbox 866 3521 891 3576; x_wconf 87' lang='grc'>9</span> <span class='ocrx_word' id='word_1_284' title='bbox 925 3523 964 3564; x_wconf 85' lang='grc'><strong>1.</strong></span> <span class='ocrx_word' id='word_1_285' title='bbox 993 3546 1046 3552; x_wconf 96' lang='grc'>-</span> <span class='ocrx_word' id='word_1_286' title='bbox 1083 3522 1123 3576; x_wconf 79' lang='lat'><strong>9)</strong></span> <span class='ocrx_word' id='word_1_287' title='bbox 1155 3518 1205 3563; x_wconf 83' lang='lat' dir='ltr'><strong>ad</strong></span> <span class='ocrx_word' id='word_1_288' title='bbox 1240 3521 1290 3577; x_wconf 85' lang='lat' dir='ltr'><strong>Q.</strong></span> <span class='ocrx_word' id='word_1_289' title='bbox 1320 3518 1496 3564; x_wconf 79' lang='lat' dir='ltr'><strong>fratrem</strong></span> <span class='ocrx_word' id='word_1_290' title='bbox 1524 3524 1553 3564; x_wconf 90' lang='grc' dir='ltr'><strong>Ι.</strong></span> <span class='ocrx_word' id='word_1_291' title='bbox 1592 3523 1631 3563; x_wconf 87' lang='grc'><strong>3.</strong></span> <span class='ocrx_word' id='word_1_292' title='bbox 1658 3521 1742 3577; x_wconf 89' lang='grc'><strong>98.</strong></span> 
     </span>
    </p>
   </div>
  </div>
 </body>
</html>
