2210 3970
214 231 320 283 652
681 237 1010 277 ANNALES
1063 239 1574 279 mennonmm.

221 372 523 419 testimonium
556 370 778 414 dicerent:
812 384 999 430 quorum
1026 368 1076 411 in
1102 384 1280 413 numero
1311 373 1370 414 M.
1397 370 1493 431 ipse
1523 369 1698 413 Tullius
1721 370 2047 431 interrogata-5¹,

221 453 290 495 ait
318 450 378 493 ad
403 465 449 492 se
481 448 731 492 salutatum
761 446 932 492 venisse
958 447 1062 507 ipsa
1093 446 1164 491 die
1196 446 1425 496 Clodium,
1460 463 1550 507 qua
1579 462 1630 490 se
1656 445 1736 490 ille
1771 447 2052 491 contenderat

223 530 506 571 Interamnae
523 524 706 583 fuisse,
733 523 935 568 millibus
943 539 1167 584 passuum
1184 523 1336 582 ferme
1363 536 1512 568 Lxxxx
1537 523 1591 567 ab
1624 523 1733 567 Urbe
1754 523 2054 576 disiunctum,-

226 620 315 666 qao
347 603 519 647 scilicet
551 602 692 647 videri
722 601 925 659 ‘volebat⁷
958 603 1119 646 incesti
1145 604 1305 645 Romae
1337 601 1640 646 committendi
1661 601 1939 661 facultatem
1969 617 2055 645 non

228 682 452 726 habuisse,
526 681 593 726 Et
620 690 731 744 post
763 682 866 726 haec
905 681 960 725 ab
992 679 1218 725 iudicibus
1249 692 1343 724 xxv
1377 678 1614 723 damnatus
1650 686 1732 724 est.
1796 677 2060 723 Praevaluit

228 767 376 805 tamen
404 758 464 802 ad
494 759 592 803 eius
622 760 853 805 victoriam
883 760 1026 803 maior
1059 774 1207 802 eorum
1237 773 1445 802 numerus
1461 790 1476 813 ‚
1509 758 1589 817 qui
1614 757 1926 801 absolverunt:
1956 771 2061 799 nam

228 850 323 882 xxx
352 844 396 880 et
423 854 514 880 una
540 853 625 898 pro
653 855 701 882 eo
729 818 974 882 sententiae
1001 836 1120 880 latae
1147 842 1266 878 sunt.
1331 834 1550 879 Plutarch.
1579 834 1663 880 cic.
1689 850 1725 879 ο.
1744 837 1819 879 29.
1847 838 1890 880 1.
1922 831 2063 879 Κικέ-

231 934 324 978 ρων
361 917 405 960 δ’
450 909 507 973 ἢν
547 913 635 975 μὲν
676 916 832 962 αὐτοῦ
878 914 1149 972 (Κλωδίου)
1197 899 1342 971 φίλος
1389 916 1471 959 καὶ
1506 913 1602 958 τῶν
1643 915 1756 974 περὶ
1797 913 2064 958 Κατιλίναν

232 993 571 1055 πραττομένων
602 993 779 1056 ἐχρῆτο
812 994 1171 1055 προθυμοτάτῳ
1199 991 1406 1054 συνεργῷ
1440 994 1522 1037 καὶ
1554 993 1746 1050 φύλακι
1785 996 1872 1038 τοῦ
1899 990 2067 1053 σώμα-

232 1087 347 1125 τος·
401 1072 769 1134 ἰσχυριζομένου
814 1071 869 1119 δὲ
911 1072 1030 1135 πρὸς
1074 1071 1130 1117 τὸ
1171 1069 1381 1134 ἔγκλημα
1419 1071 1484 1132 τῷ
1526 1069 1647 1132 μηδὲ
1684 1069 1927 1134 γεγονέναι
1961 1074 2066 1116 κατ’

205 1152 420 1214 ι,ἐκεῖνον
458 1151 512 1196 ἐν
553 1151 720 1215 Ῥώμῃ
763 1151 846 1198 τὸν
887 1155 1096 1214 χρόνον,
1146 1151 1253 1196 ἀλλ’
1300 1148 1352 1194 ἐν
1393 1158 1498 1203 τοῖς
1536 1152 1829 1213 πορρωτάτω
1867 1153 2069 1212 χωρίοις

234 1230 546 1294 διατρίβειν,
581 1234 1001 1294 κατεμαρτύρησεν
1034 1228 1099 1283 ὣς
1129 1227 1400 1293 ἀφιγμένου
1431 1228 1550 1292 πρὸς
1593 1228 1745 1276 αὐτὸν
1785 1229 1954 1275 οἴκαδε
1986 1231 2069 1275 καὶ

236 1308 573 1372 διειλεγμένου
611 1314 724 1372 περί
757 1327 934 1356 τινων·
970 1312 1090 1372 ὅπερ
1123 1303 1180 1369 ἢν
1213 1308 1412 1368 ἀληθές.
1476 1309 1546 1355 Οὐ
1580 1309 1673 1371 μήν
1696 1308 1863 1355 ἐδόκει
1894 1327 2076 1372 μαρτυ-

237 1398 339 1455 ρεῖν
383 1390 411 1436 ὁ
439 1388 662 1451 Κικέρων
694 1389 778 1436 διά
819 1390 905 1448 τήν
939 1389 1213 1447 ἀλήθειαν,
1258 1386 1382 1434 ἀλλά
1413 1390 1535 1451 πρὸς
1568 1388 1653 1447 τήν
1691 1387 1844 1435 αὑτοῦ
1876 1397 2078 1452 γυναῖκα

239 1473 495 1532 Τερεντίαν
535 1457 935 1533 ἀπολογούμενος.
1003 1465 1104 1515 5Ην
1138 1471 1226 1533 γάρ
1259 1469 1385 1528 αὐτῇ
1418 1469 1541 1530 πρὸς
1570 1467 1652 1513 τὸν
1693 1468 1923 1514 Κλώδιον
1956 1468 2078 1514 ἀπέ-

235 1552 393 1607 χθεια
423 1547 509 1594 διά
533 1548 619 1607 τήν
649 1548 864 1608 ἀδελφήν
893 1548 977 1607 τήν
1004 1548 1194 1595 ἐκείνου
1219 1547 1471 1605 Κλωδίαν,
1509 1545 1573 1599 ὥς
1604 1547 1669 1611 τῷ
1689 1547 1934 1610 Κικέρωνι
1962 1548 2080 1609 βου·
2143 1579 2147 1582 -

240 1628 444 1690 λομένην
486 1631 765 1691 γαμηθῆναι
811 1632 894 1674 καὶ
939 1633 1088 1675 τοῦτο
1132 1628 1218 1674 διὰ
1252 1628 1439 1673 Τύλλου
1481 1625 1616 1679 τινὸς
1646 1629 1984 1690 πράττουσαν,
2024 1629 2080 1683 ὂς

241 1694 434 1769 ἑταῖρος
469 1705 558 1768 μὲν
595 1701 653 1767 ἦν
686 1710 768 1753 καὶ
808 1709 1024 1768 συνήθης
1062 1706 1115 1753 ἐν
1156 1715 1261 1760 τοῖς
1297 1707 1513 1768 μάλιστα
1548 1706 1856 1769 Κικέρωνος,
1904 1706 1983 1754 ἀεὶ
2022 1705 2077 1755 δέ

239 1787 359 1851 πρὸς
392 1787 476 1846 τήν
508 1786 738 1833 Κλωδίαν
770 1788 956 1846 φοιτῶν
989 1790 1071 1833 καὶ
1099 1789 1386 1848 θεραπεύων
1418 1786 1560 1851 ἐγγύς
1593 1789 1827 1832 οἰκοῦσαν
1862 1785 2080 1848 ὑποψίαν

242 1873 301 1929 τῇ
340 1871 569 1930 Τερεντίᾳ
601 1867 834 1930 παρέσχε.
895 1866 1093 1925 Χαλεπή
1123 1866 1177 1912 δὲ
1209 1866 1296 1913 τὸν
1329 1868 1512 1929 τρόπον
1545 1860 1670 1912 οὖσα
1702 1869 1785 1912 καὶ
1820 1871 1907 1913 τοῦ
1932 1866 2079 1913 Κικέ·

245 1965 393 2012 ρωνος
439 1946 656 2009 ἄρχουσα
688 1945 932 2008 παρώξυνε
973 1947 1038 2006 τῷ
1068 1946 1277 2006 Κλωδίῳ
1321 1943 1687 1992 συνεπιθέσθαι
1722 1947 1804 1991 καὶ
1835 1962 2081 2006 καταμαρ-

245 2029 471 2089 τυρῆσαι.
536 2024 600 2069 Id.
631 2029 744 2070 Caes.
767 2041 803 2069 c.
823 2029 896 2070 10.
927 2030 968 2070 4.
1005 2028 1305 2089 Ἀποφεύγει
1334 2024 1381 2070 δ’
1403 2018 1492 2070 οὖν
1517 2021 1574 2069 τὸ
1596 2022 1806 2088 ἔγκλημα
1827 2025 1923 2070 τῶν
1951 2026 2085 2070 πλεί-

248 2123 375 2153 στων
402 2103 645 2151 δικαστῶν
668 2103 1020 2167 συγκεχυμένας
1048 2114 1153 2157 τοῖς
1180 2106 1423 2168 γράμμασι
1447 2105 1532 2158 τάς
1556 2103 1743 2168 γνώμας
1768 2103 2077 2162 ἀποδόντων,

250 2188 381 2238 ὅπως
404 2186 526 2246 μήτε
541 2183 1052 2246 παρακινδυνεύσωσιν
1072 2182 1125 2230 ἐν
1144 2192 1247 2236 τοῖς
1264 2184 1465 2236 πολλοῖς
1482 2184 1955 2244 καταψηφισάμενοι,
1972 2181 2087 2243 μήτ’

253 2266 582 2316 ἀπολύσαντες
613 2262 887 2320 ἀδοξήσωσι
906 2265 1033 2326 παρὰ
1060 2272 1164 2316 τοῖς
1182 2262 1418 2326 ἀρίστοις.
1484 2263 1563 2308 Dio
1578 2274 1759 2308 xxxvu.
1777 2277 1814 2306 e.
1833 2265 1905 2306 46.
1936 2266 1978 2307 1.
2013 2261 2089 2324 Τῷ

252 2344 307 2393 δὲ
346 2345 452 2402 ἑξῆς
493 2342 592 2390 ἔτει
625 2341 710 2388 ἐπί
754 2358 805 2388 τε
842 2347 1066 2395 Πίσωνος
1099 2346 1183 2388 καὶ
1225 2343 1309 2388 ἐπὶ
1348 2343 1554 2404 Μάρκου
1596 2341 1864 2387 Μεσσάλου
1896 2339 2089 2386 ὖπάτων

252 2423 518 2486 μισοῦντές
547 2439 599 2469 τε
628 2420 783 2475 ἄλλως
817 2424 866 2469 οἱ
896 2423 1096 2469 δυνατοὶ
1135 2422 1218 2469 τὸν
1251 2420 1501 2479 Κλώδιον,
1535 2423 1618 2466 καὶ
1649 2422 1749 2481 ἅμα
1780 2423 1861 2466 καὶ
1896 2420 1952 2466 τὸ
1983 2423 2093 2481 μία·

257 2520 358 2564 σμα
392 2502 549 2549 αὐτοῦ
593 2500 1141 2564 οἷποδιοπομπούμενοι,
1188 2501 1360 2561 ἐπειδή
1393 2504 1441 2548 οἱ
1474 2504 1762 2559 ποντίφικες
1790 2498 2093 2557 ἀνατυθῆναι
2200 2500 2210 2540 .’“

258 2584 319 2629 τά
360 2583 465 2644 ἱερὰ
503 2580 568 2634 ὥς
600 2580 700 2637 οὐχ
733 2581 877 2634 ὁσίως
907 2582 992 2628 διὰ
1027 2586 1178 2628 τοῦτο
1206 2580 1501 2627 τελεσθέντα
1529 2580 1756 2642 ἔγνωσαν,
1792 2579 2090 2641 δικαστηρίῳ

259 2661 414 2708 αὐτὸν
438 2659 747 2723 παρέδωκαν,
781 2664 864 2708 καὶ
889 2660 1198 2724 κατηγορήθη
1221 2658 1311 2709 μὲν
1333 2663 1418 2719 τῆς
1442 2678 1494 2707 τε
1515 2662 1764 2720 μοιχείας,
1799 2661 1971 2722 καίπερ
2000 2662 2090 2705 τοῦ

255 2742 507 2804 ’Καίσαρος
537 2740 843 2794 σιωπῶντος,
883 2742 965 2787 καὶ
998 2743 1084 2798 τῆς
1110 2743 1450 2802 μεταστάσεως
1482 2744 1568 2800 τῆς
1599 2743 1710 2802 περὶ
1741 2738 1979 2799 Νίσιβιν,
2011 2743 2093 2785 καὶ

261 2821 462 2883 προσέτι
516 2824 598 2867 καὶ
645 2821 727 2866 ὅτι
763 2823 820 2880 τῇ
863 2819 1049 2879 ἀδελφῇ
1084 2825 1420 2886 συγγίγνοιτο,
1470 2820 1659 2881 ἀφείθη
1690 2818 1774 2876 δὲ,
1808 2823 1973 2866 καίτοι
2003 2820 2096 2865 τῶν

263 2901 509 2947 δικαστῶν
536 2900 752 2963 φρουράν
783 2900 911 2962 παρὰ
941 2903 1026 2958 τῆς
1061 2901 1265 2962 βουλῆς,
1299 2903 1429 2955 ὅπως
1461 2900 1610 2963 μηδὲν
1643 2900 1790 2946 κακὸν
1819 2899 1902 2946 ὕπ’
1937 2899 2094 2947 αὐτοῦ

263 2982 490 3035 πάθωσι,
525 2982 608 3025 καὶ
639 2973 941 3039 αἰτησάντων
976 2984 1058 3027 καὶ
1087 2980 1351 3042 λαβόντων.

344 3068 405 3142 (⁵)
448 3067 820 3142 Iudicesfflui
849 3069 1132 3140 largitione
1168 3070 1412 3145 corrupti
1439 3068 1681 3124 Clodium
1715 3067 2095 3133 absolvissent,

267 3169 499 3240 eleganti
539 3168 762 3223 dicterio
788 3169 1131 3241 reprehendit
1163 3170 1400 3225 Catulus,
1439 3188 1506 3227 1v.
1537 3188 1584 3224 c.
1611 3174 1662 3224 9.
1704 3173 1792 3224 24.

331 3272 491 3313 Seneca
516 3271 591 3328 Ep.
627 3270 699 3311 97.
723 3271 765 3311 5.
799 3269 861 3311 Hi
885 3269 1056 3312 iudices
1089 3270 1293 3314 Clodiani
1322 3285 1351 3313 a
1373 3278 1533 3315 senatu
1549 3270 1778 3331 petierant
1786 3267 2068 3330 praesidium
2083 3301 2098 3325 ‚

271 3346 392 3407 quod
414 3363 500 3390 non
533 3352 630 3389 erat
653 3344 746 3388 nisi
778 3343 1059 3390 damnaturis
1088 3349 1411 3405 necessarium,
1445 3357 1490 3393 et
1519 3349 1875 3409 impetraverant.
1938 3350 2098 3408 Itaque

269 3425 493 3485 eleganter
516 3423 633 3481 ‚iltis
665 3422 883 3478 Catulus,
918 3423 1120 3468 absoluto
1152 3442 1251 3469 reo:
1299 3428 1441 3485 Quid
1469 3444 1587 3484 vos,
1629 3427 1800 3486 inquit,
1826 3425 2096 3486 praesidi-

269 3519 351 3546 um
384 3519 412 3546 a
440 3501 593 3546 nobis
613 3501 933 3561 petebatis?
967 3518 1051 3560 an,
1084 3518 1144 3547 ne
1170 3506 1528 3551 nummivobis
1556 3505 1933 3565 eriperentur?
1975 3503 2096 3549 Plut-
