2158 4030
281 248 350 296 50
869 255 1076 294 cicano
1116 256 1185 293 ΒΕ
1228 255 1361 294 VITA
1399 257 1504 294 sua

280 391 418 446 dius,
497 388 663 444 Μίὴίι
707 390 850 445 enim
888 366 1164 462 perspecta
1210 397 1292 445 est
1337 389 1499 445 huius
1546 390 1850 460 ingenuitas
1896 397 1949 444 et
1994 399 2102 446 ma·

279 489 504 563 gnitudo
539 491 739 552 animi:
779 503 950 562 neque
985 507 1083 562 ego
1115 491 1256 545 inter
1289 507 1375 544 me
1420 495 1580 560 atque
1615 488 1767 542 illum
1812 489 2104 561 quidquam

280 593 538 646 interesse
571 608 827 662 umquam
861 590 989 645 duxi
1025 597 1237 661 praeter
1263 589 1591 642 voluntatem
1625 576 1906 643 institutae
1938 590 2106 645 vitae:

278 692 420 764 quod
463 710 550 747 me
591 692 811 747 ambitio
862 691 1124 763 quaedam
1176 690 1242 744 ad
1290 689 1552 743 honorum
1598 677 1880 754 studium,
1932 691 2108 762 ipsum

281 799 460 847 autem
494 793 598 846 alia
630 793 853 846 minime
885 789 1320 862 reprehendenda
1347 789 1486 842 ratio
1520 788 1586 842 ad
1621 788 1904 843 honestum
1938 791 2109 845 otium

279 892 449 947 duxit.
531 893 669 946 Vera
708 892 925 963 quidem
968 891 1125 945 laude
1170 889 1482 961 probitatiS,
1523 888 1859 960 diligentiae,
1900 891 2109 962 religio-

279 995 363 1047 nis
409 1009 581 1063 neque
625 1009 711 1047 me
746 993 952 1056 Attice,
994 1007 1167 1062 neque
1208 1006 1534 1061 quemquam
1572 997 1870 1063 antepono:
1913 993 2111 1046 amoris

278 1108 404 1146 vero
429 1108 557 1163 erga
583 1108 699 1156 me,
738 1107 908 1163 quum
935 1107 966 1145 a
999 1090 1208 1144 faterno
1230 1106 1410 1145 amore
1436 1089 1834 1163 domesticoque
1860 1092 2112 1157 discessi,

278 1191 406 1246 huic
450 1192 652 1264 primas
697 1190 892 1246 desem.
972 1189 1096 1244 Vidi
1142 1191 1316 1255 enim,
1356 1190 1468 1244 vidi
1488 1192 1821 1263 ‘penitusque
1865 1194 2111 1264 perspexi

278 1292 335 1346 in
361 1291 498 1346 meis
531 1291 697 1346 variis
732 1289 1064 1362 temporibus
1092 1296 1146 1344 et
1166 1290 1554 1346 sollicitudines
1580 1292 1742 1346 huius
1769 1299 1822 1347 et
1861 1292 2110 1370 laetitias

281 1393 407 1447 Fuit
439 1392 574 1446 mihi
614 1409 771 1464 saepe
804 1398 858 1446 et
890 1390 1065 1445 laudis
1105 1397 1318 1446 nostrae
1352 1392 1643 1462 gratulatio
1676 1392 1838 1447 huius
1878 1393 2113 1447 iucunda

280 1500 334 1547 et
384 1494 595 1548 timoris
647 1492 936 1547 consolatio
982 1499 1154 1563 grata.
1231 1493 1548 1547 Postremo²
1589 1511 1693 1547 non
1745 1493 1893 1547 labor
1932 1511 2113 1558 meuS,

281 1612 386 1648 non
421 1595 663 1666 requieS,
704 1599 808 1647 non
849 1593 1154 1663 negotium,
1196 1609 1299 1646 non
1334 1593 1540 1656 otium,
1581 1609 1685 1646 non
1727 1592 1962 1648 forenses
2000 1611 2116 1659 reS,

283 1712 388 1748 non
435 1693 791 1757 domesticae,
840 1710 945 1747 non
979 1692 1223 1764 publicae
1244 1734 1258 1756 ,
1300 1709 1404 1746 non
1450 1692 1690 1764 privatae
1729 1695 1914 1748 carere
1949 1694 2114 1749 Attici

283 1794 602 1849 suavissimo
634 1799 800 1865 atque
840 1793 1212 1848 amantissimo
1246 1792 1468 1847 consilio
1501 1809 1564 1847 ac
1599 1810 1843 1849 sermone
1875 1802 2121 1867 possunt,

364 1993 651 2049 XXXVIII.
736 1997 859 2049 117.
901 1993 1024 2048 Me³
1078 1992 1296 2065 quidem
1349 1994 1495 2065 ipsae
1546 1992 1668 2048 illae
1719 1993 1958 2050 Athenae
2010 2012 2115 2049 non

285 2100 398 2147 tam
441 2092 691 2164 operibus
736 2092 1040 2163 magnificis
1085 2094 1476 2164 exquisitisque
1525 2094 1871 2165 antiquorum
1911 2079 2158 2184 artibusss¹

286 2193 651 2258 delectabant,
703 2210 866 2265 quam
912 2191 1281 2247 recordatione
1317 2210 1655 2249 summorum
1698 2195 1939 2249 virorum
1959 2237 1974 2260 ,
2026 2186 2158 2252 ubi?

290 2297 518 2367 quisque
552 2295 829 2356 hahitare,
889 2293 981 2347 ubi
1015 2293 1228 2358 sedere,
1281 2294 1372 2347 ubi
1403 2293 1679 2366 disputare
1719 2302 1858 2351 esset
1897 2287 2158 2352 solitus&

287 2395 629 2466 studioseque
662 2410 848 2448 eorum
876 2393 1040 2448 etiam
1073 2393 1318 2464 sepulcra
1356 2395 1771 2466 contemplabar.
1849 2397 2124 2453 Movemur
2151 2458 2153 2469 Ι

288 2497 432 2552 enim
478 2495 657 2549 nescio
695 2511 800 2565 quo
838 2499 993 2565 pacto
1032 2492 1162 2548 locis
1203 2494 1363 2565 ipsiS,
1403 2495 1458 2548 in
1498 2495 1694 2566 quibus
1734 2514 1950 2563 eorum,
1991 2515 2124 2570 quos

290 2596 565 2668 diligimus
604 2601 698 2651 aut
737 2594 1099 2658 admiramur,
1139 2594 1338 2650 adsunt
1368 2596 1612 2667 vestigia.
1690 2597 1795 2653 Nec
1817 2603 1838 2636 ⁴
1877 2600 2125 2672 sepulcra

289 2699 472 2770 legens
509 2697 760 2761 verebar,
812 2695 953 2768 quod
994 2696 1177 2760 aiunt,
1228 2713 1295 2750 ne
1334 2699 1650 2752 memoriam
1689 2699 1995 2770 perderem:
2037 2699 2132 2755 his*

291 2800 436 2855 enim
469 2798 600 2870 ipsis
620 2795 859 2867 legendis
881 2796 937 2850 in
958 2795 1274 2851 memoriam
1294 2796 1534 2851 redibam
1561 2805 1914 2855 mortuorum.
1999 2804 2133 2856 118.2

293 2900 600 2970 Venitque⁵
645 2896 780 2952 mihi
814 2895 1049 2952 Platonis
1083 2897 1138 2951 in
1178 2902 1440 2952 mentem:
1482 2915 1642 2969 quem
1681 2901 1987 2971 accepimus
2019 2902 2133 2973 pri-³

293 3016 445 3056 mum
483 2998 573 3053 hic
619 2997 893 3072 disputare
939 2996 1185 3051 solitum:
1241 2997 1398 3052 cuius
1444 2998 1607 3053 etiam
1653 2998 1730 3054 illi
1777 2999 1977 3054 hortuli
2021 2984 2141 3066 nont

294 3100 609 3155 memoriam
644 3097 815 3153 solum
847 3097 980 3151 mihi
1016 3096 1336 3162 afferebant,
1377 3098 1468 3152 sed
1510 3099 1687 3170 ipsum
1721 3100 2040 3155 videbantur
2074 3103 2128 3158 in

296 3207 584 3274 conspectu
637 3216 755 3253 meo
801 3215 1011 3272 ponere.
1093 3198 1190 3251 Hic
1233 3197 1589 3271 SpeusippuS,
1643 3198 1729 3253 hic
1777 3200 2128 3265 XenocrateS,

297 3301 385 3356 hic
420 3301 536 3354 eius
570 3299 783 3356 auditor
816 3298 1055 3364 Polemo,
1096 3299 1252 3353 cuius
1286 3299 1456 3370 ipsam
1491 3299 1637 3353 illam
1671 3301 1961 3355 sessionem
2000 3299 2133 3355 vidi4

362 3458 401 3514 ι)
426 3454 481 3501 ad
510 3456 603 3500 Att.
628 3457 662 3499 1.
693 3458 766 3500 17.
802 3458 886 3512 §5.
921 3482 977 3490 --
1013 3457 1052 3513 2)
1082 3452 1190 3499 lbid.
1223 3454 1317 3510 §6-
1345 3479 1403 3487 ——
1436 3454 1476 3512 5)
1506 3453 1560 3497 de
1580 3454 1724 3516 Legib.
1744 3459 1798 3500 11.
1831 3471 1867 3500 c.
1886 3459 1927 3501 2.
1957 3459 2040 3514 §AE
2074 3481 2132 3492 --

298 3535 341 3597 4)
372 3533 425 3578 de
440 3536 609 3579 Senect.
636 3548 673 3579 c.
695 3535 733 3576 7.
771 3533 887 3590 §21.
922 3561 980 3569 —
1013 3535 1054 3592 ⁵)
1084 3531 1137 3578 de
1166 3530 1307 3578 Finib.
1339 3535 1441 3579 Bon.
1466 3540 1510 3579 et
1537 3532 1633 3579 Mal.
1661 3537 1710 3581 V.
1743 3550 1778 3581 c.
1801 3538 1840 3580 1.
1869 3536 1953 3592 §2
