2210 3970
238 265 343 316 716
716 267 1044 307 ANNALES
1102 265 1614 303 clennoniani.

244 417 364 462 tum
406 406 659 458 horarum
695 396 982 453 numerum
1011 395 1372 456 contraxerit:
1412 411 1516 466 qua
1549 394 1666 466 lege
1697 396 1861 451 veluti
1902 397 2079 453 frenos

246 507 503 577 imposuit
556 500 917 572 eloquentiae,
959 513 1081 552 cum
1131 495 1354 548 armatis
1397 495 1511 568 ipse
1547 496 1856 567 praesidens
1894 498 2084 552 iudici-

244 606 364 660 bus.
406 622 493 657 vn.
533 620 579 657 e.
607 605 693 654 57.
739 603 828 654 99.

309 709 460 749 Ascon.
495 702 538 745 in
565 700 783 744 Milonian.
817 715 856 759 p.
877 703 954 743 37.
988 698 1227 758 Pompeius
1250 697 1304 741 ab
1327 698 1543 756 interrege
1572 698 1666 741 Ser.
1685 697 1887 758 Sulpicio
1913 710 1955 741 v.
1980 696 2080 741 Kal.

246 785 379 826 Mart.
412 795 556 823 mense
585 777 869 821 intercalario
899 779 980 835 [Σ
1005 779 1062 819 24
1094 775 1251 819 mensis
1287 775 1561 819 intercalaris
1592 778 1679 819 '702
1711 787 1772 822 Ξ
1807 780 1833 819 4
1865 775 1986 820 Febr.
2023 779 2082 819 52

246 879 283 907 a.
303 864 371 919 C.]
399 858 557 903 consul
576 864 750 901 creatus
767 863 858 910 est,
892 854 1133 912 statimque
1160 852 1439 896 consulatum
1462 854 1582 897 iniit.
1647 853 1817 896 Deinde
1833 861 1943 913 post
1969 852 2084 896 diem

247 939 431 983 tertium
464 937 514 993 [i.
534 952 569 978 e.
602 934 737 993 pridie
770 931 866 976 Kal.
904 935 1024 973 Mart.
1059 940 1115 975 Ξ
1147 932 1207 971 27
1234 928 1390 972 mensis
1421 929 1693 974 intercalaris
1726 941 1785 976 Ξ
1819 934 1847 974 7
1875 931 1997 975 Febr.
2024 933 2081 974 52

247 1034 284 1061 a.
311 1019 379 1074 C.]
428 1014 481 1057 de
509 1012 679 1072 legibus
711 1010 835 1052 notis
858 1006 1066 1066 ferendis
1098 1004 1288 1049 retulit:
1330 1005 1442 1048 duas
1470 1022 1526 1049 ex
1559 1007 1953 1052 Senatasconsulto
1979 1024 2084 1068 pro·

246 1093 496 1153 mulgavistt
531 1089 718 1133 alteram
752 1085 804 1128 de
831 1085 905 1138 vi,
940 1099 1029 1143 qua
1063 1082 1325 1126 nominatim
1353 1082 1526 1126 caedem
1559 1084 1606 1127 in
1639 1085 1785 1144 Appia
1812 1085 1885 1128 via
1902 1085 2084 1143 factam

248 1180 291 1214 et
330 1168 582 1213 incendium
613 1166 763 1209 cutiae
803 1171 843 1206 ct
885 1148 1057 1204 domum
1089 1163 1148 1204 M.
1180 1159 1340 1221 Lepidi
1371 1160 1560 1220 intera-eo
1541 1161 1607 1203 vis
1645 1170 1945 1221 oppugnatam
1971 1179 2084 1206 com·

239 1245 503 1309 prehendit,
537 1243 724 1287 alteram
748 1239 799 1283 de
822 1239 1020 1292 ambi5tu
1045 1253 1233 1298 poenam
1256 1237 1505 1298 graviorem
1528 1245 1572 1280 et
1587 1239 1787 1297 formam
1816 1241 2083 1285 iudiciorum

248 1325 516 1370 breviorem:
559 1328 749 1379 utraque
782 1318 895 1362 enim
931 1316 1003 1359 lex
1041 1317 1173 1376 prius
1205 1322 1341 1359 testes
1380 1313 1482 1358 dari
1509 1316 1608 1375 [per
1639 1318 1896 1379 triduum],
1929 1319 2084 1364 deinde

245 1419 333 1448 uiw
363 1402 433 1446 die
461 1408 593 1460 atque
622 1395 770 1440 eodem
797 1402 839 1438 et
868 1394 922 1437 ab
950 1402 1204 1438 accusatore
1233 1398 1277 1436 et
1302 1392 1356 1435 ab
1378 1407 1450 1435 reo
1469 1395 1681 1452 perorari
1705 1396 1906 1453 iubebat,
1940 1399 2009 1441 ita
2032 1405 2085 1442 ut

246 1482 360 1526 duae
390 1481 519 1523 horae
542 1475 822 1528 accusatori,
858 1482 947 1517 tres
972 1488 1043 1516 reo
1069 1472 1295 1516 darentur.
1360 1471 1445 1514 His
1476 1470 1646 1531 legibus
1669 1471 1880 1518 obsistere
1904 1477 1960 1518 M.
1981 1476 2082 1518 Cae-

245 1558 362 1614 lius,
412 1557 513 1600 trib.
541 1553 624 1615 pl„
659 1559 843 1597 conatus
878 1558 974 1604 est,
1011 1565 1100 1611 sqq.
1167 1549 1232 1594 ld.
1268 1565 1308 1609 p.
1328 1550 1399 1592 39.
1433 1547 1620 1592 Perlata
1652 1548 1806 1595 deinde
1835 1551 1927 1612 lege
1957 1554 2083 1597 Pom·

233 1638 360 1699 peii,
397 1636 443 1678 in
468 1650 556 1694 qua
580 1632 631 1676 id
660 1645 831 1692 quoque
859 1628 1076 1688 scriptum
1110 1634 1231 1683 erat,
1264 1635 1317 1671 ut
1353 1635 1562 1688 quaestor
1588 1629 1809 1690 suffragio
1835 1630 2000 1691 populi
2027 1648 2083 1677 ex

243 1716 328 1770 iis,
362 1714 442 1775 qui
474 1711 674 1755 consules
698 1710 918 1768 fuerant,
963 1713 1218 1761 crearetur,
1252 1721 1343 1767 sqq.
1422 1705 1484 1750 ld.
1517 1724 1557 1767 p.
1579 1710 1649 1751 40.
1685 1709 1842 1767 (Lex)
1874 1709 2082 1766 iubebat,

243 1801 295 1837 ut
312 1793 471 1854 prius,
506 1806 638 1850 quam
671 1803 831 1832 caussa
857 1790 1090 1845 ageretur,
1127 1790 1264 1826 testes
1287 1782 1598 1844 pertriduum
1631 1784 1920 1842 audirentur,
1961 1787 2083 1832 dicta

244 1886 392 1914 eorum
420 1868 591 1912 iudices
618 1866 961 1926 confirmarent,
995 1868 1158 1922 quarta
1186 1859 1258 1903 die
1286 1860 1440 1904 adesse
1468 1877 1614 1906 omnes
1641 1862 1689 1905 in
1717 1861 1831 1906 diem
1852 1871 2083 1923 posterum

243 1948 528 2001 iuberentur,
563 1962 613 1989 ac
642 1961 786 1988 coram
813 1948 1068 1986 accusatore
1097 1955 1147 1982 ac
1180 1954 1252 1982 reo
1273 1937 1399 1998 pilae
1417 1971 1430 1991 ‚
1475 1940 1525 1982 in
1556 1939 1718 1999 quibus
1749 1942 1926 1985 nomina
1962 1943 2081 1987 iudi·

245 2042 344 2070 cum
376 2025 595 2083 inscripta
618 2029 785 2074 essent,
820 2026 1117 2080 aequarentur
1134 2039 1150 2071 ;
1183 2017 1283 2060 (lein
1311 2032 1471 2060 rursus
1492 2024 1678 2076 postera
1705 2018 1776 2061 die
1803 2021 1981 2064 sortitio
2011 2021 2082 2066 iu-

243 2104 391 2147 dicum
411 2102 570 2163 fieret,
615 2101 750 2143 unius
783 2105 825 2141 et
859 2095 1112 2155 octoginta5
1144 2094 1225 2154 qui
1255 2109 1464 2138 numerus
1497 2111 1634 2155 quum
1672 2103 1791 2140 sorte
1818 2097 2080 2158 obtigisset,

244 2182 337 2242 ipsi
357 2181 565 2241 protinus
590 2194 760 2222 sessum
784 2177 899 2220 irent
913 2197 928 2229 ;
962 2182 1055 2218 tum
1083 2172 1145 2215 ad
1165 2171 1393 2215 dicendum
1419 2180 1651 2216 accusator
1668 2174 1781 2218 duas
1799 2176 1951 2233 horas,
1982 2194 2084 2222 reus

244 2268 335 2304 tres
366 2258 570 2314 haberet,
618 2271 806 2316 reusque
838 2253 984 2297 eodem
1014 2253 1084 2297 die
1116 2252 1197 2296 illo
1220 2251 1528 2304 iudicaretur,-
1551 2252 1688 2311 prius
1731 2261 1905 2310 autem,
1950 2272 2084 2316 quam

244 2338 490 2382 sententiae
507 2336 775 2394 ferrentur,
819 2333 979 2394 quinos
1008 2349 1061 2375 ex
1099 2332 1296 2393 singulis
1329 2329 1560 2375 ordinibus
1592 2339 1856 2388 accusator,
1899 2333 2083 2378 totidem

245 2430 349 2459 reus
381 2415 610 2465 reiiceret,
656 2414 724 2455 ita
773 2419 824 2455 ut
857 2426 1066 2454 numerus
1098 2409 1297 2454 iudicum
1330 2409 1687 2469 relinqueretur,
1734 2410 1813 2470 qui
1839 2412 2084 2456 sententias

237 2495 446 2553 ferrent,
480 2490 810 2552 quinquaginta
843 2496 887 2532 et
919 2504 1047 2532 unus.
1113 2488 1198 2531 Cic.
1216 2488 1269 2532 ad
1289 2492 1501 2531 Athxln.
1535 2489 1606 2530 49.
1630 2491 1668 2531 1.
1704 2488 1805 2530 Scis
1829 2489 1944 2532 enim
1968 2489 2084 2551 (lege

246 2570 480 2630 Pompeia)
518 2568 612 2611 dies
645 2565 827 2610 illorum
859 2565 1126 2609 iudiciorum
1157 2566 1455 2625 praestitutos
1478 2564 1650 2623 fuisse.
1716 2563 1831 2608 Conf.
1861 2565 1914 2609 de
1942 2566 2082 2611 Finib.

249 2653 297 2694 B.
325 2655 369 2691 et
394 2649 444 2689 M.
478 2658 542 2689 iv.
573 2660 607 2688 c.
627 2647 668 2687 1.
703 2648 743 2688 1.
809 2644 971 2704 Dialog.
1000 2643 1054 2687 de
1086 2646 1204 2687 Orat.
1237 2659 1273 2687 c.
1295 2646 1366 2686 38.
1407 2645 1595 2686 Transeo
1618 2640 1888 2699 adformam
1915 2651 1959 2687 et
1986 2660 2086 2688 σου·

243 2725 523 2771 suetudinem
555 2731 749 2767 veterum
771 2720 1062 2773 iudiciorum,
1095 2736 1208 2781 quae
1238 2721 1326 2764 etsi
1352 2737 1467 2764 nunc
1496 2721 1645 2780 aptior
1674 2726 1740 2762 est
1758 2721 1963 2776 veritati,
1997 2722 2084 2765 elo-

243 2807 472 2870 quentiam
500 2811 646 2847 tamen
676 2800 799 2845 illud
819 2799 980 2859 forum
1007 2798 1152 2858 magis
1182 2797 1439 2854 exercebat,
1472 2799 1521 2842 in
1555 2812 1641 2859 quo
1673 2813 1795 2840 nemo
1823 2797 1945 2841 intra
1970 2815 2085 2860 pau-

245 2887 452 2932 cissimas
485 2882 616 2925 horas
639 2895 853 2940 perorare
885 2876 1142 2938 cogebatur,
1178 2882 1221 2918 et
1245 2874 1408 2919 liberae
1436 2874 1912 2936 comperendinationes
1937 2885 2084 2934 erant,

246 2973 291 3010 et
324 2962 501 3008 modum
533 2958 710 3003 dicendi
740 2957 829 3000 sibi
857 2956 1046 3016 quisque
1078 2952 1307 3009 sumebat,
1343 2960 1386 2997 et
1412 2968 1621 2997 numerus
1647 2968 1785 3013 neque
1811 2952 1981 2997 dierum
2012 2971 2082 2999 ne·

246 3062 331 3107 que
354 3051 648 3106 patronorum
682 3033 935 3091 finiebatur.
1001 3031 1187 3074 Primus
1227 3031 1331 3075 llaec
1367 3032 1500 3076 tertio
1530 3029 1768 3075 consulatu
1808 3032 1879 3076 Cn.
1898 3032 2079 3092 Pompe-

244 3126 319 3169 ius
346 3121 564 3167 astrinxit
589 3113 889 3177 imposuitque
916 3108 1057 3152 ieluti
1068 3108 1232 3166 frenos
1258 3098 1557 3169 eloquentiae,
1588 3109 1658 3152 ita
1686 3116 1831 3152 tamen
1854 3116 1907 3152 ut
1933 3110 2081 3154 omnia

239 3205 292 3247 in
316 3203 457 3261 foro,
504 3197 649 3242 omnia
689 3189 889 3254 leqibuS,
934 3186 1082 3229 omnia
1115 3186 1239 3245 apud
1270 3196 1506 3247 praetores
1541 3193 1813 3248 gererentur.
1897 3187 1973 3231 Dio
2010 3201 2079 3232 11..

245 3284 379 3325 c.52.
408 3283 448 3322 1.
495 3279 562 3321 Τά
597 3269 889 3328 δικαστήρια
920 3263 1265 3326 ἀκριβέστερον
1298 3265 1352 3310 ἐκ
1386 3266 1479 3311 τῶν
1508 3270 1593 3312 τοῦ
1627 3267 1889 3324 Πομπηίου
1916 3268 2079 3324 νόμων

243 3356 501 3420 συνήγετο.
538 3358 719 3403 πάντας
749 3367 798 3395 τε
828 3351 914 3413 γάρ
942 3347 1058 3397 τούς
1080 3345 1281 3407 ἄνδρας,
1315 3345 1366 3397 ἐξ
1400 3335 1465 3391 ὧν
1500 3347 1618 3397 τούς
1644 3345 1936 3401 δικάσοντας
1957 3344 2080 3390 ἀπο-

240 3439 547 3498 κληροὺσθαι
590 3432 716 3487 ἔδει,
759 3427 907 3479 αὐτὸς
932 3423 1213 3487 ἐπελέγετο,
1251 3429 1329 3471 καὶ
1378 3424 1459 3470 τὸν
1498 3425 1590 3470 τῶν
1631 3425 2078 3486 συναγορευσάντων

236 3516 446 3578 ἑκατέρῳ
479 3513 702 3579 τῷμὲρει
733 3507 950 3572 ἀριθμὸν
971 3506 1170 3570 ὥρισεν,
1203 3503 1326 3551 ὥστε
1346 3507 1410 3565 μή
1430 3504 1523 3550 ὑπὸ
1553 3507 1642 3551 τοῦ
1669 3506 1890 3565 πλῃθους
1919 3503 2079 3551 αὐτῶν
