2210 3970
254 252 358 302 700
446 255 452 264 '
712 263 1039 299 ANNALES
1097 262 1608 299 CICERONIANI.

249 394 517 448 hominem
554 391 908 455 Gaditanum,
951 407 1116 461 quum
1150 408 1180 444 a
1214 391 1464 462 Pompeio
1504 392 1620 462 lege
1660 391 1828 446 Gellia
1865 399 1916 446 ct
1951 393 2073 447 Cor·

250 494 389 548 nelia
429 493 496 566 (v.
521 492 586 545 ad
608 509 656 547 a.
684 496 809 545 682.
843 490 914 564 2.)
959 492 1175 545 civitate
1204 491 1432 546 donatus
1466 499 1633 556 esset,
1675 499 1952 546 accusator
1984 510 2073 546 ne-

251 599 468 664 gaverat
533 593 650 645 iure
707 600 759 644 et
807 598 951 644 recte
1005 591 1260 645 donatum
1317 609 1431 646 esse
1490 593 1724 647 civitate.
1822 591 2075 646 Eiusdem

253 694 400 749 Balbi
446 693 801 764 patrocinium
839 699 1184 763 susceperant
1226 693 1293 747 M.
1317 694 1538 748 Crassus
1573 700 1625 748 et
1658 694 1750 748 Cn.
1780 692 2079 764 Pompeiusi

254 814 287 859 1.
332 799 491 849 c.11.
537 797 623 848 28.
666 811 737 847 vl.
782 811 826 846 c.
852 797 938 846 25.
973 781 1084 848 56.>
1496 797 1498 799 ’

320 893 551 939 Ruhnken.
586 893 639 936 ad
674 891 787 942 Vell.
822 905 873 936 11.
906 907 940 935 e.
961 895 1032 935 51.
1070 909 1108 951 p.
1128 894 1230 935 249.
1279 909 1304 934 ))
1321 894 1413 936 Duo
1443 895 1485 936 L.
1505 891 1688 936 Cornelii
1718 890 1842 935 Balbi
1874 890 2082 946 fuerunt,

262 980 451 1031 uterque
478 969 743 1024 Gaditanus,
777 977 820 1013 et
853 969 1029 1012 civitate
1057 956 1251 1013 Romana
1277 970 1484 1025 donatus,
1518 986 1707 1031 quorum
1735 969 1846 1014 alter
1869 970 1998 1014 Maior
2019 969 2084 1013 di-

258 1050 407 1102 citur,
458 1047 594 1103 alter,
628 1063 678 1091 ex
711 1047 875 1092 Maioris
908 1045 1042 1091 fratre
1074 1054 1234 1101 natus,
1283 1047 1429 1091 Minor.
1494 1052 1641 1105 Quos,
1682 1065 1770 1092 non
1801 1048 1965 1092 mirum
1993 1056 2086 1104 est,

257 1127 292 1171 si
322 1126 577 1170 recentiores
611 1124 914 1180 confuderint,
947 1143 1087 1186 quum
1121 1142 1175 1170 ne
1212 1127 1404 1172 Velleius
1438 1127 1615 1189 quidem
1649 1141 1716 1170 eos
1757 1127 1860 1171 satis
1890 1133 2090 1171 accurate

258 1204 532 1258 distinxerit,
570 1212 621 1248 ut
649 1207 868 1248 Puteanus
895 1203 947 1248 ad
975 1203 1017 1248 h.
1036 1204 1066 1248 l.
1101 1213 1144 1247 et
1175 1204 1335 1249 Bailius
1366 1205 1516 1264 Lexico
1541 1204 1650 1248 nist.
1686 1211 1731 1248 et
1756 1203 1859 1248 Crit.
1889 1220 1926 1247 ν.
1950 1202 2089 1247 Balbe

257 1281 554 1327 ostenderunt.
620 1281 776 1326 Maior
809 1280 958 1325 consul
982 1281 1192 1330 suffectus
1219 1282 1305 1327 fuit
1328 1298 1364 1327 a.
1381 1285 1433 1327 U.
1456 1285 1499 1326 C.
1526 1285 1628 1326 713.
1657 1281 1754 1325 vide
1778 1282 1955 1325 Dionem
1979 1285 2088 1326 Cass.

261 1374 428 1406 XLVHI.
464 1378 502 1420 p.
521 1363 623 1405 549.
652 1367 696 1402 et
727 1358 927 1406 tabulam
956 1359 1220 1404 Colotianam
1248 1361 1363 1421 apud
1389 1364 1628 1405 Gruterum
1660 1376 1697 1419 p.
1716 1361 1820 1404 298.
1884 1359 2088 1404 Eiusdem

261 1439 427 1493 mentio
459 1446 523 1482 est
551 1439 596 1486 in
629 1437 771 1498 lapide
793 1437 908 1497 apud
935 1439 1221 1482 Muratorium
1248 1455 1285 1498 p.
1303 1439 1406 1482 293.
1476 1437 1640 1482 Consul
1664 1446 1811 1482 autem
1833 1437 1996 1495 factus
2023 1445 2092 1482 est

261 1534 316 1561 ea·
339 1517 547 1577 privato,
584 1524 634 1560 ut
663 1515 853 1559 Velleius
882 1515 961 1559 ait.
1026 1520 1146 1574 Quae
1176 1515 1328 1569 verba,
1363 1533 1386 1560 a
1416 1515 1517 1560 viris
1545 1517 1680 1561 doctis
1707 1503 1888 1560 mirifice
1916 1523 2091 1572 vexata,

262 1594 323 1640 sie
349 1594 572 1654 intellige:
609 1594 769 1637 Consul
801 1592 942 1637 factus
975 1602 1040 1637 est
1073 1611 1122 1638 ex
1154 1609 1234 1650 eo,
1281 1595 1358 1656 qui
1390 1610 1619 1656 nunquam
1648 1592 1964 1656 rempublicam
1989 1594 2093 1639 atti-

262 1672 423 1732 gisset,
461 1671 611 1716 nullos
645 1688 841 1733 unquam
871 1671 1050 1717 honores
1077 1673 1285 1733 gessisset.
1319 1699 1377 1707 -
1412 1673 1460 1716 ld
1494 1671 1699 1716 historiae
1730 1673 1951 1731 congruit,
1984 1689 2096 1735 quae

264 1766 349 1793 non
401 1750 484 1794 nisi
525 1749 817 1810 praefecturae
858 1749 1064 1807 fabrum,
1108 1768 1194 1813 qua
1237 1751 1283 1794 in
1328 1750 1514 1795 Caesaris
1556 1749 1748 1794 exercitu
1788 1748 1968 1794 functus
2001 1759 2096 1806 est,

267 1828 535 1884 mentionem
564 1825 685 1872 facit.
766 1828 875 1881 Vide
907 1829 1152 1873 Ciceronem
1186 1829 1381 1873 oratione
1414 1844 1490 1889 pro
1518 1827 1664 1872 eodem
1704 1844 1740 1872 c.
1764 1831 1838 1872 28.
1869 1832 1940 1872 63.
1978 1829 2101 1886 Quid

270 1907 383 1950 euim
413 1914 505 1962 est,
539 1923 618 1950 cur
646 1921 731 1949 nou
750 1907 909 1966 potius
937 1907 997 1949 acl
1021 1923 1235 1953 summam
1265 1906 1437 1951 laudem
1466 1906 1592 1960 huic,
1625 1922 1758 1966 quam
1781 1904 1843 1948 ad
1870 1906 2097 1951 minimam

259 1985 509 2045 fraudem,
562 1986 765 2028 Caesaris
788 1985 1098 2043 familiaritas
1129 1984 1274 2029 valere
1311 1984 1506 2028 debeat?
1574 1983 1783 2044 Cognovit
1813 1981 2097 2029 adolescens}

262 2063 445 2125 placuit
470 2063 637 2107 homini
665 2063 1014 2123 prudentissimo
1029 2084 1046 2116 ,-
1077 2063 1125 2106 iu
1151 2078 1323 2106 summa
1350 2062 1590 2105 amicorum
1617 2061 1745 2120 copia
1775 2077 1874 2105 cum
1886 2060 2098 2121 familia-

271 2142 469 2185 rissimis
514 2141 610 2184 eius
644 2147 712 2184 est
743 2140 1033 2201 adaequatus.
1100 2142 1154 2184 In
1178 2147 1426 2202 praetura,
1474 2140 1522 2182 in
1554 2139 1790 2184 consulatu
1819 2142 2100 2201 praefectum

265 2219 458 2277 fabrum
486 2218 678 2273 ‹letulit5
724 2219 958 2263 consilium
990 2219 1178 2263 hominis
1198 2218 1429 2279 probavit,
1454 2216 1599 2279 fidem
1625 2225 1694 2262 est
1719 2219 1997 2279 complexus:
2030 2221 2103 2279 of-

267 2297 386 2359 ficia
413 2298 819 2360 observantiamque
853 2297 1028 2341 dilexit.
1093 2298 1202 2340 Fuit
1242 2296 1311 2339 hic
1343 2294 1586 2339 multorum
1618 2294 1694 2339 illi
1730 2295 1925 2341 laborum
1957 2299 2104 2342 socius

276 2375 530 2437 aliquando.
595 2377 780 2437 Insignis
804 2376 857 2420 de
873 2375 951 2420 illo
969 2375 1087 2418 locus
1111 2382 1174 2418 est
1195 2373 1320 2418 Plinii
1339 2377 1388 2419 H.
1406 2377 1455 2419 N.
1474 2388 1558 2419 vn.
1586 2390 1621 2418 c.
1643 2367 1715 2418 43.
1750 2375 1857 2418 Fuit
1873 2382 1917 2418 et
1933 2374 2106 2425 Balbus

284 2453 511 2509 Cornelius
544 2455 687 2498 Maior
709 2455 887 2511 consul,
922 2454 1001 2498 secl
1026 2448 1288 2502 accusatus,
1324 2461 1458 2513 atque
1486 2451 1538 2496 de
1563 2451 1661 2496 iure
1686 2452 1911 2512 virgarum
1929 2453 1978 2497 in
2008 2470 2107 2498 eum

279 2531 497 2575 iudicium
537 2532 584 2575 in
626 2534 862 2578 consillum
910 2535 1128 2576 missum:
1158 2531 1338 2590 primus
1381 2538 1660 2574 eoeteruorum
1705 2537 1839 2591 atque
1878 2532 2012 2574 etiam
2059 2533 2109 2576 in

287 2610 455 2664 Oceano
485 2611 737 2670 genitorum
764 2627 876 2661 usus
908 2611 989 2654 illo
1024 2610 1212 2661 honore,
1246 2623 1374 2669 quem
1406 2607 1595 2651 maiores
1627 2608 1758 2650 Latio
1780 2623 1951 2668 quoque
1977 2626 2107 2671 nega-

283 2695 452 2732 verant.
518 2688 682 2731 Minor
713 2688 874 2732 Balbus
902 2688 987 2733 fuit
1018 2696 1219 2754 quaestor
1253 2686 1390 2731 Asinii
1420 2686 1617 2730 Pollionis
1655 2686 1703 2729 in
1735 2685 1965 2746 Hispania,
2011 2705 2113 2734 mox

278 2780 320 2810 a.
339 2768 448 2811 U.'C.
471 2769 570 2811 734.
605 2782 680 2826 pro
712 2766 888 2810 consule
906 2765 1072 2810 Africae
1096 2765 1148 2809 de
1166 2765 1502 2817 Garamantibus
1521 2763 1837 2826 triumphavit3
1866 2781 1943 2810 nec
1961 2774 2110 2812 tamen

285 2843 340 2889 ad
372 2844 648 2890 consulatum
693 2845 933 2906 pervenisse
965 2843 1184 2888 videtin-.”
1227 2851 1308 2888 cet.
1383 2844 1466 2889 Cic.
1495 2861 1572 2906 pro
1603 2843 1737 2889 Balbo
1769 2858 1805 2886 c.
1836 2846 1876 2887 1.
1906 2846 1951 2888 2.
1989 2845 2112 2903 Quae

277 2923 431 2995 suerit
465 2922 662 2967 hesterno
696 2922 767 2968 die
799 2924 871 2967 Cn.
904 2921 1107 2982 Pompeii
1130 2922 1333 2981 gravitas
1358 2922 1407 2966 in
1433 2921 1635 2978 dicendo,
1667 2920 1862 2970 iudices,
1898 2938 2010 2984 quae
2027 2921 2112 2984 sa-

290 3002 467 3057 cultas,
503 3019 615 3063 quae
644 3003 801 3063 copia,
833 3017 919 3053 uon
946 3000 1148 3060 opinione
1177 3001 1317 3045 tacita
1334 3008 1578 3045 vestrorum
1604 2999 1875 3054 animorum,
1907 2999 1988 3043 sed
2006 3017 2111 3061 per-

287 3082 444 3141 spicua
476 3080 768 3124 admiratione
786 3078 1004 3123 declarari
1019 3078 1260 3128 videbatur.
1310 3078 1421 3123 lbid.
1454 3095 1490 3124 c.
1514 3082 1585 3123 22.
1606 3081 1678 3123 50.
1716 3076 1870 3135 Quid?
1903 3077 1999 3134 hic,
2032 3080 2113 3139 qui

290 3153 446 3212 aclest,
492 3175 518 3201 a
547 3174 631 3219 quo
666 3158 799 3213 llaec,
832 3173 945 3218 quae
978 3172 1054 3217 ego
1083 3173 1197 3200 nunc
1224 3172 1464 3216 percurro,
1511 3156 1804 3206 subtilissime
1835 3165 1941 3202 sunt
1966 3161 2113 3203 omnia

281 3238 534 3300 perpolita,
566 3239 625 3280 M.
659 3238 873 3290 Crassus,
908 3251 993 3278 non
1024 3233 1344 3284 Aletrinensem
1367 3233 1654 3291 foederatam
1680 3236 1861 3280 civitate
1894 3235 2111 3281 donavit?

289 3307 349 3361 De
382 3321 553 3361 Crasso
594 3322 774 3376 patrono
803 3312 912 3358 conf.
946 3317 1096 3374 Meyer.
1132 3314 1250 3357 Orat.
1281 3315 1402 3358 Rom.
1435 3315 1603 3374 Fragm.
1637 3327 1755 3359 LXXI.
1785 3317 1826 3360 2.
1862 3331 1900 3375 p.
1930 3317 2032 3360 384.
2059 3315 2112 3366 de

284 3396 525 3454 Pompeio
558 3406 718 3437 rxxm.
755 3395 794 3437 4.
830 3409 867 3453 p.
896 3394 996 3435 392.

363 3497 446 3571 (¹2)
490 3496 671 3556 Cicero
705 3494 981 3570 epistolam
1020 3493 1186 3557 mittit
1226 3492 1290 3554 ad
1318 3493 1372 3548 L.
1405 3494 1722 3559 Lucceium,
1765 3495 2107 3560 historiarum
