<?xml version="1.0" encoding="UTF-8"?>
<!DOCTYPE html PUBLIC "-//W3C//DTD XHTML 1.0 Transitional//EN"
    "http://www.w3.org/TR/xhtml1/DTD/xhtml1-transitional.dtd">
<html xmlns="http://www.w3.org/1999/xhtml" xml:lang="en" lang="en">
 <head>
  <title>
</title>
<meta http-equiv="Content-Type" content="text/html;charset=utf-8" />
  <meta name='ocr-system' content='tesseract 3.04.00' />
  <meta name='ocr-capabilities' content='ocr_page ocr_carea ocr_par ocr_line ocrx_word'/>
</head>
<body>
  <div class='ocr_page' id='page_1' title='image "./mtulliiciceronis00suriuoft/mtulliiciceronis00suriuoft_0238.png"; bbox 0 0 2150 3990; ppageno 0'>
   <div class='ocr_carea' id='block_1_1' title="bbox 237 247 1478 298">
    <p class='ocr_par' dir='ltr' id='par_1_1' title="bbox 237 247 1478 298">
     <span class='ocr_line' id='line_1_1' title="bbox 237 247 1478 298; baseline -0.001 -2"><span class='ocrx_word' id='word_1_1' title='bbox 237 247 344 298; x_wconf 68' lang='lat'>220</span> <span class='ocrx_word' id='word_1_2' title='bbox 844 255 1052 298; x_wconf 67' lang='lat' dir='ltr'>menno</span> <span class='ocrx_word' id='word_1_3' title='bbox 1090 259 1159 297; x_wconf 83' lang='lat' dir='ltr'>DE</span> <span class='ocrx_word' id='word_1_4' title='bbox 1203 258 1335 297; x_wconf 69' lang='lat' dir='ltr'>viu</span> <span class='ocrx_word' id='word_1_5' title='bbox 1376 258 1478 296; x_wconf 64' lang='lat' dir='ltr'>sm</span> 
     </span>
    </p>
   </div>
   <div class='ocr_carea' id='block_1_2' title="bbox 232 387 2054 764">
    <p class='ocr_par' dir='ltr' id='par_1_2' title="bbox 232 387 2054 764">
     <span class='ocr_line' id='line_1_2' title="bbox 232 387 2047 466; baseline -0.002 -19"><span class='ocrx_word' id='word_1_6' title='bbox 232 394 343 458; x_wconf 82' lang='lat' dir='ltr'>his,</span> <span class='ocrx_word' id='word_1_7' title='bbox 383 394 435 447; x_wconf 88' lang='lat' dir='ltr'>vi</span> <span class='ocrx_word' id='word_1_8' title='bbox 476 391 767 466; x_wconf 86' lang='lat' dir='ltr'>depellunt:</span> <span class='ocrx_word' id='word_1_9' title='bbox 823 393 1039 449; x_wconf 86' lang='lat' dir='ltr'>caedem</span> <span class='ocrx_word' id='word_1_10' title='bbox 1079 394 1133 447; x_wconf 90' lang='lat' dir='ltr'>in</span> <span class='ocrx_word' id='word_1_11' title='bbox 1175 392 1286 448; x_wconf 89' lang='lat' dir='ltr'>foro</span> <span class='ocrx_word' id='word_1_12' title='bbox 1325 391 1613 447; x_wconf 83' lang='lat' dir='ltr'>maximam</span> <span class='ocrx_word' id='word_1_13' title='bbox 1650 387 1884 444; x_wconf 81' lang='lat' dir='ltr'>faciunt:</span> <span class='ocrx_word' id='word_1_14' title='bbox 1934 391 2047 444; x_wconf 89' lang='lat' dir='ltr'>uni-</span> 
     </span>
     <span class='ocr_line' id='line_1_3' title="bbox 232 488 2048 566; baseline -0.002 -20"><span class='ocrx_word' id='word_1_15' title='bbox 232 493 478 565; x_wconf 86' lang='lat' dir='ltr'>versique</span> <span class='ocrx_word' id='word_1_16' title='bbox 516 492 788 548; x_wconf 85' lang='lat' dir='ltr'><strong>destrictis</strong></span> <span class='ocrx_word' id='word_1_17' title='bbox 827 494 1018 566; x_wconf 78' lang='lat' dir='ltr'>gladiis</span> <span class='ocrx_word' id='word_1_18' title='bbox 1051 499 1105 548; x_wconf 92' lang='lat' dir='ltr'>et</span> <span class='ocrx_word' id='word_1_19' title='bbox 1143 493 1382 548; x_wconf 89' lang='lat' dir='ltr'>cruentis</span> <span class='ocrx_word' id='word_1_20' title='bbox 1422 492 1476 544; x_wconf 93' lang='lat' dir='ltr'>in</span> <span class='ocrx_word' id='word_1_21' title='bbox 1517 489 1764 545; x_wconf 93' lang='lat' dir='ltr'>omnibus</span> <span class='ocrx_word' id='word_1_22' title='bbox 1798 488 1897 542; x_wconf 86' lang='lat' dir='ltr'>sori</span> <span class='ocrx_word' id='word_1_23' title='bbox 1933 506 2048 560; x_wconf 87' lang='lat' dir='ltr'>par-</span> 
     </span>
     <span class='ocr_line' id='line_1_4' title="bbox 235 588 2054 664; baseline -0.003 -17"><span class='ocrx_word' id='word_1_24' title='bbox 235 593 415 658; x_wconf 79' lang='lat' dir='ltr'>tibus,</span> <span class='ocrx_word' id='word_1_25' title='bbox 456 591 676 647; x_wconf 82' lang='lat' dir='ltr'>fratrem</span> <span class='ocrx_word' id='word_1_26' title='bbox 703 610 914 658; x_wconf 91' lang='lat' dir='ltr'>meum,</span> <span class='ocrx_word' id='word_1_27' title='bbox 953 594 1130 647; x_wconf 89' lang='lat' dir='ltr'>virum</span> <span class='ocrx_word' id='word_1_28' title='bbox 1171 594 1462 664; x_wconf 91' lang='lat' dir='ltr'>optimum,</span> <span class='ocrx_word' id='word_1_29' title='bbox 1501 590 1670 645; x_wconf 88' lang='lat' dir='ltr'>oculis</span> <span class='ocrx_word' id='word_1_30' title='bbox 1702 588 2054 661; x_wconf 81' lang='lat' dir='ltr'><strong>quaerebant,</strong></span> 
     </span>
     <span class='ocr_line' id='line_1_5' title="bbox 236 686 2054 764; baseline -0.003 -18"><span class='ocrx_word' id='word_1_31' title='bbox 236 710 362 748; x_wconf 91' lang='lat' dir='ltr'>voce</span> <span class='ocrx_word' id='word_1_32' title='bbox 400 692 703 764; x_wconf 88' lang='lat' dir='ltr'>poscebant.</span> <span class='ocrx_word' id='word_1_33' title='bbox 782 692 1022 759; x_wconf 85' lang='lat' dir='ltr'>Quorum</span> <span class='ocrx_word' id='word_1_34' title='bbox 1058 691 1151 746; x_wconf 84' lang='lat' dir='ltr'>&#39;ille</span> <span class='ocrx_word' id='word_1_35' title='bbox 1183 690 1304 745; x_wconf 89' lang='lat' dir='ltr'>telis</span> <span class='ocrx_word' id='word_1_36' title='bbox 1341 691 1571 746; x_wconf 83' lang='lat' dir='ltr'>libenter</span> <span class='ocrx_word' id='word_1_37' title='bbox 1608 705 1802 761; x_wconf 90' lang='lat' dir='ltr'>corpus</span> <span class='ocrx_word' id='word_1_38' title='bbox 1835 686 2054 742; x_wconf 90' lang='lat' dir='ltr'>obtulis-</span> 
     </span>
    </p>
   </div>
   <div class='ocr_carea' id='block_1_3' title="bbox 103 789 2057 861">
    <p class='ocr_par' dir='ltr' id='par_1_3' title="bbox 103 789 2057 861">
     <span class='ocr_line' id='line_1_6' title="bbox 103 789 2057 861; baseline -0.004 -12"><span class='ocrx_word' id='word_1_39' title='bbox 103 815 114 820; x_wconf 89' lang='lat'><strong>·</strong></span> <span class='ocrx_word' id='word_1_40' title='bbox 192 799 320 848; x_wconf 60' lang='lat' dir='ltr'>„set</span> <span class='ocrx_word' id='word_1_41' title='bbox 352 808 541 856; x_wconf 89' lang='lat' dir='ltr'>suum,</span> <span class='ocrx_word' id='word_1_42' title='bbox 581 792 685 846; x_wconf 90' lang='lat' dir='ltr'>nisi</span> <span class='ocrx_word' id='word_1_43' title='bbox 719 807 873 845; x_wconf 90' lang='lat' dir='ltr'>suam</span> <span class='ocrx_word' id='word_1_44' title='bbox 911 791 1078 845; x_wconf 88' lang='lat' dir='ltr'>vitam</span> <span class='ocrx_word' id='word_1_45' title='bbox 1118 789 1184 844; x_wconf 89' lang='lat' dir='ltr'>ad</span> <span class='ocrx_word' id='word_1_46' title='bbox 1223 806 1372 861; x_wconf 90' lang='lat' dir='ltr'>spem</span> <span class='ocrx_word' id='word_1_47' title='bbox 1410 791 1516 845; x_wconf 92' lang='lat' dir='ltr'>mei</span> <span class='ocrx_word' id='word_1_48' title='bbox 1555 789 1763 845; x_wconf 86' lang='lat' dir='ltr'>reditus</span> <span class='ocrx_word' id='word_1_49' title='bbox 1794 803 2057 842; x_wconf 85' lang='lat' dir='ltr'>reservas-</span> 
     </span>
    </p>
   </div>
   <div class='ocr_carea' id='block_1_4' title="bbox 235 886 2066 1464">
    <p class='ocr_par' dir='ltr' id='par_1_4' title="bbox 235 886 2066 1464">
     <span class='ocr_line' id='line_1_7' title="bbox 239 886 2059 947; baseline -0.003 0"><span class='ocrx_word' id='word_1_50' title='bbox 239 898 337 947; x_wconf 91' lang='lat' dir='ltr'>set.</span> <span class='ocrx_word' id='word_1_51' title='bbox 417 891 593 946; x_wconf 89' lang='lat' dir='ltr'>Subiit</span> <span class='ocrx_word' id='word_1_52' title='bbox 627 896 804 944; x_wconf 88' lang='lat' dir='ltr'>tamen</span> <span class='ocrx_word' id='word_1_53' title='bbox 845 889 954 943; x_wconf 87' lang='lat' dir='ltr'>vim</span> <span class='ocrx_word' id='word_1_54' title='bbox 987 888 1133 942; x_wconf 91' lang='lat' dir='ltr'>illam</span> <span class='ocrx_word' id='word_1_55' title='bbox 1173 887 1434 944; x_wconf 80' lang='lat' dir='ltr'>nefariam</span> <span class='ocrx_word' id='word_1_56' title='bbox 1466 889 1948 944; x_wconf 83' lang='lat' dir='ltr'>consceleratorum</span> <span class='ocrx_word' id='word_1_57' title='bbox 1987 886 2059 941; x_wconf 88' lang='lat' dir='ltr'>la-</span> 
     </span>
     <span class='ocr_line' id='line_1_8' title="bbox 235 985 2059 1062; baseline -0.002 -17"><span class='ocrx_word' id='word_1_58' title='bbox 235 998 452 1046; x_wconf 90' lang='lat' dir='ltr'>tronum</span> <span class='ocrx_word' id='word_1_59' title='bbox 486 997 567 1054; x_wconf 91' lang='lat' dir='ltr'>et,</span> <span class='ocrx_word' id='word_1_60' title='bbox 619 1005 787 1062; x_wconf 89' lang='lat' dir='ltr'>quum</span> <span class='ocrx_word' id='word_1_61' title='bbox 826 988 893 1044; x_wconf 92' lang='lat' dir='ltr'>ad</span> <span class='ocrx_word' id='word_1_62' title='bbox 928 987 1111 1044; x_wconf 82' lang='lat' dir='ltr'>fratris</span> <span class='ocrx_word' id='word_1_63' title='bbox 1143 988 1371 1043; x_wconf 88' lang='lat' dir='ltr'>salutem</span> <span class='ocrx_word' id='word_1_64' title='bbox 1411 1004 1442 1044; x_wconf 90' lang='lat' dir='ltr'>a</span> <span class='ocrx_word' id='word_1_65' title='bbox 1475 987 1668 1061; x_wconf 89' lang='lat' dir='ltr'>populo</span> <span class='ocrx_word' id='word_1_66' title='bbox 1706 989 1943 1043; x_wconf 86' lang='lat' dir='ltr'>Romano</span> <span class='ocrx_word' id='word_1_67' title='bbox 1974 985 2059 1041; x_wconf 92' lang='lat' dir='ltr'>de-</span> 
     </span>
     <span class='ocr_line' id='line_1_9' title="bbox 235 1087 2063 1162; baseline -0.002 -19"><span class='ocrx_word' id='word_1_68' title='bbox 235 1088 557 1162; x_wconf 80' lang='lat' dir='ltr'>precandam</span> <span class='ocrx_word' id='word_1_69' title='bbox 613 1089 883 1154; x_wconf 85' lang='lat' dir='ltr'>venisset,</span> <span class='ocrx_word' id='word_1_70' title='bbox 942 1088 1130 1161; x_wconf 89' lang='lat' dir='ltr'>pulsus</span> <span class='ocrx_word' id='word_1_71' title='bbox 1180 1106 1210 1144; x_wconf 90' lang='lat' dir='ltr'>e</span> <span class='ocrx_word' id='word_1_72' title='bbox 1254 1089 1448 1144; x_wconf 87' lang='lat' dir='ltr'>rostris</span> <span class='ocrx_word' id='word_1_73' title='bbox 1498 1089 1555 1143; x_wconf 94' lang='lat' dir='ltr'>in</span> <span class='ocrx_word' id='word_1_74' title='bbox 1607 1089 1825 1143; x_wconf 90' lang='lat' dir='ltr'>comitio</span> <span class='ocrx_word' id='word_1_75' title='bbox 1869 1087 2063 1150; x_wconf 89' lang='lat' dir='ltr'>iacuit,</span> 
     </span>
     <span class='ocr_line' id='line_1_10' title="bbox 235 1187 2066 1262; baseline -0.002 -18"><span class='ocrx_word' id='word_1_76' title='bbox 235 1206 398 1262; x_wconf 89' lang='lat' dir='ltr'>seque</span> <span class='ocrx_word' id='word_1_77' title='bbox 430 1205 708 1244; x_wconf 84' lang='lat' dir='ltr'>servorum</span> <span class='ocrx_word' id='word_1_78' title='bbox 741 1195 796 1244; x_wconf 91' lang='lat' dir='ltr'>et</span> <span class='ocrx_word' id='word_1_79' title='bbox 826 1188 1144 1244; x_wconf 89' lang='lat' dir='ltr'>libertorum</span> <span class='ocrx_word' id='word_1_80' title='bbox 1177 1187 1489 1262; x_wconf 88' lang='lat' dir='ltr'>corporibus</span> <span class='ocrx_word' id='word_1_81' title='bbox 1521 1187 1752 1252; x_wconf 82' lang='lat' dir='ltr'>obtexit,</span> <span class='ocrx_word' id='word_1_82' title='bbox 1791 1187 2066 1259; x_wconf 85' lang='lat' dir='ltr'>vitamque</span> 
     </span>
     <span class='ocr_line' id='line_1_11' title="bbox 239 1286 2065 1361; baseline -0.002 -16"><span class='ocrx_word' id='word_1_83' title='bbox 239 1297 357 1346; x_wconf 91' lang='lat' dir='ltr'>tum</span> <span class='ocrx_word' id='word_1_84' title='bbox 396 1306 551 1345; x_wconf 91' lang='lat' dir='ltr'>suam</span> <span class='ocrx_word' id='word_1_85' title='bbox 583 1290 757 1345; x_wconf 90' lang='lat' dir='ltr'>noctis</span> <span class='ocrx_word' id='word_1_86' title='bbox 789 1295 843 1346; x_wconf 93' lang='lat' dir='ltr'>et</span> <span class='ocrx_word' id='word_1_87' title='bbox 876 1287 1033 1361; x_wconf 85' lang='lat' dir='ltr'>fugae</span> <span class='ocrx_word' id='word_1_88' title='bbox 1070 1288 1367 1361; x_wconf 87' lang='lat' dir='ltr'>praesidio,</span> <span class='ocrx_word' id='word_1_89' title='bbox 1406 1289 1687 1345; x_wconf 59' lang='lat' dir='ltr'>non&#39;iuris</span> <span class='ocrx_word' id='word_1_90' title='bbox 1719 1286 2065 1344; x_wconf 87' lang='lat' dir='ltr'>iudiciorum-</span> 
     </span>
     <span class='ocr_line' id='line_1_12' title="bbox 241 1389 632 1464; baseline -0.008 -17"><span class='ocrx_word' id='word_1_91' title='bbox 241 1406 346 1464; x_wconf 89' lang='lat' dir='ltr'>que</span> <span class='ocrx_word' id='word_1_92' title='bbox 379 1389 632 1447; x_wconf 84' lang='lat' dir='ltr'>defendit.</span> 
     </span>
    </p>
   </div>
   <div class='ocr_carea' id='block_1_5' title="bbox 242 1586 2141 3271">
    <p class='ocr_par' dir='ltr' id='par_1_5' title="bbox 242 1586 2141 3271">
     <span class='ocr_line' id='line_1_13' title="bbox 320 1586 2132 1664; baseline -0.003 -17"><span class='ocrx_word' id='word_1_93' title='bbox 320 1591 509 1648; x_wconf 88' lang='lat' dir='ltr'>XXIII.</span> <span class='ocrx_word' id='word_1_94' title='bbox 590 1595 677 1647; x_wconf 79' lang='lat'>57.</span> <span class='ocrx_word' id='word_1_95' title='bbox 738 1591 857 1647; x_wconf 61' lang='lat' dir='ltr'>Exi-&#39;¹</span> <span class='ocrx_word' id='word_1_96' title='bbox 911 1607 973 1646; x_wconf 89' lang='lat' dir='ltr'>eo</span> <span class='ocrx_word' id='word_1_97' title='bbox 1023 1589 1240 1664; x_wconf 84' lang='lat' dir='ltr'>quidem</span> <span class='ocrx_word' id='word_1_98' title='bbox 1297 1596 1539 1663; x_wconf 86' lang='lat' dir='ltr'>tempore</span> <span class='ocrx_word' id='word_1_99' title='bbox 1595 1587 1846 1653; x_wconf 78' lang='lat' dir='ltr'>SextiuS,</span> <span class='ocrx_word' id='word_1_100' title='bbox 1899 1586 2070 1643; x_wconf 81' lang='lat' dir='ltr'>fretus</span> <span class='ocrx_word' id='word_1_101' title='bbox 2128 1609 2132 1613; x_wconf 87' lang='lat'>·</span> 
     </span>
     <span class='ocr_line' id='line_1_14' title="bbox 247 1689 2071 1764; baseline -0.002 -17"><span class='ocrx_word' id='word_1_102' title='bbox 247 1694 533 1748; x_wconf 86' lang='lat' dir='ltr'>sanctitate</span> <span class='ocrx_word' id='word_1_103' title='bbox 583 1691 893 1747; x_wconf 84' lang='lat' dir='ltr'>tribunatus</span> <span class='ocrx_word' id='word_1_104' title='bbox 914 1734 929 1757; x_wconf 91' lang='lat'><strong>,</strong></span> <span class='ocrx_word' id='word_1_105' title='bbox 981 1707 1150 1764; x_wconf 87' lang='lat' dir='ltr'>quum</span> <span class='ocrx_word' id='word_1_106' title='bbox 1189 1707 1248 1747; x_wconf 89' lang='lat' dir='ltr'>se</span> <span class='ocrx_word' id='word_1_107' title='bbox 1285 1707 1392 1747; x_wconf 90' lang='lat' dir='ltr'>non</span> <span class='ocrx_word' id='word_1_108' title='bbox 1429 1689 1588 1747; x_wconf 91' lang='lat' dir='ltr'>modo</span> <span class='ocrx_word' id='word_1_109' title='bbox 1636 1696 1824 1746; x_wconf 89' lang='lat' dir='ltr'>contra</span> <span class='ocrx_word' id='word_1_110' title='bbox 1867 1689 1979 1744; x_wconf 90' lang='lat' dir='ltr'>vim</span> <span class='ocrx_word' id='word_1_111' title='bbox 2016 1695 2071 1744; x_wconf 91' lang='lat' dir='ltr'>et</span> 
     </span>
     <span class='ocr_line' id='line_1_15' title="bbox 244 1788 2072 1866; baseline -0.003 -18"><span class='ocrx_word' id='word_1_112' title='bbox 244 1792 477 1859; x_wconf 85' lang='lat' dir='ltr'>serrum,</span> <span class='ocrx_word' id='word_1_113' title='bbox 517 1792 610 1848; x_wconf 92' lang='lat' dir='ltr'>sed</span> <span class='ocrx_word' id='word_1_114' title='bbox 643 1794 807 1848; x_wconf 89' lang='lat' dir='ltr'>etiam</span> <span class='ocrx_word' id='word_1_115' title='bbox 841 1798 1030 1848; x_wconf 88' lang='lat' dir='ltr'>contra</span> <span class='ocrx_word' id='word_1_116' title='bbox 1055 1792 1218 1849; x_wconf 87' lang='lat' dir='ltr'>verba</span> <span class='ocrx_word' id='word_1_117' title='bbox 1245 1799 1408 1866; x_wconf 86' lang='lat' dir='ltr'>atque</span> <span class='ocrx_word' id='word_1_118' title='bbox 1439 1791 1836 1848; x_wconf 85' lang='lat' dir='ltr'>interfationem</span> <span class='ocrx_word' id='word_1_119' title='bbox 1862 1788 2072 1862; x_wconf 86' lang='lat' dir='ltr'>legibus</span> 
     </span>
     <span class='ocr_line' id='line_1_16' title="bbox 242 1891 2073 1966; baseline -0.003 -17"><span class='ocrx_word' id='word_1_120' title='bbox 242 1895 468 1950; x_wconf 89' lang='lat' dir='ltr'>sacratis</span> <span class='ocrx_word' id='word_1_121' title='bbox 500 1911 616 1949; x_wconf 91' lang='lat' dir='ltr'>esse</span> <span class='ocrx_word' id='word_1_122' title='bbox 654 1899 924 1950; x_wconf 90' lang='lat' dir='ltr'>armatum</span> <span class='ocrx_word' id='word_1_123' title='bbox 957 1900 1203 1966; x_wconf 87' lang='lat' dir='ltr'>putaret,</span> <span class='ocrx_word' id='word_1_124' title='bbox 1240 1894 1389 1949; x_wconf 88' lang='lat' dir='ltr'>venit</span> <span class='ocrx_word' id='word_1_125' title='bbox 1427 1894 1484 1949; x_wconf 93' lang='lat' dir='ltr'>in</span> <span class='ocrx_word' id='word_1_126' title='bbox 1516 1891 1778 1966; x_wconf 89' lang='lat' dir='ltr'>templum</span> <span class='ocrx_word' id='word_1_127' title='bbox 1809 1891 2073 1954; x_wconf 81' lang='lat' dir='ltr'>CastoriS‚</span> 
     </span>
     <span class='ocr_line' id='line_1_17' title="bbox 242 1990 2073 2066; baseline -0.002 -18"><span class='ocrx_word' id='word_1_128' title='bbox 242 1992 582 2050; x_wconf 88' lang='lat' dir='ltr'>obnuntiavit</span> <span class='ocrx_word' id='word_1_129' title='bbox 618 1993 860 2049; x_wconf 88' lang='lat' dir='ltr'>consuli:</span> <span class='ocrx_word' id='word_1_130' title='bbox 900 2010 1070 2066; x_wconf 85' lang='lat' dir='ltr'>quum</span> <span class='ocrx_word' id='word_1_131' title='bbox 1117 1993 1297 2049; x_wconf 90' lang='lat' dir='ltr'>subito</span> <span class='ocrx_word' id='word_1_132' title='bbox 1341 2010 1536 2049; x_wconf 89' lang='lat' dir='ltr'>manus</span> <span class='ocrx_word' id='word_1_133' title='bbox 1573 1993 1665 2049; x_wconf 91' lang='lat' dir='ltr'>illa</span> <span class='ocrx_word' id='word_1_134' title='bbox 1695 1990 1976 2055; x_wconf 87' lang='lat' dir='ltr'>Clodiana,</span> <span class='ocrx_word' id='word_1_135' title='bbox 2017 1991 2073 2044; x_wconf 91' lang='lat' dir='ltr'>in</span> 
     </span>
     <span class='ocr_line' id='line_1_18' title="bbox 243 2091 2071 2168; baseline -0.001 -20"><span class='ocrx_word' id='word_1_136' title='bbox 243 2094 404 2149; x_wconf 87' lang='lat' dir='ltr'>caede</span> <span class='ocrx_word' id='word_1_137' title='bbox 454 2095 656 2150; x_wconf 88' lang='lat' dir='ltr'>civium</span> <span class='ocrx_word' id='word_1_138' title='bbox 696 2112 853 2168; x_wconf 89' lang='lat' dir='ltr'>saepe</span> <span class='ocrx_word' id='word_1_139' title='bbox 886 2095 994 2150; x_wconf 89' lang='lat' dir='ltr'>iam</span> <span class='ocrx_word' id='word_1_140' title='bbox 1038 2095 1236 2150; x_wconf 86' lang='lat' dir='ltr'>victrix</span> <span class='ocrx_word' id='word_1_141' title='bbox 1256 2137 1272 2161; x_wconf 94' lang='lat'>‚</span> <span class='ocrx_word' id='word_1_142' title='bbox 1311 2095 1606 2160; x_wconf 86' lang='lat' dir='ltr'>exclamat,</span> <span class='ocrx_word' id='word_1_143' title='bbox 1645 2093 1908 2149; x_wconf 86' lang='lat' dir='ltr'>incitatur</span> <span class='ocrx_word' id='word_1_144' title='bbox 1926 2134 1941 2157; x_wconf 94' lang='lat'>‚</span> <span class='ocrx_word' id='word_1_145' title='bbox 1994 2091 2071 2146; x_wconf 92' lang='lat' dir='ltr'>in-</span> 
     </span>
     <span class='ocr_line' id='line_1_19' title="bbox 245 2190 2076 2269; baseline -0.001 -21"><span class='ocrx_word' id='word_1_146' title='bbox 245 2194 425 2250; x_wconf 90' lang='lat' dir='ltr'>vadit:</span> <span class='ocrx_word' id='word_1_147' title='bbox 491 2196 753 2251; x_wconf 89' lang='lat' dir='ltr'>inermem</span> <span class='ocrx_word' id='word_1_148' title='bbox 803 2201 966 2269; x_wconf 89' lang='lat' dir='ltr'>atque</span> <span class='ocrx_word' id='word_1_149' title='bbox 1017 2192 1346 2269; x_wconf 77' lang='lat' dir='ltr'>imparatum</span> <span class='ocrx_word' id='word_1_150' title='bbox 1403 2194 1686 2250; x_wconf 86' lang='lat' dir='ltr'>tribunum</span> <span class='ocrx_word' id='word_1_151' title='bbox 1737 2193 1829 2249; x_wconf 90' lang='lat' dir='ltr'>alii</span> <span class='ocrx_word' id='word_1_152' title='bbox 1882 2190 2076 2265; x_wconf 86' lang='lat' dir='ltr'>gladiis</span> 
     </span>
     <span class='ocr_line' id='line_1_20' title="bbox 243 2292 2076 2370; baseline -0.002 -21"><span class='ocrx_word' id='word_1_153' title='bbox 243 2293 592 2362; x_wconf 87' lang='lat' dir='ltr'>adoriuntur,</span> <span class='ocrx_word' id='word_1_154' title='bbox 633 2296 725 2352; x_wconf 89' lang='lat' dir='ltr'>alii</span> <span class='ocrx_word' id='word_1_155' title='bbox 764 2295 1081 2370; x_wconf 83' lang='lat' dir='ltr'>fragmentis</span> <span class='ocrx_word' id='word_1_156' title='bbox 1114 2301 1389 2368; x_wconf 90' lang='lat' dir='ltr'>septorum</span> <span class='ocrx_word' id='word_1_157' title='bbox 1415 2301 1471 2351; x_wconf 89' lang='lat' dir='ltr'>et</span> <span class='ocrx_word' id='word_1_158' title='bbox 1509 2293 1769 2350; x_wconf 87' lang='lat' dir='ltr'>fustibus:</span> <span class='ocrx_word' id='word_1_159' title='bbox 1815 2310 1847 2348; x_wconf 89' lang='lat' dir='ltr'>a</span> <span class='ocrx_word' id='word_1_160' title='bbox 1879 2292 2076 2366; x_wconf 87' lang='lat' dir='ltr'>quibus</span> 
     </span>
     <span class='ocr_line' id='line_1_21' title="bbox 247 2394 2075 2470; baseline -0.001 -21"><span class='ocrx_word' id='word_1_161' title='bbox 247 2395 366 2460; x_wconf 83' lang='lat' dir='ltr'>hic,</span> <span class='ocrx_word' id='word_1_162' title='bbox 403 2396 592 2452; x_wconf 85' lang='lat' dir='ltr'>multis</span> <span class='ocrx_word' id='word_1_163' title='bbox 617 2397 930 2453; x_wconf 87' lang='lat' dir='ltr'>vulneribus</span> <span class='ocrx_word' id='word_1_164' title='bbox 962 2396 1198 2470; x_wconf 87' lang='lat' dir='ltr'>acceptis</span> <span class='ocrx_word' id='word_1_165' title='bbox 1230 2411 1292 2451; x_wconf 92' lang='lat' dir='ltr'>ac</span> <span class='ocrx_word' id='word_1_166' title='bbox 1318 2394 1596 2451; x_wconf 89' lang='lat' dir='ltr'>debilitato</span> <span class='ocrx_word' id='word_1_167' title='bbox 1615 2409 1835 2467; x_wconf 86' lang='lat' dir='ltr'>corpore</span> <span class='ocrx_word' id='word_1_168' title='bbox 1867 2398 1923 2449; x_wconf 91' lang='lat' dir='ltr'>et</span> <span class='ocrx_word' id='word_1_169' title='bbox 1953 2408 2075 2448; x_wconf 90' lang='lat' dir='ltr'>con-</span> 
     </span>
     <span class='ocr_line' id='line_1_22' title="bbox 249 2482 2141 2568; baseline -0.001 -18"><span class='ocrx_word' id='word_1_170' title='bbox 249 2495 519 2551; x_wconf 89' lang='lat' dir='ltr'>trucidato</span> <span class='ocrx_word' id='word_1_171' title='bbox 539 2538 554 2561; x_wconf 92' lang='lat'><strong><em>,</em></strong></span> <span class='ocrx_word' id='word_1_172' title='bbox 594 2513 651 2551; x_wconf 88' lang='lat' dir='ltr'>se</span> <span class='ocrx_word' id='word_1_173' title='bbox 682 2496 879 2551; x_wconf 89' lang='lat' dir='ltr'>abiecit</span> <span class='ocrx_word' id='word_1_174' title='bbox 910 2498 1281 2562; x_wconf 78' lang='lat' dir='ltr'>exanimatuS,</span> <span class='ocrx_word' id='word_1_175' title='bbox 1322 2512 1496 2568; x_wconf 88' lang='lat' dir='ltr'>neque</span> <span class='ocrx_word' id='word_1_176' title='bbox 1536 2494 1645 2552; x_wconf 90' lang='lat' dir='ltr'>ulla</span> <span class='ocrx_word' id='word_1_177' title='bbox 1682 2494 1788 2550; x_wconf 90' lang='lat' dir='ltr'>alia</span> <span class='ocrx_word' id='word_1_178' title='bbox 1819 2510 1879 2550; x_wconf 92' lang='lat' dir='ltr'>re</span> <span class='ocrx_word' id='word_1_179' title='bbox 1917 2493 1983 2549; x_wconf 94' lang='lat' dir='ltr'>ab</span> <span class='ocrx_word' id='word_1_180' title='bbox 2021 2511 2080 2549; x_wconf 87' lang='lat' dir='ltr'>se</span> <span class='ocrx_word' id='word_1_181' title='bbox 2138 2482 2141 2486; x_wconf 46' lang='lat'><em>&#39;</em></span> 
     </span>
     <span class='ocr_line' id='line_1_23' title="bbox 250 2594 2078 2667; baseline -0.001 -17"><span class='ocrx_word' id='word_1_182' title='bbox 250 2601 479 2651; x_wconf 89' lang='lat' dir='ltr'>mortem</span> <span class='ocrx_word' id='word_1_183' title='bbox 500 2636 516 2660; x_wconf 90' lang='lat'>,</span> <span class='ocrx_word' id='word_1_184' title='bbox 575 2595 680 2650; x_wconf 90' lang='lat' dir='ltr'>nisi</span> <span class='ocrx_word' id='word_1_185' title='bbox 732 2595 980 2667; x_wconf 90' lang='lat' dir='ltr'>opinione</span> <span class='ocrx_word' id='word_1_186' title='bbox 1025 2596 1216 2650; x_wconf 90' lang='lat' dir='ltr'>mortis</span> <span class='ocrx_word' id='word_1_187' title='bbox 1262 2594 1484 2667; x_wconf 89' lang='lat' dir='ltr'>depulit.</span> <span class='ocrx_word' id='word_1_188' title='bbox 1565 2594 1736 2662; x_wconf 83' lang='lat' dir='ltr'>Quem</span> <span class='ocrx_word' id='word_1_189' title='bbox 1788 2610 1956 2666; x_wconf 90' lang='lat' dir='ltr'>quum</span> <span class='ocrx_word' id='word_1_190' title='bbox 2004 2595 2078 2648; x_wconf 91' lang='lat' dir='ltr'>ia·</span> 
     </span>
     <span class='ocr_line' id='line_1_24' title="bbox 250 2693 2079 2767; baseline -0.001 -16"><span class='ocrx_word' id='word_1_191' title='bbox 250 2702 462 2751; x_wconf 90' lang='lat' dir='ltr'>centem</span> <span class='ocrx_word' id='word_1_192' title='bbox 507 2701 563 2750; x_wconf 91' lang='lat' dir='ltr'>et</span> <span class='ocrx_word' id='word_1_193' title='bbox 613 2695 890 2749; x_wconf 90' lang='lat' dir='ltr'>concisum</span> <span class='ocrx_word' id='word_1_194' title='bbox 940 2693 1190 2767; x_wconf 89' lang='lat' dir='ltr'>plurimis</span> <span class='ocrx_word' id='word_1_195' title='bbox 1235 2694 1548 2750; x_wconf 86' lang='lat' dir='ltr'>vulneribus</span> <span class='ocrx_word' id='word_1_196' title='bbox 1598 2701 1838 2749; x_wconf 85' lang='lat' dir='ltr'>extremo</span> <span class='ocrx_word' id='word_1_197' title='bbox 1882 2694 2079 2767; x_wconf 90' lang='lat' dir='ltr'>spiritu</span> 
     </span>
     <span class='ocr_line' id='line_1_25' title="bbox 251 2793 2078 2868; baseline -0.002 -16"><span class='ocrx_word' id='word_1_198' title='bbox 251 2812 578 2868; x_wconf 86' lang='lat' dir='ltr'>exsanguem</span> <span class='ocrx_word' id='word_1_199' title='bbox 600 2801 653 2850; x_wconf 90' lang='lat' dir='ltr'>et</span> <span class='ocrx_word' id='word_1_200' title='bbox 673 2793 974 2850; x_wconf 83' lang='lat' dir='ltr'>confectum</span> <span class='ocrx_word' id='word_1_201' title='bbox 997 2794 1271 2860; x_wconf 88' lang='lat' dir='ltr'>viderent,</span> <span class='ocrx_word' id='word_1_202' title='bbox 1306 2794 1687 2867; x_wconf 83' lang='lat' dir='ltr'>defatigatione</span> <span class='ocrx_word' id='word_1_203' title='bbox 1714 2795 1887 2866; x_wconf 88' lang='lat' dir='ltr'>magis</span> <span class='ocrx_word' id='word_1_204' title='bbox 1913 2801 1967 2850; x_wconf 88' lang='lat' dir='ltr'>et</span> <span class='ocrx_word' id='word_1_205' title='bbox 1998 2811 2078 2849; x_wconf 89' lang='lat' dir='ltr'>er-</span> 
     </span>
     <span class='ocr_line' id='line_1_26' title="bbox 255 2895 2080 2970; baseline -0.001 -18"><span class='ocrx_word' id='word_1_206' title='bbox 255 2913 406 2963; x_wconf 88' lang='lat' dir='ltr'>rore,</span> <span class='ocrx_word' id='word_1_207' title='bbox 445 2913 608 2970; x_wconf 88' lang='lat' dir='ltr'>quam</span> <span class='ocrx_word' id='word_1_208' title='bbox 640 2896 1011 2952; x_wconf 89' lang='lat' dir='ltr'>misericordia</span> <span class='ocrx_word' id='word_1_209' title='bbox 1037 2903 1092 2952; x_wconf 91' lang='lat' dir='ltr'>et</span> <span class='ocrx_word' id='word_1_210' title='bbox 1117 2896 1274 2952; x_wconf 91' lang='lat' dir='ltr'>modo</span> <span class='ocrx_word' id='word_1_211' title='bbox 1293 2938 1309 2962; x_wconf 88' lang='lat'><strong><em>,</em></strong></span> <span class='ocrx_word' id='word_1_212' title='bbox 1349 2896 1635 2969; x_wconf 88' lang='lat' dir='ltr'>aliquando</span> <span class='ocrx_word' id='word_1_213' title='bbox 1666 2896 1887 2952; x_wconf 89' lang='lat' dir='ltr'>caedere</span> <span class='ocrx_word' id='word_1_214' title='bbox 1919 2895 2080 2951; x_wconf 89' lang='lat' dir='ltr'>desti-</span> 
     </span>
     <span class='ocr_line' id='line_1_27' title="bbox 252 2995 2081 3069; baseline -0.001 -17"><span class='ocrx_word' id='word_1_215' title='bbox 252 3003 454 3052; x_wconf 89' lang='lat' dir='ltr'>terunt.</span> <span class='ocrx_word' id='word_1_216' title='bbox 536 3000 624 3052; x_wconf 80' lang='lat'>58.</span> <span class='ocrx_word' id='word_1_217' title='bbox 666 2997 891 3069; x_wconf 88' lang='lat' dir='ltr'>Captum</span> <span class='ocrx_word' id='word_1_218' title='bbox 911 3001 932 3034; x_wconf 85' lang='lat'>²</span> <span class='ocrx_word' id='word_1_219' title='bbox 965 3003 1081 3052; x_wconf 92' lang='lat' dir='ltr'>erat</span> <span class='ocrx_word' id='word_1_220' title='bbox 1108 2995 1313 3062; x_wconf 87' lang='lat' dir='ltr'>sorum,</span> <span class='ocrx_word' id='word_1_221' title='bbox 1354 2996 1484 3053; x_wconf 90' lang='lat' dir='ltr'>aede</span> <span class='ocrx_word' id='word_1_222' title='bbox 1502 2997 1736 3053; x_wconf 88' lang='lat' dir='ltr'>Castoris</span> <span class='ocrx_word' id='word_1_223' title='bbox 1756 3039 1771 3062; x_wconf 93' lang='lat'>,</span> <span class='ocrx_word' id='word_1_224' title='bbox 1804 3003 2081 3068; x_wconf 88' lang='lat' dir='ltr'>tamquam</span> 
     </span>
     <span class='ocr_line' id='line_1_28' title="bbox 257 3095 2082 3170; baseline -0.001 -19"><span class='ocrx_word' id='word_1_225' title='bbox 257 3113 380 3153; x_wconf 87' lang='lat' dir='ltr'>arce</span> <span class='ocrx_word' id='word_1_226' title='bbox 412 3096 621 3170; x_wconf 89' lang='lat' dir='ltr'>aliqua,</span> <span class='ocrx_word' id='word_1_227' title='bbox 661 3113 691 3152; x_wconf 90' lang='lat' dir='ltr'>a</span> <span class='ocrx_word' id='word_1_228' title='bbox 732 3095 975 3168; x_wconf 84' lang='lat' dir='ltr'>fugitivis</span> <span class='ocrx_word' id='word_1_229' title='bbox 1006 3104 1296 3170; x_wconf 88' lang='lat' dir='ltr'>occupata:</span> <span class='ocrx_word' id='word_1_230' title='bbox 1338 3097 1611 3153; x_wconf 91' lang='lat' dir='ltr'>silebatur.</span> <span class='ocrx_word' id='word_1_231' title='bbox 1691 3096 1882 3153; x_wconf 88' lang='lat' dir='ltr'>Omnia</span> <span class='ocrx_word' id='word_1_232' title='bbox 1914 3096 2082 3150; x_wconf 90' lang='lat' dir='ltr'>homi-</span> 
     </span>
     <span class='ocr_line' id='line_1_29' title="bbox 258 3197 2081 3271; baseline 0 -19"><span class='ocrx_word' id='word_1_233' title='bbox 258 3214 388 3252; x_wconf 90' lang='lat' dir='ltr'>num</span> <span class='ocrx_word' id='word_1_234' title='bbox 410 3240 425 3263; x_wconf 90' lang='lat'><strong><em>,</em></strong></span> <span class='ocrx_word' id='word_1_235' title='bbox 476 3214 644 3270; x_wconf 89' lang='lat' dir='ltr'>quum</span> <span class='ocrx_word' id='word_1_236' title='bbox 685 3204 948 3269; x_wconf 83' lang='lat' dir='ltr'>egestate,</span> <span class='ocrx_word' id='word_1_237' title='bbox 1003 3205 1118 3252; x_wconf 86' lang='lat' dir='ltr'>tum</span> <span class='ocrx_word' id='word_1_238' title='bbox 1160 3197 1382 3253; x_wconf 86' lang='lat' dir='ltr'>audacia</span> <span class='ocrx_word' id='word_1_239' title='bbox 1422 3197 1785 3271; x_wconf 87' lang='lat' dir='ltr'>perditorum,</span> <span class='ocrx_word' id='word_1_240' title='bbox 1825 3197 2081 3261; x_wconf 89' lang='lat' dir='ltr'>clamore,</span> 
     </span>
    </p>
   </div>
   <div class='ocr_carea' id='block_1_6' title="bbox 254 3403 468 3414">
    <p class='ocr_par' dir='ltr' id='par_1_6' title="bbox 254 3403 468 3414">
     <span class='ocr_line' id='line_1_30' title="bbox 254 3403 468 3414; baseline 0 0"><span class='ocrx_word' id='word_1_241' title='bbox 254 3403 468 3414; x_wconf 95' lang='lat' dir='ltr'> </span> 
     </span>
    </p>
   </div>
   <div class='ocr_carea' id='block_1_7' title="bbox 323 3532 1469 3594">
    <p class='ocr_par' dir='ltr' id='par_1_7' title="bbox 323 3532 1469 3594">
     <span class='ocr_line' id='line_1_31' title="bbox 323 3532 1469 3594; baseline 0.003 -16"><span class='ocrx_word' id='word_1_242' title='bbox 323 3537 360 3593; x_wconf 67' lang='grc'>1)</span> <span class='ocrx_word' id='word_1_243' title='bbox 392 3532 500 3578; x_wconf 89' lang='lat' dir='ltr'>lbid.</span> <span class='ocrx_word' id='word_1_244' title='bbox 535 3550 571 3578; x_wconf 82' lang='lat' dir='ltr'>e.</span> <span class='ocrx_word' id='word_1_245' title='bbox 605 3536 677 3577; x_wconf 83' lang='lat'>37.</span> <span class='ocrx_word' id='word_1_246' title='bbox 716 3536 740 3592; x_wconf 54' lang='grc' dir='ltr'>ᾗ</span> <span class='ocrx_word' id='word_1_247' title='bbox 778 3537 846 3578; x_wconf 78' lang='grc'>79.</span> <span class='ocrx_word' id='word_1_248' title='bbox 879 3559 936 3569; x_wconf 87' lang='lat'>—-</span> <span class='ocrx_word' id='word_1_249' title='bbox 970 3537 1010 3594; x_wconf 78' lang='lat'>2)</span> <span class='ocrx_word' id='word_1_250' title='bbox 1042 3532 1151 3579; x_wconf 84' lang='lat' dir='ltr'>lbid.</span> <span class='ocrx_word' id='word_1_251' title='bbox 1179 3551 1213 3578; x_wconf 76' lang='lat' dir='ltr'>c.</span> <span class='ocrx_word' id='word_1_252' title='bbox 1242 3537 1313 3579; x_wconf 81' lang='lat'>39.</span> <span class='ocrx_word' id='word_1_253' title='bbox 1350 3538 1469 3592; x_wconf 74' lang='lat'><strong>§85.</strong></span> 
     </span>
    </p>
   </div>
  </div>
 </body>
</html>
