2210 3970
253 225 362 279 490
826 236 1037 277 emeno
1086 234 1155 272 ns
1204 233 1344 271 vrrA
1395 234 1502 272 suli

250 371 500 431 Trebatio
552 371 765 444 saepius
809 370 908 427 hoc
949 370 1161 442 roganti
1214 374 1267 422 et
1316 374 1495 422 tamen
1533 368 1778 431 verenti,
1830 383 1896 421 ne
1946 367 2081 424 mihi

246 474 427 545 gravis
459 479 629 538 esset,
671 471 848 545 (facile
882 472 1027 529 enim
1067 470 1122 525 id
1162 468 1469 540 cernebam)
1504 467 1695 528 debere
1729 467 1935 524 diutius
1956 510 1972 532 ‚
2012 486 2077 525 ne

243 575 346 646 ipsi
387 574 522 630 iuris
567 574 850 647 interpreti
891 572 1008 628 fieri
1045 570 1324 626 videretur
1357 569 1574 626 iniuria.
1652 568 1869 624 Etenim
1907 584 2076 640 quum

240 675 292 730 -is
318 673 455 729 mihi
486 674 727 746 meisque
759 673 932 729 multa
969 688 1125 744 saepe
1165 670 1505 742 scripsisset,
1543 669 1752 725 veritus
1785 685 1906 724 sum
1927 709 1942 733 ,
1982 684 2078 731 ne,

243 773 292 829 si
324 790 422 847 ego
461 789 716 844 gravarer
736 815 750 837 ,
789 778 884 828 aut
923 772 1199 843 ingratum
1239 770 1294 824 id
1325 776 1420 825 aut
1453 769 1746 841 superbum
1784 767 2076 825 videretur.

245 872 351 932 Sed
371 913 387 936 ,
431 872 562 930 dum
601 871 805 928 suimus
830 886 939 927 una
959 911 975 935 ,
1016 871 1129 942 ipse
1162 871 1400 941 optimus
1431 875 1515 925 est
1545 870 1701 927 testis
1721 911 1736 934 ,
1776 885 1940 941 quam
1972 868 2080 924 fue·

244 974 352 1030 rim
392 977 720 1044 occupatus3
759 977 822 1026 ut
853 976 1034 1027 autem
1068 970 1136 1027 ah
1168 987 1228 1025 eo
1261 969 1511 1034 discessi,
1552 970 1609 1025 in
1649 969 1930 1027 Graeciam
1962 985 2078 1041 pro-

245 1073 522 1138 ficiscens,
573 1089 743 1145 quum
783 1088 942 1144 opera
982 1088 1102 1127 mea
1140 1087 1239 1126 nec
1279 1069 1584 1143 respublica
1621 1086 1721 1125 nec
1767 1069 1929 1125 amici
1971 1075 2084 1125 ute-

243 1179 465 1238 rentur,
504 1188 605 1228 nec
642 1172 864 1227 honeste
896 1172 1041 1227 inter
1072 1187 1225 1227 arma
1256 1170 1463 1227 versari
1500 1186 1740 1242 possem,
1780 1185 1849 1225 ne
1880 1170 1928 1226 si
1949 1174 2086 1237 xtuto

243 1272 300 1330 id
338 1273 559 1346 quidem
593 1273 729 1331 mihi
766 1273 984 1349 liceret,
1008 1279 1088 1330 ,ut
1127 1273 1251 1328 veni
1297 1271 1538 1336 Veliam,
1576 1270 1887 1329 admonitus
1916 1270 2080 1327 huius

242 1373 384 1430 aeris
404 1372 566 1432 alieni
586 1372 734 1430 nolui
754 1373 939 1429 deesse
959 1390 1026 1430 ne
1045 1373 1243 1428 tacitae
1270 1370 1490 1444 quidem
1512 1370 1859 1443 flagitationi,
1893 1371 2081 1443 Itaque

242 1472 405 1539 haec,
437 1490 614 1546 quum
647 1490 861 1530 mecum
889 1472 1054 1529 libros
1086 1489 1193 1529 non
1225 1471 1517 1536 haberem,
1553 1472 1817 1528 memoria
1849 1471 2080 1544 repetita

244 1573 301 1632 in
341 1574 458 1646 ipsa
485 1573 827 1644 navigatione
861 1573 1158 1645 conscripsi
1189 1571 1546 1644 Trebatioque
1582 1588 1651 1628 ex
1679 1570 2080 1628 itineremisi.>

318 1772 482 1834 XXV.
564 1778 653 1830 71.
693 1772 884 1831 Adhuc
905 1779 922 1811 ¹
964 1772 1099 1829 haee
1136 1778 1310 1830 erant.
1390 1771 1471 1828 Ad
1511 1770 1719 1844 reliqua
1758 1770 1924 1828 alacri
1969 1778 2083 1829 ten-

245 1873 507 1932 debamus
544 1873 757 1936 animm
797 1874 876 1930 sic
915 1873 1090 1946 parati
1111 1915 1126 1938 ,
1166 1879 1267 1938 ut,
1323 1872 1429 1928 nisi
1468 1888 1607 1945 quae
1644 1888 1836 1928 caussa
1874 1871 2089 1943 gravior

243 1974 577 2040 obstitisset,
617 1973 828 2031 nullum
857 1973 1222 2047 philosophiae
1253 1973 1433 2029 locum
1465 1989 1582 2029 esse
1612 1978 1952 2045 pateremur,
1992 1973 2086 2044 qui

243 2092 354 2134 non
380 2074 592 2133 Latinis
621 2074 821 2130 litteris
854 2073 1162 2131 illustratus
1204 2078 1449 2146 pateret„
1509 2071 1662 2141 Quod
1699 2073 1848 2129 enim
1886 2087 2086 2128 munus

240 2156 572 2249 reipublicae
603 2172 796 2231 afferre
835 2175 1013 2233 maius
1050 2173 1312 2233 meliusve
1349 2190 1638 2248 possumus
1657 2215 1675 2239 ,
1712 2189 1877 2245 quam
1916 2173 1964 2229 si
1997 2171 2085 2230 do-
2118 2175 2125 2179 ’

244 2293 431 2337 cemus
460 2281 623 2348 atque
649 2273 933 2332 erudimus
959 2275 1334 2333 iuventutem?
1376 2274 1466 2332 his
1494 2274 1816 2348 praesertim
1845 2273 2089 2331 moribus

246 2383 410 2449 atque
434 2376 798 2449 temporibus,
838 2375 1038 2448 quibus
1075 2377 1152 2433 ita
1183 2376 1433 2450 prolapsa
1458 2383 1573 2442 est,
1609 2383 1672 2433 ut
1704 2376 1947 2432 omnium
1979 2376 2090 2448 opi-

245 2477 347 2537 bus
378 2476 701 2537 refrenanda
732 2493 795 2533 ac
820 2475 1113 2532 coercenda
1142 2477 1231 2533 sit.
1311 2477 1428 2544 Qua
1459 2483 1555 2533 re²
1583 2493 1753 2549 quum
1777 2476 2089 2531 statuissem

247 2578 486 2639 scrihere
518 2577 586 2634 ad
631 2576 804 2634 filium
837 2575 1041 2647 aliquid
1073 2576 1174 2632 hoc
1210 2583 1452 2649 tempore
1471 2620 1486 2642 ,
1526 2583 1581 2633 et
1618 2577 1792 2633 multa
1840 2575 2089 2650 posthac,

248 2677 319 2740 ab
352 2695 416 2737 eo
447 2677 616 2735 ordiri
652 2676 798 2736 volui
836 2677 1103 2742 maxime,
1139 2676 1285 2749 quod
1314 2683 1369 2732 et
1401 2677 1519 2734 eius
1555 2678 1723 2734 aetati
1753 2683 1894 2733 esset
1927 2677 2089 2749 aptis·

210 2831 222 2843 Ι
249 2779 451 2838 simum
483 2784 538 2834 et
569 2778 882 2835 auctoritati
907 2793 1079 2833 meae.
1154 2776 1290 2832 Nam
1322 2794 1494 2849 quum
1530 2777 1704 2833 multa
1742 2778 1852 2833 sint
1885 2778 1942 2832 in
1973 2776 2090 2850 phi-

249 2877 492 2954 losophia
542 2885 598 2935 et
637 2878 824 2951 gravia
866 2883 920 2935 et
958 2876 1116 2934 utilia
1154 2883 1408 2934 accurate
1446 2878 1763 2951 copioseque
1801 2894 1833 2934 a
1865 2876 2093 2950 philoso-

248 2978 372 3052 phis
406 2978 720 3053 disputata,
758 2978 1024 3037 latissime
1061 2984 1245 3050 patere
1283 2978 1541 3037 videntur
1579 2995 1673 3042 ea,
1716 2995 1855 3051 quae
1893 2977 1967 3034 de
2000 2976 2098 3033 Of.

252 3078 439 3137 ficiis
477 3080 679 3140 tradita
718 3080 785 3137 ab
816 3080 924 3139 illis
955 3086 1009 3136 et
1037 3086 1325 3153 praecepta
1351 3086 1498 3137 sunt.
1574 3079 1730 3135 Nulla
1767 3080 1912 3135 enim
1951 3080 2092 3135 vitae

251 3197 376 3253 pars
408 3198 584 3254 neque
613 3181 847 3254 puhlicis
876 3197 1049 3254 neque
1082 3182 1339 3254 privam,
1379 3198 1551 3254 neque
1586 3179 1886 3236 forensibus
1918 3197 2094 3253 neque

251 3281 560 3344 domesticis
599 3284 656 3338 in
689 3283 878 3348 rebUS,
936 3299 1108 3354 neque
1148 3283 1193 3338 si
1229 3289 1410 3339 tecum
1450 3298 1580 3353 agas
1616 3281 1776 3352 quid,
1830 3298 2002 3354 neque
2042 3283 2088 3337 si

314 3527 353 3584 ⁸)
385 3523 438 3569 de
470 3522 659 3569 Divinat.
693 3528 748 3569 Il.
775 3541 810 3569 c.
839 3528 880 3569 2.
908 3527 932 3582 §
957 3527 998 3569 4.
1032 3549 1090 3559 ·-
1126 3527 1164 3583 2)
1191 3523 1243 3567 (le
1275 3521 1399 3568 offic.
1419 3526 1451 3568 1.
1487 3539 1522 3568 c.
1549 3526 1591 3568 2.
1616 3525 1640 3582 ᾗ
1666 3526 1706 3568 4.
