2150 3990
242 279 343 328 182
642 317 645 321 .
845 288 1053 326 emano
1101 290 1169 326 Du
1219 289 1356 327 νιΤΑ
1395 288 1500 327 SUA
1577 313 1580 316 -

237 429 445 479 verunt.
527 422 693 477 Illud¹
731 438 854 477 vero
877 424 1151 495 geminum
1178 421 1414 478 consiliis
1446 419 1702 476 Catilinae
1729 427 1782 476 et
1807 421 2050 488 Lentuli,

238 524 378 598 quod
417 531 471 580 et
520 522 574 578 hi
610 540 696 578 me
735 522 891 579 domo
935 540 1052 579 mea
1091 523 1438 596 expulerunt,
1478 523 1570 578 Gn.
1613 523 1920 595 Pompeium
1960 522 2047 578 do-

234 641 385 682 mum
418 640 572 679 suam
604 623 994 695 compulerunt.
1073 623 1252 695 Neque
1280 625 1453 689 enim,
1494 639 1579 678 me
1613 630 1818 689 stante,
1857 629 1911 678 et
1937 639 2047 678 ma·

233 731 394 780 nente
425 721 498 778 in>
522 723 677 778 Urbis
715 723 931 794 vigilia,
972 739 1143 794 neque
1183 724 1464 778 resistente
1496 724 1587 779 Cn.
1623 723 1899 796 Pompeio,
1939 739 2047 778 om-

231 826 383 880 nium
416 823 659 895 gentium
691 823 919 887 victore,
961 839 1217 894 umquam
1252 840 1309 877 se
1347 822 1423 877 illi
1457 824 1842 897 rempublicam
1873 823 2048 879 delere

227 942 382 999 posse
419 924 707 980 duxerunt.
787 923 831 977 A
869 938 955 978 me
986 920 1203 994 quidem
1236 925 1398 979 etiam
1430 941 1626 996 poenas
1650 926 2046 998 expetiverunt,

226 1024 424 1096 quibus
467 1008 870 1078 coniuratorum
909 1038 1095 1077 manes
1130 1023 1442 1095 expiarent:
1499 1039 1659 1079 omne
1698 1025 1882 1080 odium
1902 1067 1917 1089 ,
1964 1025 2043 1080 in-

226 1123 437 1178 clusum
477 1122 696 1178 nefariis
739 1121 987 1177 sensibus
1037 1123 1328 1195 impiorum
1348 1165 1363 1188 ,
1422 1124 1478 1178 in
1529 1138 1616 1180 me
1672 1123 2042 1198 profuderunt.

223 1223 462 1292 Quorum
500 1240 598 1295 ego
636 1222 806 1278 furori
846 1223 951 1278 nisi
990 1224 1269 1280 cessissem
1290 1266 1306 1290 ,
1345 1225 1402 1280 in
1439 1223 1698 1282 Catilinae
1735 1225 1920 1291 busto,
1959 1224 2044 1282 bis

223 1324 450 1382 ducibus
469 1366 486 1390 ,
524 1329 793 1380 mactatus
823 1339 1012 1379 essem.
1047 1360 1053 1366 -

270 1424 432 1481 'Sed²
468 1440 686 1480 necesse
710 1431 792 1480 est
811 1465 826 1489 ,
866 1440 953 1479 me
984 1430 1158 1479 totum
1191 1425 1351 1479 istius
1389 1425 1515 1479 anni
1547 1423 1872 1497 respublicae
1912 1440 2042 1481 nau-

221 1527 453 1599 fragium
491 1541 772 1598 exponere.

289 1726 478 1784 XXIII.
550 1731 661 1783 57.
710 1724 910 1781 Multa³
963 1725 1187 1790 acerba,
1226 1723 1397 1780 multa
1422 1723 1647 1796 turpia,
1702 1724 1872 1780 multa
1908 1732 2035 1782 ‘tura

212 1828 432 1885 bulenta
468 1822 658 1884 habuit
696 1827 785 1883 ille
823 1842 1013 1882 annuS.
1093 1825 1331 1882 Attulit-⁴
1374 1832 1556 1881 autem
1601 1824 1691 1881 ille
1735 1841 1938 1893 annus,
1977 1828 2035 1882 in

211 1928 537 2002 reipublicae
593 1942 789 1999 magno
843 1932 995 1981 motu
1033 1932 1089 1981 et
1123 1925 1419 1982 multorum
1470 1927 1666 1981 timore
1684 1968 1701 1991 ,
1757 1933 2034 2000 tamquam

211 2025 480 2084 intentum
538 2043 726 2083 arcum
783 2028 842 2082 in
899 2038 987 2082 me
1012 2031 1014 2035 “
1036 2024 1205 2081 unum
1227 2068 1243 2091 ,
1304 2027 1453 2082 sicut
1512 2026 1674 2098 vulgo
1724 2027 1901 2099 ignari
1951 2044 2031 2084 re-

209 2146 333 2186 rum
390 2128 778 2202 loquebantur3
829 2142 888 2182 re
932 2127 1149 2199 quidem
1200 2142 1326 2182 vera
1363 2128 1420 2182 in
1460 2128 1781 2183 universam
1819 2143 2030 2201 rempu·
2118 2118 2150 2125 ''

210 2230 405 2287 blicam
426 2271 442 2296 ,
492 2227 835 2284 traductione
883 2227 950 2283 ad
988 2226 1195 2300 plebem
1241 2225 1519 2283 furibundi
1565 2226 1819 2284 bominis
1841 2245 1907 2284 ae
1944 2228 2031 2286 de-

209 2331 436 2406 perditi,
474 2329 609 2386 mihi
643 2329 804 2394 irati,
843 2328 936 2384 sed
970 2328 1142 2385 multo
1173 2330 1353 2384 acrius
1397 2326 1495 2384 otii
1521 2335 1578 2385 et
1614 2330 1929 2385 eommunis.
1948 2345 2029 2386 sa-

206 2433 338 2491 lutis
368 2431 592 2487 inimici.
671 2430 827 2486 Hunc
866 2430 950 2485 vir
992 2429 1356 2496 clarissimus,
1395 2427 1671 2503 mihique,
1728 2430 1917 2487 multis
1949 2447 2031 2487 re-

206 2530 571 2608 pugnantibus
591 2572 606 2595 ,
645 2529 1007 2585 amicissimus
1027 2572 1041 2594 ,
1093 2531 1186 2585 Cn.
1227 2532 1538 2604 PompeiuS,
1576 2532 1723 2586 omni
1750 2532 2030 2598 cautione,

207 2633 446 2698 foedere,
483 2631 849 2687 exsecratione
881 2630 1194 2685 devinxerat
1212 2672 1228 2695 ,
1268 2628 1403 2684 nihil
1438 2630 1495 2684 in
1527 2629 1808 2686 tribunatu
1841 2637 2028 2686 contra

202 2750 291 2791 me
327 2728 444 2788 esse
482 2730 770 2786 facturum.
850 2731 918 2785 At
951 2729 1039 2786 ille
1071 2728 1344 2796 nefariuS,
1382 2747 1448 2785 ex
1481 2731 1723 2802 omnium
1763 2731 2029 2789 scelerum

206 2832 502 2888 colluvione
534 2837 694 2886 natus
714 2873 729 2895 ,
768 2845 960 2903 parum
1006 2847 1062 2886 se
1093 2829 1282 2886 foedus
1318 2826 1646 2886 violaturum
1678 2838 1761 2888 est
1800 2831 2024 2888 arbitra·

204 2943 321 3000 tuS,
362 2933 467 2989 nisi
506 2934 682 3005 ipsum
723 2939 997 2988 cautorem
1033 2930 1201 2986 ‘alieni
1239 2932 1465 3004 periculi
1516 2934 1633 2988 suis
1662 2933 1894 3006 propriis
1937 2949 2025 3006 pe-

202 3035 391 3092 riculis
447 3034 746 3090 terruisset.
775 3085 805 3108 ·,
845 3037 931 3088 58.
987 3033 1133 3087 Hanc
1185 3040 1412 3089 taetram
1461 3034 1858 3108 immanemque
1919 3034 2023 3090 bel-

204 3139 386 3201 luam,
443 3136 680 3190 vinctam
713 3133 1001 3206 auspiciiS,
1060 3132 1331 3205 alligatam
1370 3151 1517 3190 more
1560 3136 1860 3199 maiorum,
1901 3150 2021 3189 con·

205 3239 448 3294 strictam
500 3235 679 3306 legum
719 3239 1050 3289 sacratarum
1089 3236 1320 3300 catenis,
1373 3236 1529 3291 solvit
1561 3234 1737 3290 subito
1775 3235 1891 3306 lege
1929 3252 2018 3290 cu-

205 3339 342 3393 riata
376 3335 588 3399 consul,
641 3335 756 3400 vel,
797 3340 858 3389 ut
897 3351 992 3406 ego
1026 3334 1279 3401 arbitror,
1320 3343 1603 3401 exoratUS,
1657 3336 1771 3401 vel,
1814 3342 1874 3390 ut
1912 3353 2016 3390 non

267 3492 308 3548 ι)
340 3488 449 3535 lbid.
484 3491 595 3546 §m
628 3517 686 3524 --
721 3492 760 3550 2)
794 3506 866 3553 pro
899 3490 1038 3538 Sextio
1065 3508 1100 3536 c.
1135 3496 1173 3536 6.
1204 3493 1316 3550 §15.
1354 3517 1409 3526 —-
1443 3494 1482 3551 3)
1515 3490 1621 3538 lbid.
1654 3508 1689 3538 c.
1723 3493 1793 3536 27.
1821 3492 1935 3549 §58.
1956 3514 2013 3525 --

205 3566 244 3628 ³2)
274 3566 383 3614 ibid.
417 3584 451 3613 ρ.
487 3570 525 3610 7.
561 3570 583 3624 ς
619 3571 686 3611 15,
