2210 3970
245 229 349 279 308
836 242 1045 281 emano
1092 243 1160 279 nn
1209 237 1346 279 vira
1392 241 1498 278 sua

243 392 386 431 nunc
440 376 494 430 in
533 377 864 447 provinciam
912 394 1065 431 suam
1106 375 1373 431 accedere.
1473 373 1534 429 ld
1569 379 1750 428 autem
1790 375 1963 431 facere
2002 379 2066 433 ob

240 494 358 535 eam
393 494 641 534 caussam
678 477 962 543 dicebant,
1003 477 1143 550 quod
1183 477 1392 531 tardius
1431 474 1588 531 vellet
1620 474 1891 530 decedere.

314 677 452 733 XIV.
534 683 621 733 59.
665 680 881 750 Igitur¹
919 681 975 732 in
1009 685 1186 733 castra
1216 679 1338 733 veni
1364 693 1411 732 a.
1443 676 1493 731 d.
1516 694 1603 732 vn.
1634 675 1750 731 Kal.
1775 675 2067 748 Septemh.;

234 795 281 831 a.
311 777 362 831 d.
398 795 472 832 111.
502 779 800 832 exercitum
829 779 1057 833 lustravi
1085 778 1226 850 apud
1241 779 1503 833 Iconium.
1563 778 1792 832 Interim
1812 782 1834 813 2
1867 793 2066 848 quum,

234 878 479 931 exercitu
530 877 794 942 lustrato,
853 879 958 933 iter
1008 879 1064 932 in
1104 878 1345 933 Ciliciam
1385 876 1560 931 facere
1603 878 1894 948 coepissem
1948 877 2062 932 Kal.

237 974 525 1046 Septemb„
557 975 752 1046 legati,
791 978 944 1031 missi
965 982 986 1014 ³
1019 976 1085 1031 ab
1107 975 1369 1030 Antiocho
1389 976 1772 1045 Commageno,
1798 983 2064 1032 venerunt

232 1074 302 1128 ad
349 1091 436 1128 me
475 1075 534 1127 in
583 1081 762 1129 castra
814 1074 882 1130 ad
933 1077 1181 1131 Iconium
1226 1093 1274 1130 a.
1309 1075 1361 1130 d.
1404 1093 1481 1130 111.
1521 1075 1654 1129 Non.
1696 1074 2065 1146 SeptembreS‚

230 1175 375 1246 iique
406 1173 542 1228 mihi
582 1176 1000 1242 nuntiaverunt,
1043 1177 1188 1247 regis
1220 1175 1543 1230 Parthorum
1583 1175 1756 1229 filium
1775 1216 1791 1240 ,
1830 1191 2063 1246 quocum

226 1282 368 1330 esset
399 1281 569 1347 nupta
607 1277 751 1347 regis
789 1277 1168 1332 Armeniorum
1209 1293 1360 1332 soror
1379 1319 1395 1342 ,
1447 1275 1515 1331 ad
1552 1273 1887 1348 Euphratem
1934 1292 2060 1331 cum

229 1378 482 1432 maximis
517 1377 843 1433 Parthorum
869 1380 1039 1451 copiis
1066 1378 1470 1449 multarumque
1508 1383 1786 1449 praeterea
1817 1377 2061 1448 gentium

226 1493 423 1548 magna
452 1495 619 1534 manu
638 1480 878 1545 venisse,
917 1479 1359 1552 Euphratemque
1391 1479 1499 1533 iam
1532 1479 1766 1533 transire
1798 1479 2060 1550 coepisse,

225 1576 441 1650 dicique
492 1580 810 1635 Armenium
857 1596 1041 1651 regem
1089 1580 1145 1633 in
1197 1577 1585 1651 Cappadociam
1637 1578 1900 1649 impetum
1945 1594 2062 1632 esse

227 1677 516 1734 facturum.
597 1680 714 1748 Qno
732 1686 755 1718 ⁴
787 1681 981 1735 nuntio
1017 1679 1203 1745 allato,
1243 1694 1412 1751 quum
1443 1684 1625 1734 essent
1655 1678 1928 1742 nonnulli,
1966 1679 2060 1750 qui

221 1779 271 1832 ei
324 1781 440 1851 regi
478 1780 744 1835 minorem
785 1779 945 1836 fidem
993 1779 1292 1835 habendam
1330 1768 1616 1852 putarent,
1654 1780 1823 1834 statui
1876 1795 2057 1852 exspe-

218 1879 479 1934 ctandum
500 1897 641 1945 esse,
672 1881 718 1934 si
747 1879 878 1952 quid
905 1881 1110 1936 certius
1129 1878 1432 1936 afferretur.
1512 1883 1602 1936 40.
1643 1880 1740 1934 His
1758 1886 1782 1917 ⁵
1813 1879 1881 1935 de
1899 1879 2060 1935 rebus

227 1979 438 2051 publice
475 1987 696 2052 propter
733 1979 869 2035 duas
906 1997 1125 2036 caussas
1163 1980 1301 2035 nihil
1338 1981 1555 2052 scripsi:
1605 1978 1747 2051 quod
1786 1986 1841 2034 et
1879 1979 2057 2050 ipsum

222 2080 643 2152 Commagenum
685 2081 848 2155 legati
900 2081 1150 2136 dicebant
1201 2079 1269 2135 ad
1307 2086 1556 2135 senatum
1601 2080 1787 2134 statim
1840 2079 2058 2133 nuntios

221 2179 538 2252 litterasque
568 2181 813 2246 misisse,
852 2187 907 2236 et
938 2180 1344 2245 existimabam,
1382 2180 1451 2235 M.
1480 2178 1731 2234 Bibulum
1771 2195 2058 2251 proconsu-

218 2280 354 2346 lem,
393 2282 487 2353 qui
525 2282 748 2336 circiter
777 2281 909 2338 Idus
942 2281 1172 2337 Sextiles
1208 2280 1275 2336 ab
1307 2279 1518 2352 Epheso
1557 2279 1613 2334 in
1653 2278 1867 2354 Syriam
1907 2280 2053 2334 navi-

218 2381 319 2436 bus
359 2380 632 2454 profectus
675 2389 826 2449 erat,
879 2382 1021 2456 quod
1068 2381 1333 2438 secundos
1370 2386 1559 2436 ventos
1590 2379 1895 2446 habuisset,
1948 2380 2057 2436 iam

220 2481 276 2534 in
308 2483 641 2553 provinciam
668 2499 824 2537 suam
854 2484 1187 2554 pervenisse;
1212 2483 1370 2536 cuius
1401 2481 1599 2556 litteris
1626 2480 1806 2535 omnia
1825 2481 2057 2537 certiora

219 2580 486 2653 perlatum
538 2582 608 2636 iri
666 2581 734 2636 ad
785 2588 1034 2637 senatum
1080 2581 1352 2654 putabam.
1450 2578 1532 2634 Ad
1551 2585 1574 2617 θ
1623 2580 1876 2634 Catonem
1927 2595 2056 2634 vero

215 2682 432 2752 putavi,
471 2698 568 2753 pro
598 2688 782 2738 nostra
816 2680 1240 2746 necessitudine,
1280 2697 1366 2734 me
1394 2679 1493 2734 hoc
1522 2678 1758 2734 seribere
1786 2684 2053 2750 oportere:

215 2782 414 2837 cuius⁷
466 2798 680 2836 summa
727 2783 1024 2837 auctoritas
1072 2781 1235 2846 fecit,
1288 2795 1575 2851 meumque
1614 2784 1934 2850 perpetuum
1986 2778 2052 2834 de

216 2883 333 2937 eius
378 2881 640 2952 singulari
693 2852 895 2938 virtute
947 2882 1210 2937 iudicium
1230 2924 1246 2947 ,
1306 2888 1366 2936 ut
1405 2880 1589 2952 magni
1629 2896 1749 2935 mea
1793 2880 2052 2941 interesse

215 2990 492 3055 putarem,
545 2990 599 3038 et
639 3000 724 3039 res
764 3001 882 3049 eas,
931 3001 1067 3056 quas
1105 2985 1420 3055 gessissem,
1469 2983 1572 3054 ipsi
1613 2988 1765 3036 notas
1805 2998 1956 3045 esse,
1995 2988 2052 3036 et

276 3284 314 3339 ¹)
344 3281 397 3326 ad
420 3285 510 3326 Att.
534 3285 582 3327 V.
601 3285 673 3325 20.
702 3283 726 3339 9
746 3283 786 3324 2.
816 3306 876 3315 --m
909 3284 948 3340 ⁵¹)
981 3280 1114 3342 Epist.
1132 3280 1186 3326 ad
1205 3285 1255 3326 Μ.
1274 3284 1423 3326 Caton.
1449 3280 1520 3339 (ad
1541 3283 1658 3325 Fam.
1676 3281 1765 3324 XV.
1795 3281 1835 3321 4.
1866 3278 1968 3335 §3.)
1987 3303 2044 3311 --

214 3359 254 3417 5)
286 3358 395 3403 lbid.
428 3361 516 3405 XV.
542 3365 585 3403 3.
618 3362 706 3416 §1.
739 3385 796 3391 —-
829 3359 870 3418 4)
902 3359 1036 3419 Epist.
1061 3359 1113 3403 ad
1142 3361 1353 3404 Senatum
1386 3359 1462 3417 (ad
1493 3362 1614 3403 Fam.
1642 3359 1730 3402 XV.
1761 3361 1802 3402 1.
1831 3358 1939 3414 §2.)
1984 3381 2040 3388 —

213 3439 254 3496 ⁵)
287 3436 420 3497 Epist.
451 3435 505 3482 ad
525 3439 739 3482 nenton,
767 3435 840 3495 (ad
859 3439 977 3482 Fam.
1007 3439 1097 3481 XV.
1131 3440 1170 3481 3.
1204 3438 1314 3495 §2.)
1346 3464 1402 3472 —--
1435 3439 1476 3495 ὃ)
1510 3435 1618 3481 lbid.
1647 3437 1733 3495 91.
1770 3461 1824 3469 ——-
1859 3437 1899 3494 7)
1933 3432 2045 3482 lbid..

213 3517 304 3560 XV.
331 3517 372 3558 4.
411 3515 435 3572 §
458 3516 493 3558 1.
