2210 3970
442 266 496 320 L.
523 264 659 322 VIII.
704 281 747 318 o.
774 261 934 318 XVII.
979 260 1016 333 S
1044 264 1110 314 45
1153 290 1225 299 ——
1267 278 1310 312 c.
1338 260 1475 315 xlx.
1520 258 1557 331 ξ
1585 264 1669 313 47.
1869 262 1972 312 367

233 514 417 574 XVIII.
499 522 586 572 45.
631 517 891 571 Interim¹
953 513 1254 585 accepimus
1307 511 1542 584 Pompeii
1582 510 1827 573 litteraS‚
1883 510 1979 565 Ca-

156 618 311 673 nusio
349 615 542 672 a.d.x.
586 609 804 670 Kalend.
847 612 999 670 Mart.
1042 612 1223 678 datas,
1263 611 1459 684 quibus
1500 624 1595 666 nos
1635 609 1981 674 hortabatur,

157 725 217 773 ut
253 717 482 774 celerius
521 715 868 772 Brundisium
897 716 1228 772 veniremus:

273 841 384 925 ἐκ.
407 873 428 906 ²
462 865 734 924 Maenas
772 866 1042 922 Pnocos.
1090 883 1136 921 s.
1162 881 1220 922 υ.
1262 863 1333 919 Μ.
1364 864 1697 922 C1csnou1
1732 862 1871 920 111².

156 1019 210 1074 S.
240 1018 297 1074 V.
321 1017 477 1075 1213.
525 1018 664 1074 Tuas
692 1018 893 1074 litteras
927 1018 1145 1073 libenter
1179 1017 1297 1090 leqi.
1355 1016 1643 1088 Recoynovi
1675 1016 1814 1070 enim
1846 1020 1990 1069 tinam

149 1119 433 1190 pristinam
484 1121 730 1175 virtutem
768 1120 926 1174 etiam
960 1119 1020 1172 in
1059 1115 1227 1172 salute
1270 1118 1547 1172 communi.
1633 1114 1887 1174 Consules
1923 1113 1992 1170 ad

158 1220 276 1275 eum
313 1221 635 1285 eoeereitum,
684 1236 838 1292 quem
875 1220 931 1272 in
982 1217 1176 1289 Apulia
1217 1217 1410 1282 habui,
1461 1225 1724 1271 venenant.
1802 1213 1994 1289 Moyno

157 1328 309 1390 opere
339 1317 626 1383 te'lzortor,
658 1323 760 1389 pro
792 1325 878 1372 tuo
911 1317 1173 1388 singulari
1200 1325 1549 1389 perpetuoque
1574 1317 1743 1370 studio
1775 1317 1831 1369 in
1856 1332 1990 1370 rem-

151 1418 448 1491 publicam,
487 1426 545 1471 ut
577 1426 626 1471 te
656 1417 726 1471 ad
756 1434 847 1471 nos
880 1420 1153 1488 conseras:
1186 1424 1244 1468 ut
1277 1416 1540 1470 communi
1576 1414 1792 1470 consilio
1822 1416 1994 1486 reipu-

159 1517 325 1574 blicae
361 1514 583 1589 afflictae
619 1531 769 1588 opem
807 1523 962 1587 atque
998 1514 1264 1569 auxilium
1301 1518 1555 1587 seramus.
1642 1514 1871 1580 Censeo,
1911 1517 1996 1571 via

161 1618 330 1691 Appia
365 1618 466 1674 iter
505 1617 674 1692 facias
709 1624 761 1671 et
799 1615 1036 1672 celeriter
1075 1614 1420 1672 Brundisium
1455 1618 1649 1672 venias.

223 1721 326 1773 46.
365 1717 511 1787 Quas
529 1722 551 1757 ⁸
582 1732 752 1790 quum
774 1718 1081 1790 accepimus
1101 1715 1312 1773 litteras
1332 1732 1379 1773 a.
1403 1716 1554 1773 d.1n.
1578 1714 1798 1773 Kalend.
1821 1717 1996 1782 Mart„

161 1831 267 1875 non
312 1816 721 1884 dubitabamus,
779 1814 911 1890 quin
953 1817 1237 1891 Pompeius
1277 1819 1384 1873 iam
1427 1817 1774 1873 Brundisium
1814 1834 1994 1892 perve-

161 1918 360 1986 nisset,
394 1917 488 1991 qui
508 1923 532 1958 ⁴
563 1917 796 1973 Canusio
829 1934 897 1973 ix.
940 1916 1054 1973 Kal.
1080 1917 1353 1991 profectus
1370 1926 1520 1981 erat:
1561 1918 1862 1991 nobisque⁸
1894 1920 2001 1975 iter

165 2017 298 2087 illud
355 2018 573 2074 omnino
624 2016 979 2073 intercIusum
1032 2017 1380 2085 videbamuS,
1434 2036 1607 2092 neque
1664 2021 1847 2075 minus
1904 2036 2001 2074 nos

165 2127 286 2173 ease
329 2120 550 2190 captos,
581 2131 742 2190 quam
777 2117 869 2188 qui
909 2117 1127 2172 Corfinii
1171 2110 1428 2185 suisseni,
1469 2126 1681 2192 quum⁸
1733 2122 1875 2175 inter
1914 2136 2002 2175 me

169 2225 222 2273 et
261 2217 608 2273 andisium
647 2217 841 2272 Caesar
873 2223 1029 2272 esset.
1109 2217 1290 2290 Neque
1311 2225 1332 2255 ⁷
1371 2220 1515 2275 enim
1553 2237 1645 2275 eos
1684 2219 1823 2274 solos
1861 2218 2000 2274 arhi-

169 2317 450 2374 trabamur
489 2318 636 2390 capi,
675 2319 769 2390 qui
810 2318 864 2372 in
907 2324 1238 2372 armatorum
1279 2335 1474 2374 manus
1515 2318 1867 2385 incidissent,
1907 2319 2001 2376 sed

168 2434 260 2474 eos
304 2417 471 2474 nihilo
520 2419 737 2484 minus,
789 2419 883 2490 qui
936 2417 1246 2489 regionibus
1293 2418 1498 2473 exclusi
1539 2419 1682 2473 intra
1735 2418 2001 2491 praesidia

168 2525 332 2592 atque
370 2519 512 2575 intra
550 2534 702 2574 arma
737 2517 910 2574 aliena
949 2519 1238 2574 venissent.

246 2718 384 2776 xix.
464 2724 553 2776 47.
596 2721 774 2789 Quum
795 2726 817 2759 ⁰
844 2720 1019 2774 omnis
1043 2722 1372 2792 exspectatio
1400 2727 1581 2774 nostra
1608 2728 1749 2775 esset
1783 2723 1838 2775 in
1868 2738 2003 2778 nun·

173 2820 265 2875 tiis
315 2819 653 2876 Brundisinis
674 2863 687 2886 ‚
728 2820 1002 2892 angebar⁹
1044 2819 1381 2892 singularum
1436 2819 1692 2875 horarum
1732 2830 2003 2896 exspecta·

173 2922 345 2976 tione:
383 2919 752 2993 mirabarque,
800 2920 934 2980 nihil
968 2921 1190 2977 allatum
1224 2939 1363 2986 esse,
1399 2938 1465 2975 ne
1498 2922 1734 2976 rumoris
1766 2922 2003 2994 quidem.

175 3020 313 3078 Nam
330 3026 452 3076 erat*
474 3016 676 3075 mirum
705 3020 1001 3077 silentium:
1039 3016 1319 3095 propterea
1342 3027 1402 3086 ¹⁰,
1429 3021 1573 3093 quod
1603 3038 1776 3094 neque
1808 3022 2006 3080 Romae

178 3121 472 3194 quidquam
505 3117 824 3178 audiebatur
862 3116 1014 3188 novi,
1054 3140 1151 3179 nec
1185 3126 1239 3177 in
1275 3122 1358 3177 his
1398 3123 1556 3188 lociS,
1595 3136 1736 3195 quae
1766 3139 1797 3178 a
1838 3124 2004 3180 Brun·

243 3343 279 3399 ι)
310 3339 363 3385 ad
396 3345 489 3386 Att.
516 3343 630 3386 v111.
658 3344 729 3385 11.
759 3343 805 3384 ι).
841 3344 925 3399 §a
960 3368 1017 3375 -
1052 3346 1089 3401 ²)
1124 3342 1233 3385 lbid.
1262 3346 1374 3386 vm.
1407 3345 1477 3387 11.
1503 3345 1546 3386 ο.
1580 3369 1639 3376 --
1672 3344 1714 3403 ⁵)
1747 3344 1858 3390 lbid.
1887 3347 2006 3391 vm.

127 3437 141 3447 >
182 3419 254 3461 11.
305 3417 354 3463 n.
402 3420 492 3475 §4-
537 3445 593 3450 -
634 3419 674 3476 ⁴)
708 3416 817 3462 lbid.
851 3422 922 3463 1x.
959 3423 1000 3463 1.
1035 3420 1119 3475 §a
1164 3446 1222 3452 —
1267 3422 1305 3477 ⁵)
1340 3419 1449 3464 lbid.
1483 3422 1599 3466 vm.
1634 3425 1706 3468 11.
1738 3425 1786 3468 n.
1817 3425 1841 3483 §
1871 3427 1911 3468 4.
1944 3451 2008 3462 .-

181 3495 221 3550 6)
253 3493 363 3540 lbid.
401 3498 474 3541 lx.
508 3499 550 3540 2.
583 3496 623 3539 h.
657 3499 681 3554 ς
714 3499 756 3542 2.
799 3521 857 3530 —
897 3501 937 3555 7)
971 3496 1080 3543 lbid.
1117 3501 1230 3542 viu.
1267 3502 1336 3542 11.
1371 3501 1418 3542 n.
1453 3500 1537 3557 §a
1582 3525 1638 3534 -
1681 3501 1719 3559 8)
1754 3500 1861 3546 lbid.
1890 3505 2010 3546 vnn

184 3573 253 3614 13.
287 3570 370 3627 91.
405 3598 462 3606 -
493 3577 533 3631 0)
570 3573 674 3619 ibid.
703 3575 770 3618 ix.
804 3578 839 3618 1.
876 3578 957 3633 §L
993 3604 1051 3609 -
1088 3580 1140 3633 10)
1179 3575 1285 3619 ibid.
1323 3579 1436 3621 vm.
1466 3580 1533 3621 14.
1569 3579 1655 3633 §a
