2210 3970
253 212 360 264 658
710 220 1035 261 ANNALES
1090 221 1599 260 cmssnomAm.

250 355 337 400 Cic.
365 370 400 399 c.
419 357 490 399 20.
523 357 563 398 3.
596 356 667 412 Τῇ.
695 353 742 398 δ’
769 353 1002 415 ὑστεραίᾳ
1034 350 1293 415 γενομένων
1324 351 1376 397 ἐν
1403 351 1653 413 συγκλήτῳ
1677 351 1825 412 λόγων
1855 354 1966 414 περὶ
1994 365 2073 397 τιί

249 437 431 495 μωρίας
464 433 557 478 τῶν
590 432 793 494 ἀνδρῶν,
832 431 857 476 ὀ
883 433 1074 493 πρῶτος
1106 431 1370 493 ἐρωτηθεὶς
1401 428 1589 492 γνώμην
1614 428 1826 482 Σιλανὸς
1847 426 1954 475 εἷπε
1979 431 2069 487 τήν.

251 510 459 570 ἐσχάτην
511 511 651 571 δίκην
693 511 870 557 δοῦναι
911 510 1172 573 προσήκειν
1217 509 1462 568 ἀχθέντας
1506 511 1578 560 εἰς
1618 507 1675 554 τὸ
1717 507 2065 569 δεσμωτήριον.

248 592 343 637 Καὶ
373 593 724 652 προσετίθεντο
757 592 916 653 τούτῳ
945 590 1122 642 πάντες
1144 589 1310 648 ἐφεξῆς
1338 588 1483 651 μέχρι
1515 585 1677 632 Γαΐου
1699 590 1948 648 Καίσαρος
1976 588 2065 630 τοῦ

247 669 370 729 μετὰ
402 673 558 716 ταῦτα
584 670 878 732 δικτάτωρος
908 669 1173 733 γενομένου.
1192 672 1395 714 —c.21.
1413 673 1456 713 1.
1489 669 1630 713 Ἐπεὶ
1661 665 1708 711 δ’
1729 660 1815 712 οὖν
1848 664 1875 723 ἦ
1908 663 2071 727 γνώμη

248 746 516 810 περιῆλθεν
542 751 613 801 εἰς
637 748 818 805 αὐτὸν,
849 747 1059 800 ἀναστάς
1083 747 1361 806 ἀπεφήνατο
1376 745 1441 806 μή
1454 749 1708 793 θανατοῦν
1725 746 1843 797 τούς
1866 743 2064 805 ἄνδρας,

248 824 372 872 ἀλλὰ
400 828 487 880 τάς
518 828 691 882 οὐσίας
716 822 847 872 εἶναι
874 827 1110 886 δημοσίας
1127 859 1140 882 ,
1176 825 1362 876 αὐτούς
1389 824 1436 869 δ’
1466 824 1780 883 ἀπαχθέντας
1800 826 1872 875 εἰς
1896 823 2068 872 πόλεις

250 908 335 962 τῆς
360 908 577 958 Ἰταλίας
604 907 662 958 ἃς
688 904 748 950 ἄν
765 904 883 964 δοκῇ
906 903 1142 966 Κικέρωνι
1172 903 1742 970 τηρεῖσθαῂδεδεμένους
1774 902 1888 964 ἄχρι
1915 899 1976 946 ἄν
2008 890 2068 945 οὗ

247 986 623 1044 καταπολεμηθῇ
665 985 954 1035 Κατιλίνας.
987 1009 1048 1016 -·
1080 981 1349 1043 Εἰρημένης
1393 980 1448 1029 δὲ
1489 985 1573 1039 τῆς
1618 983 1828 1046 γνώμης,
1877 981 2072 1042 πρῶτος

248 1061 562 1126 ἀντέκρουσεν
596 1063 721 1122 αὐτῇ
763 1063 958 1114 Κάτλος
1002 1062 1300 1114 Λουτάτιος·
1346 1056 1456 1108 εἶτα
1489 1061 1741 1122 δεξάμενος
1777 1060 1951 1104 Κάτων
1984 1061 2068 1104 καὶ

248 1142 315 1204 τῷ
348 1143 475 1205 λόγῳ
502 1142 726 1204 σφοδρῶς
753 1143 1092 1203 συνεπερείσας
1117 1140 1199 1187 ἐπὶ
1235 1141 1320 1187 τὸν
1349 1145 1577 1204 Καίσαρα
1597 1139 1681 1199 τήν
1706 1138 1942 1185 ὑπόνοιαν
1970 1136 2069 1183 ἐνέ-

247 1224 400 1281 πλησε
425 1225 590 1283 θυμοῦ
619 1225 701 1267 καὶ
735 1221 1041 1283 φρονήματος
1072 1221 1160 1279 τήν
1189 1221 1486 1283 σύγκλητον,
1523 1220 1647 1267 ὥστε
1674 1221 1895 1267 θάνατον
1920 1235 2068 1264 κατα-

248 1304 566 1362 ψηφίσασθαι
599 1301 696 1347 τῶν
733 1299 931 1362 ἀνδρῶν.
975 1298 1059 1345 cfr.
1092 1298 1314 1344 Plutarch.
1346 1302 1437 1345 Cat.
1465 1300 1566 1346 Min.
1598 1315 1640 1345 c.
1661 1302 1734 1344 22.
1766 1302 1809 1343 2.
1884 1297 2065 1359 Appian.

247 1382 295 1424 B.
314 1383 358 1424 C.
378 1393 428 1425 11.
461 1395 499 1424 c.
518 1384 560 1425 5.
606 1376 702 1428 ε,Ων
739 1379 765 1426 ὁ
796 1379 1017 1442 Κικέρων
1048 1381 1330 1438 πυθόμενος
1366 1405 1427 1413 —-
1459 1379 1543 1438 τήν
1574 1377 1762 1443 γνώμην
1792 1377 2067 1434 ἐπετάχυνε.

246 1456 461 1510 Σιλανὸς
487 1456 574 1518 μὲν
596 1459 656 1519 δὴ
681 1460 869 1522 πρῶτος
891 1459 1066 1523 ἔλεγεν,
1107 1459 1162 1511 ὃς
1185 1457 1235 1511 ἐς
1262 1458 1318 1505 τὸ
1343 1457 1519 1519 μέλλον
1543 1456 1690 1520 ᾕρητο
1718 1457 1988 1504 ὑπατεύειν.
2005 1484 2067 1493 --

250 1535 502 1587 Ἀξιοῦντι
539 1536 593 1584 δὲ
631 1539 697 1601 τῷ
727 1539 958 1602 Σιλανῷ,
1001 1540 1119 1591 τούς
1155 1537 1330 1601 ἄνδρας
1361 1535 1543 1602 ἒσχάτῃ
1574 1539 1772 1585 κολάσει
1814 1537 2034 1599 μετιέναι
2054 1571 2068 1594 ,

248 1617 424 1662 πολλοὶ
456 1620 798 1676 συνετίθεντο,
844 1616 964 1676 ἕως,
1001 1617 1083 1664 ἐπὶ
1113 1617 1316 1681 Νέρωνα
1347 1620 1432 1675 τῆς
1463 1616 1649 1682 γνώμης
1678 1619 1994 1680 περιιούσης.
2039 1616 2069 1663 ό

248 1694 419 1758 Νέρων
446 1692 690 1755 ἐδικαίου,
724 1700 987 1757 φυλάττειν
1019 1698 1205 1749 αὐτούς
1234 1695 1378 1759 μέχρι
1408 1700 1681 1744 Κατιλίναν
1706 1697 1903 1750 ἐξέλωσι
1931 1695 2071 1743 πολέ-

251 1793 351 1837 μῳ,
388 1778 470 1821 καὶ
504 1776 564 1822 τοὶ
596 1776 921 1840 ἀκριβέστατα
951 1778 1170 1839 μάθωσι.
1233 1793 1268 1822 c.
1288 1781 1328 1822 6.
1365 1779 1518 1831 Γάϊός
1552 1795 1602 1824 τε
1637 1783 1861 1841 Καῖσαρ,
1899 1778 1958 1824 οὗ
1989 1795 2068 1822 κα-

249 1857 479 1917 θαρεύων
511 1853 599 1916 μὲν
634 1855 866 1910 ὑπονοίας
906 1857 971 1917 μή
1001 1854 1346 1918 συνεγνωκέναι
1379 1865 1483 1910 τοῖς
1516 1856 1747 1921 ἀνδράσι,
1792 1855 2070 1919 Κικέρωνος

252 1933 298 1980 δ’
322 1934 380 1980 οὐ
409 1936 710 1997 θαρροῦντος
737 1939 820 1982 καὶ
844 1935 1006 1991 τόνδε,
1045 1933 1432 1996 ὑπεραρέσκοντα
1461 1937 1702 1999 τῷδήμῳ,
1725 1935 1775 1990 ἐς
1796 1936 1880 1983 τὸν
1909 1935 2068 1999 ἀγῶνα

250 2013 618 2077 προβάλλεσθαι
636 2050 648 2071 ,
685 2017 1006 2078 προσετίθει,
1039 2012 1319 2060 διαθέσθαι
1353 2017 1472 2068 τούς
1504 2015 1680 2079 ἄνδρας
1709 2015 1958 2079 Κικέρωνα
1986 2018 2070 2077 τῆς

253 2094 470 2147 Ἰταλίας
502 2091 554 2139 ἐν
586 2096 791 2141 πόλεσιν
822 2086 900 2147 αἷς
933 2092 992 2139 ἂν
1019 2091 1169 2146 αὐτὸς
1202 2093 1475 2157 δοκιμάσῃ,
1511 2094 1680 2158 μέχρι,
1712 2098 1959 2142 Κατιλίνα
1989 2112 2070 2140 κα-

252 2172 674 2236 ταπολεμηθέντος
694 2210 708 2232 ,
750 2173 800 2228 ἐς
833 2171 1150 2235 δικαστήριον
1190 2173 1480 2231 ὑπαχθῶσι,
1513 2177 1595 2221 καὶ
1624 2171 1774 2235 μηδὲν
1807 2172 2070 2232 ἀνήκεστον

249 2250 301 2306 ἐς
329 2251 505 2315 ἄνδρας
527 2249 827 2313 ἐπιφανεῖςῇ
851 2253 944 2318 πρὸ
971 2254 1119 2316 λόγου
1140 2256 1222 2300 καὶ
1250 2253 1389 2314 δίκης
1417 2252 1795 2318 ἐξειργασμένος.
1857 2248 2076 2300 Δικαίου

249 2330 305 2379 δέ
338 2334 421 2390 τῆς
452 2330 638 2395 γνώμης
667 2337 902 2393 φανείσης
935 2335 1017 2379 καὶ
1050 2332 1344 2392 δεχθείσης,
1388 2332 1611 2397 ἀκρατῶς
1643 2333 1691 2379 οἱ
1724 2334 1899 2379 πολλοὶ
1929 2349 2072 2394 μετε-

250 2415 482 2459 τίθεντο·
514 2411 660 2474 μέχρι
691 2414 889 2469 Κάτων,
925 2411 1013 2471 ἢδη
1045 2411 1210 2471 σαφῶς
1243 2412 1595 2459 ἀνακαλύπτων
1628 2413 1712 2472 τήν
1741 2411 1791 2467 ἐς
1825 2414 1912 2460 τὸν
1942 2416 2072 2459 Καί-

250 2478 376 2553 σαρα
407 2491 651 2551 ὑποψίαν,
691 2495 773 2538 καὶ
803 2492 831 2538 ὁ
861 2491 1113 2554 Κικέρων,
1145 2491 1319 2546 δεδιὼς
1351 2493 1480 2554 ἀμφὶ
1514 2494 1574 2550 τῇ
1608 2495 1746 2539 νυκτὶ
1774 2495 2070 2556 προσιούσῃ,

250 2569 316 2632 μή
351 2568 407 2617 τὸ
434 2571 726 2633 συνεγνωκὸς
755 2579 858 2623 τοῖς
900 2569 1103 2632 ἀνδράσι
1131 2573 1323 2628 πλῆθος
1355 2574 1682 2634 αἰωρούμενον
1715 2570 1789 2618 ἔτι
1819 2575 1922 2618 κατ’
1955 2573 2071 2636 ἀγο-

252 2651 365 2713 ράν,
410 2651 491 2695 καὶ
524 2648 686 2703 δεδιὸς
718 2653 828 2713 περί
864 2667 915 2695 τε
942 2648 1076 2707 σφῶν
1109 2649 1273 2695 αὐτῶν
1307 2653 1388 2698 καὶ
1418 2653 1529 2713 περὶ
1560 2649 1777 2707 ἐκείνων,
1812 2649 2072 2715 ἐργάσηταί

251 2748 303 2777 τι
332 2728 541 2788 ἄτοπον,
577 2728 804 2788 ἔπεισαν,
842 2728 906 2782 ῶς
936 2728 1236 2792 αὐτοφώρων
1263 2728 1376 2776 ἄνευ
1403 2734 1602 2792 κρίσεως
1634 2730 1948 2794 καταγνῶναι.
1995 2731 2074 2775 Dio

250 2825 431 2858 xxxvn.
464 2827 500 2856 c.
520 2815 592 2856 35.
627 2813 668 2855 4.
700 2807 867 2860 Αὐτὸς
893 2806 948 2854 δὲ
975 2807 1028 2853 ἐν
1056 2811 1216 2873 τούτῳ
1246 2808 1332 2867 τήν
1359 2807 1535 2875 βουλήν
1569 2810 1774 2873 ἤθροισε
1791 2845 1804 2868 ,
1840 2814 1924 2857 καί
1944 2827 2071 2869 σφας

250 2891 544 2954 συνταράξας
586 2907 637 2936 τε
679 2891 762 2935 καὶ
794 2886 1069 2947 ἐκφοβήσας
1101 2887 1264 2935 ἔπεισε
1302 2890 1524 2936 θάνατον
1555 2890 1648 2935 τῶν
1684 2889 2072 2952 συνειλημμένων

248 2970 564 3034 καταγνῶναι.
627 2984 662 3013 c.
691 2971 764 3012 36.
790 2970 831 3011 1.
864 2966 1122 3031 Ἐγένοντο
1152 2966 1238 3029 μὲν
1267 2968 1355 3032 γάρ
1384 2966 1680 3029 ἀμφίβολοι,
1716 2972 1798 3015 καὶ
1824 2975 1936 3032 παρ’
1968 2969 2070 3017 ἀλί-

248 3067 333 3115 γον
362 3049 547 3102 αὑτούς
575 3046 846 3093 ἀπέλυσαν·
884 3045 911 3091 o‘
942 3047 1031 3109 γάρ
1061 3051 1281 3111 Καῖσαρ,
1318 3048 1509 3093 πάντων
1536 3048 1632 3093 τῶν
1659 3048 1752 3111 πρὸ
1785 3047 1941 3096 αὑτοῦ
1974 3064 2071 3110 ψη-

248 3129 527 3190 φισαμένων
554 3126 825 3174 ἀποθανεῖν
848 3129 1000 3186 σφᾶς,
1043 3127 1230 3191 γνώμην
1258 3125 1402 3172 ἔδωκε
1433 3126 1582 3185 δῆσαί
1610 3145 1660 3174 τε
1694 3127 1879 3181 αὐτούς
1905 3132 1987 3175 καὶ
2017 3128 2068 3182 ἐς

250 3212 424 3264 πόλεις
468 3210 641 3262 ἄλλους
681 3206 802 3270 ἄλλῃ
835 3205 1182 3264 καταθέσθαι,
1225 3208 1322 3254 τῶν
1358 3206 1540 3254 οὐσιῶν
1578 3206 1947 3271 ἐστερημένους,
1983 3207 2066 3256 ἐπὶ

252 3291 318 3352 τῷ
348 3290 468 3350 μήτε
496 3292 607 3352 περὶ
643 3287 809 3339 ἀδείας
843 3284 918 3332 ἔτι
953 3284 1117 3332 αὐτῶν
1147 3290 1548 3349 χρηματισθῆναί
1582 3291 1634 3335 τί
1662 3304 1804 3345 ποτε,
1842 3288 1931 3334 κάν
1962 3289 2068 3335 δια·

249 3368 405 3431 δράσῃ
432 3386 534 3426 τις,
572 3365 622 3414 ἓν
646 3370 884 3428 πολεμίων
919 3369 1068 3429 μοίρᾳ
1096 3366 1180 3424 τήν
1207 3369 1356 3413 πόλιν
1382 3366 1431 3419 ἐξ
1458 3358 1512 3426 ἧς
1538 3367 1598 3414 ἀν
1628 3370 1759 3432 φύγῃ
1787 3362 1917 3415 εἶναι
1937 3386 1949 3398 ·
1985 3374 2070 3417 καὶ

250 3451 398 3494 τοῦτο
428 3447 603 3499 πάντες
634 3448 681 3494 οἱ
708 3448 829 3508 μετὰ
861 3450 1014 3493 ταῦτα
1031 3445 1394 3507 ἀποφηνάμενοι
1413 3446 1557 3511 μέχρι
1588 3451 1674 3495 τοῦ
1698 3448 1920 3502 Κάτωνος
1952 3449 2063 3511 ἐψη-
