<?xml version="1.0" encoding="UTF-8"?>
<!DOCTYPE html PUBLIC "-//W3C//DTD XHTML 1.0 Transitional//EN"
    "http://www.w3.org/TR/xhtml1/DTD/xhtml1-transitional.dtd">
<html xmlns="http://www.w3.org/1999/xhtml" xml:lang="en" lang="en">
 <head>
  <title>
</title>
<meta http-equiv="Content-Type" content="text/html;charset=utf-8" />
  <meta name='ocr-system' content='tesseract 3.04.00' />
  <meta name='ocr-capabilities' content='ocr_page ocr_carea ocr_par ocr_line ocrx_word'/>
</head>
<body>
  <div class='ocr_page' id='page_1' title='image "./mtulliiciceronis00suriuoft/mtulliiciceronis00suriuoft_0204.png"; bbox 0 0 2150 3990; ppageno 0'>
   <div class='ocr_carea' id='block_1_1' title="bbox 238 254 1485 306">
    <p class='ocr_par' dir='ltr' id='par_1_1' title="bbox 238 254 1485 306">
     <span class='ocr_line' id='line_1_1' title="bbox 238 254 1485 306; baseline -0.001 -3"><span class='ocrx_word' id='word_1_1' title='bbox 238 254 340 304; x_wconf 82' lang='lat'>186</span> <span class='ocrx_word' id='word_1_2' title='bbox 815 264 1024 303; x_wconf 74' lang='lat' dir='ltr'>eicsno</span> <span class='ocrx_word' id='word_1_3' title='bbox 1070 265 1140 303; x_wconf 76' lang='lat' dir='ltr'>nn</span> <span class='ocrx_word' id='word_1_4' title='bbox 1191 264 1328 303; x_wconf 63' lang='lat' dir='ltr'>vira</span> <span class='ocrx_word' id='word_1_5' title='bbox 1380 265 1485 306; x_wconf 77' lang='lat' dir='ltr'>suA</span> 
     </span>
    </p>
   </div>
   <div class='ocr_carea' id='block_1_2' title="bbox 215 393 2048 1878">
    <p class='ocr_par' dir='ltr' id='par_1_2' title="bbox 215 393 2048 1878">
     <span class='ocr_line' id='line_1_2' title="bbox 226 393 2041 470; baseline -0.001 -17"><span class='ocrx_word' id='word_1_6' title='bbox 226 398 476 454; x_wconf 83' lang='lat' dir='ltr'><strong>lacrimas</strong></span> <span class='ocrx_word' id='word_1_7' title='bbox 523 396 848 469; x_wconf 81' lang='lat' dir='ltr'>repudiavit!</span> <span class='ocrx_word' id='word_1_8' title='bbox 909 414 993 454; x_wconf 88' lang='lat' dir='ltr'>mc</span> <span class='ocrx_word' id='word_1_9' title='bbox 1031 399 1209 470; x_wconf 89' lang='lat' dir='ltr'>ipsum</span> <span class='ocrx_word' id='word_1_10' title='bbox 1260 406 1321 454; x_wconf 87' lang='lat' dir='ltr'>ut</span> <span class='ocrx_word' id='word_1_11' title='bbox 1371 397 1691 468; x_wconf 82' lang='lat' dir='ltr'><strong>contempsit</strong></span> <span class='ocrx_word' id='word_1_12' title='bbox 1730 393 1904 451; x_wconf 88' lang='lat' dir='ltr'>helluo</span> <span class='ocrx_word' id='word_1_13' title='bbox 1956 411 2041 467; x_wconf 76' lang='lat' dir='ltr'>pa-</span> 
     </span>
     <span class='ocr_line' id='line_1_3' title="bbox 226 496 2042 571; baseline -0.002 -18"><span class='ocrx_word' id='word_1_14' title='bbox 226 499 395 555; x_wconf 83' lang='lat' dir='ltr'><strong>triae!</strong></span> <span class='ocrx_word' id='word_1_15' title='bbox 454 514 579 554; x_wconf 90' lang='lat' dir='ltr'>nam</span> <span class='ocrx_word' id='word_1_16' title='bbox 618 497 747 571; x_wconf 90' lang='lat' dir='ltr'>quid</span> <span class='ocrx_word' id='word_1_17' title='bbox 791 515 888 570; x_wconf 83' lang='lat' dir='ltr'>ego</span> <span class='ocrx_word' id='word_1_18' title='bbox 931 500 1239 571; x_wconf 81' lang='lat' dir='ltr'>patrimonii</span> <span class='ocrx_word' id='word_1_19' title='bbox 1275 500 1480 563; x_wconf 89' lang='lat' dir='ltr'>dicam,</span> <span class='ocrx_word' id='word_1_20' title='bbox 1520 497 1660 570; x_wconf 90' lang='lat' dir='ltr'>quod</span> <span class='ocrx_word' id='word_1_21' title='bbox 1699 496 1822 560; x_wconf 84' lang='lat' dir='ltr'>ille,</span> <span class='ocrx_word' id='word_1_22' title='bbox 1874 511 2042 568; x_wconf 89' lang='lat' dir='ltr'>quum</span> 
     </span>
     <span class='ocr_line' id='line_1_4' title="bbox 223 594 2040 672; baseline -0.002 -18"><span class='ocrx_word' id='word_1_23' title='bbox 223 605 509 672; x_wconf 89' lang='lat' dir='ltr'>quaestum</span> <span class='ocrx_word' id='word_1_24' title='bbox 554 597 782 664; x_wconf 84' lang='lat' dir='ltr'>faceret,</span> <span class='ocrx_word' id='word_1_25' title='bbox 821 599 1038 654; x_wconf 81' lang='lat' dir='ltr'>amisit?</span> <span class='ocrx_word' id='word_1_26' title='bbox 1119 601 1257 655; x_wconf 85' lang='lat' dir='ltr'>Tum</span> <span class='ocrx_word' id='word_1_27' title='bbox 1294 600 1378 654; x_wconf 88' lang='lat' dir='ltr'>vir</span> <span class='ocrx_word' id='word_1_28' title='bbox 1417 595 1716 653; x_wconf 80' lang='lat' dir='ltr'>incredibili</span> <span class='ocrx_word' id='word_1_29' title='bbox 1757 594 1895 659; x_wconf 80' lang='lat' dir='ltr'>fide,</span> <span class='ocrx_word' id='word_1_30' title='bbox 1933 611 2040 650; x_wconf 89' lang='lat' dir='ltr'>ma-</span> 
     </span>
     <span class='ocr_line' id='line_1_5' title="bbox 224 695 2043 772; baseline -0.001 -17"><span class='ocrx_word' id='word_1_31' title='bbox 224 699 508 772; x_wconf 81' lang='lat' dir='ltr'>gnitudine</span> <span class='ocrx_word' id='word_1_32' title='bbox 539 700 743 765; x_wconf 85' lang='lat' dir='ltr'>animi,</span> <span class='ocrx_word' id='word_1_33' title='bbox 782 701 1118 765; x_wconf 87' lang='lat' dir='ltr'>constantia,</span> <span class='ocrx_word' id='word_1_34' title='bbox 1170 701 1226 754; x_wconf 92' lang='lat' dir='ltr'>L.</span> <span class='ocrx_word' id='word_1_35' title='bbox 1268 700 1525 764; x_wconf 88' lang='lat' dir='ltr'>Ninnius,</span> <span class='ocrx_word' id='word_1_36' title='bbox 1577 696 1645 754; x_wconf 91' lang='lat' dir='ltr'>ad</span> <span class='ocrx_word' id='word_1_37' title='bbox 1690 702 1937 753; x_wconf 87' lang='lat' dir='ltr'>senatum</span> <span class='ocrx_word' id='word_1_38' title='bbox 1976 695 2043 754; x_wconf 86' lang='lat' dir='ltr'>de</span> 
     </span>
     <span class='ocr_line' id='line_1_6' title="bbox 222 798 2043 874; baseline -0.003 -18"><span class='ocrx_word' id='word_1_39' title='bbox 222 800 499 874; x_wconf 83' lang='lat' dir='ltr'>republica</span> <span class='ocrx_word' id='word_1_40' title='bbox 530 800 743 864; x_wconf 89' lang='lat' dir='ltr'>retulit,</span> <span class='ocrx_word' id='word_1_41' title='bbox 783 807 1109 872; x_wconf 81' lang='lat' dir='ltr'>senatusque</span> <span class='ocrx_word' id='word_1_42' title='bbox 1146 798 1402 872; x_wconf 83' lang='lat' dir='ltr'>frequens</span> <span class='ocrx_word' id='word_1_43' title='bbox 1436 805 1639 855; x_wconf 87' lang='lat' dir='ltr'>vestem</span> <span class='ocrx_word' id='word_1_44' title='bbox 1671 814 1768 870; x_wconf 87' lang='lat' dir='ltr'>pro</span> <span class='ocrx_word' id='word_1_45' title='bbox 1806 813 1926 861; x_wconf 77' lang='lat' dir='ltr'>mea</span> <span class='ocrx_word' id='word_1_46' title='bbox 1958 813 2043 851; x_wconf 84' lang='lat' dir='ltr'>sa-</span> 
     </span>
     <span class='ocr_line' id='line_1_7' title="bbox 225 896 2043 964; baseline -0.003 -7"><span class='ocrx_word' id='word_1_47' title='bbox 225 901 338 957; x_wconf 88' lang='lat' dir='ltr'>lute</span> <span class='ocrx_word' id='word_1_48' title='bbox 375 899 690 956; x_wconf 83' lang='lat' dir='ltr'>mutandam</span> <span class='ocrx_word' id='word_1_49' title='bbox 730 900 958 954; x_wconf 90' lang='lat' dir='ltr'>censuit.</span> <span class='ocrx_word' id='word_1_50' title='bbox 1037 903 1126 954; x_wconf 85' lang='lat'>66.</span> <span class='ocrx_word' id='word_1_51' title='bbox 1166 898 1211 955; x_wconf 82' lang='lat'>0</span> <span class='ocrx_word' id='word_1_52' title='bbox 1244 898 1391 954; x_wconf 86' lang='lat' dir='ltr'>diem</span> <span class='ocrx_word' id='word_1_53' title='bbox 1426 898 1612 964; x_wconf 83' lang='lat' dir='ltr'>illum,</span> <span class='ocrx_word' id='word_1_54' title='bbox 1658 896 1942 954; x_wconf 76' lang='lat' dir='ltr'>funestum.</span> <span class='ocrx_word' id='word_1_55' title='bbox 1967 911 2043 952; x_wconf 88' lang='lat' dir='ltr'>se·</span> 
     </span>
     <span class='ocr_line' id='line_1_8' title="bbox 225 995 2045 1072; baseline -0.002 -16"><span class='ocrx_word' id='word_1_56' title='bbox 225 1002 376 1056; x_wconf 89' lang='lat' dir='ltr'>natui</span> <span class='ocrx_word' id='word_1_57' title='bbox 397 1041 413 1065; x_wconf 91' lang='lat'><em>,</em></span> <span class='ocrx_word' id='word_1_58' title='bbox 452 1000 711 1072; x_wconf 85' lang='lat' dir='ltr'>boni-sque</span> <span class='ocrx_word' id='word_1_59' title='bbox 747 998 1027 1055; x_wconf 84' lang='lat' dir='ltr'>omnibus!</span> <span class='ocrx_word' id='word_1_60' title='bbox 1068 999 1394 1072; x_wconf 84' lang='lat' dir='ltr'>reipublicae</span> <span class='ocrx_word' id='word_1_61' title='bbox 1428 999 1764 1065; x_wconf 74' lang='lat' dir='ltr'>luctuosum!</span> <span class='ocrx_word' id='word_1_62' title='bbox 1805 997 1940 1053; x_wconf 89' lang='lat' dir='ltr'>mihi</span> <span class='ocrx_word' id='word_1_63' title='bbox 1978 995 2045 1054; x_wconf 82' lang='lat' dir='ltr'>ad</span> 
     </span>
     <span class='ocr_line' id='line_1_9' title="bbox 221 1097 2046 1172; baseline -0.001 -18"><span class='ocrx_word' id='word_1_64' title='bbox 221 1100 577 1155; x_wconf 89' lang='lat' dir='ltr'>domesticum</span> <span class='ocrx_word' id='word_1_65' title='bbox 623 1114 920 1154; x_wconf 89' lang='lat' dir='ltr'>maerorem</span> <span class='ocrx_word' id='word_1_66' title='bbox 960 1102 1210 1172; x_wconf 78' lang='lat' dir='ltr'>gravem!</span> <span class='ocrx_word' id='word_1_67' title='bbox 1252 1098 1319 1155; x_wconf 85' lang='lat' dir='ltr'>ad</span> <span class='ocrx_word' id='word_1_68' title='bbox 1354 1098 1688 1171; x_wconf 79' lang='lat' dir='ltr'>posteritatis</span> <span class='ocrx_word' id='word_1_69' title='bbox 1713 1097 2046 1153; x_wconf 70' lang='lat' dir='ltr'>:memoriam</span> 
     </span>
     <span class='ocr_line' id='line_1_10' title="bbox 218 1195 2047 1273; baseline -0.002 -19"><span class='ocrx_word' id='word_1_70' title='bbox 218 1199 546 1271; x_wconf 82' lang='lat' dir='ltr'>gloriosum!</span> <span class='ocrx_word' id='word_1_71' title='bbox 627 1199 766 1268; x_wconf 85' lang='lat' dir='ltr'>Quid</span> <span class='ocrx_word' id='word_1_72' title='bbox 793 1200 939 1256; x_wconf 88' lang='lat' dir='ltr'>enim</span> <span class='ocrx_word' id='word_1_73' title='bbox 972 1201 1257 1273; x_wconf 88' lang='lat' dir='ltr'>quisquam</span> <span class='ocrx_word' id='word_1_74' title='bbox 1290 1205 1467 1272; x_wconf 87' lang='lat' dir='ltr'>potest</span> <span class='ocrx_word' id='word_1_75' title='bbox 1487 1204 1564 1254; x_wconf 51' lang='lat' dir='ltr'>aex</span> <span class='ocrx_word' id='word_1_76' title='bbox 1603 1197 1750 1254; x_wconf 84' lang='lat' dir='ltr'>omni</span> <span class='ocrx_word' id='word_1_77' title='bbox 1786 1195 2047 1254; x_wconf 86' lang='lat' dir='ltr'>memoria</span> 
     </span>
     <span class='ocr_line' id='line_1_11' title="bbox 216 1297 2045 1374; baseline -0.002 -18"><span class='ocrx_word' id='word_1_78' title='bbox 216 1316 436 1357; x_wconf 85' lang='lat' dir='ltr'>sumere</span> <span class='ocrx_word' id='word_1_79' title='bbox 474 1301 768 1367; x_wconf 78' lang='lat' dir='ltr'>illustriuS,</span> <span class='ocrx_word' id='word_1_80' title='bbox 817 1316 980 1374; x_wconf 89' lang='lat' dir='ltr'>quam</span> <span class='ocrx_word' id='word_1_81' title='bbox 1017 1317 1116 1374; x_wconf 90' lang='lat' dir='ltr'>pro</span> <span class='ocrx_word' id='word_1_82' title='bbox 1155 1317 1262 1356; x_wconf 93' lang='lat' dir='ltr'>uno</span> <span class='ocrx_word' id='word_1_83' title='bbox 1294 1301 1401 1356; x_wconf 88' lang='lat' dir='ltr'>civi</span> <span class='ocrx_word' id='word_1_84' title='bbox 1432 1306 1488 1356; x_wconf 86' lang='lat' dir='ltr'>et</span> <span class='ocrx_word' id='word_1_85' title='bbox 1514 1299 1683 1355; x_wconf 86' lang='lat' dir='ltr'>bonos</span> <span class='ocrx_word' id='word_1_86' title='bbox 1719 1314 1907 1354; x_wconf 80' lang='lat' dir='ltr'>omnes</span> <span class='ocrx_word' id='word_1_87' title='bbox 1938 1297 2045 1370; x_wconf 87' lang='lat' dir='ltr'>pri·-</span> 
     </span>
     <span class='ocr_line' id='line_1_12' title="bbox 215 1397 2044 1473; baseline -0.002 -17"><span class='ocrx_word' id='word_1_88' title='bbox 215 1408 342 1456; x_wconf 79' lang='lat' dir='ltr'>vato</span> <span class='ocrx_word' id='word_1_89' title='bbox 380 1417 645 1458; x_wconf 86' lang='lat' dir='ltr'>consensu</span> <span class='ocrx_word' id='word_1_90' title='bbox 685 1409 739 1457; x_wconf 90' lang='lat' dir='ltr'>et</span> <span class='ocrx_word' id='word_1_91' title='bbox 777 1402 1091 1457; x_wconf 89' lang='lat' dir='ltr'>universum</span> <span class='ocrx_word' id='word_1_92' title='bbox 1130 1407 1379 1456; x_wconf 88' lang='lat' dir='ltr'>senatum</span> <span class='ocrx_word' id='word_1_93' title='bbox 1413 1398 1632 1473; x_wconf 85' lang='lat' dir='ltr'>publico</span> <span class='ocrx_word' id='word_1_94' title='bbox 1666 1397 1892 1454; x_wconf 82' lang='lat' dir='ltr'>consilio</span> <span class='ocrx_word' id='word_1_95' title='bbox 1926 1413 2044 1453; x_wconf 84' lang='lat' dir='ltr'>mu-</span> 
     </span>
     <span class='ocr_line' id='line_1_13' title="bbox 220 1497 2048 1576; baseline -0.001 -19"><span class='ocrx_word' id='word_1_96' title='bbox 220 1508 363 1559; x_wconf 83' lang='lat' dir='ltr'>tasse</span> <span class='ocrx_word' id='word_1_97' title='bbox 399 1503 639 1559; x_wconf 80' lang='lat' dir='ltr'>vestem?</span> <span class='ocrx_word' id='word_1_98' title='bbox 680 1518 817 1576; x_wconf 88' lang='lat' dir='ltr'>quae</span> <span class='ocrx_word' id='word_1_99' title='bbox 843 1502 1060 1575; x_wconf 86' lang='lat' dir='ltr'>quidem</span> <span class='ocrx_word' id='word_1_100' title='bbox 1099 1508 1217 1557; x_wconf 86' lang='lat' dir='ltr'>tum</span> <span class='ocrx_word' id='word_1_101' title='bbox 1250 1502 1480 1557; x_wconf 84' lang='lat' dir='ltr'>mutatio</span> <span class='ocrx_word' id='word_1_102' title='bbox 1519 1517 1625 1555; x_wconf 90' lang='lat' dir='ltr'>non</span> <span class='ocrx_word' id='word_1_103' title='bbox 1657 1497 2048 1571; x_wconf 83' lang='lat' dir='ltr'>deprecationis</span> 
     </span>
     <span class='ocr_line' id='line_1_14' title="bbox 216 1597 2048 1676; baseline -0.003 -17"><span class='ocrx_word' id='word_1_104' title='bbox 216 1618 412 1676; x_wconf 79' lang='lat' dir='ltr'>caussa</span> <span class='ocrx_word' id='word_1_105' title='bbox 467 1610 551 1658; x_wconf 87' lang='lat' dir='ltr'>est</span> <span class='ocrx_word' id='word_1_106' title='bbox 599 1602 773 1668; x_wconf 80' lang='lat' dir='ltr'>facta,</span> <span class='ocrx_word' id='word_1_107' title='bbox 829 1602 923 1658; x_wconf 89' lang='lat' dir='ltr'>sed</span> <span class='ocrx_word' id='word_1_108' title='bbox 980 1602 1177 1657; x_wconf 74' lang='lat' dir='ltr'>luctus,</span> <span class='ocrx_word' id='word_1_109' title='bbox 1254 1600 1426 1669; x_wconf 83' lang='lat' dir='ltr'>Quem</span> <span class='ocrx_word' id='word_1_110' title='bbox 1482 1600 1628 1655; x_wconf 87' lang='lat' dir='ltr'>enim</span> <span class='ocrx_word' id='word_1_111' title='bbox 1671 1597 2048 1672; x_wconf 75' lang='lat' dir='ltr'>deprecarere,</span> 
     </span>
     <span class='ocr_line' id='line_1_15' title="bbox 220 1699 2045 1775; baseline 0 -17"><span class='ocrx_word' id='word_1_112' title='bbox 220 1718 401 1775; x_wconf 9' lang='lat' dir='ltr'>quum?</span> <span class='ocrx_word' id='word_1_113' title='bbox 421 1718 606 1758; x_wconf 89' lang='lat' dir='ltr'>omnes</span> <span class='ocrx_word' id='word_1_114' title='bbox 643 1710 822 1758; x_wconf 91' lang='lat' dir='ltr'>essent</span> <span class='ocrx_word' id='word_1_115' title='bbox 853 1701 1149 1758; x_wconf 79' lang='lat' dir='ltr'>sordidati?</span> <span class='ocrx_word' id='word_1_116' title='bbox 1183 1716 1468 1775; x_wconf 74' lang='lat' dir='ltr'>quumque</span> <span class='ocrx_word' id='word_1_117' title='bbox 1497 1699 1768 1756; x_wconf 78' lang='lat' dir='ltr'>hoc-satis</span> <span class='ocrx_word' id='word_1_118' title='bbox 1799 1705 1946 1755; x_wconf 79' lang='lat' dir='ltr'>esset</span> <span class='ocrx_word' id='word_1_119' title='bbox 1976 1699 2045 1758; x_wconf 79' lang='lat' dir='ltr'>si.-</span> 
     </span>
     <span class='ocr_line' id='line_1_16' title="bbox 219 1801 1845 1878; baseline -0.001 -20"><span class='ocrx_word' id='word_1_120' title='bbox 219 1804 346 1875; x_wconf 87' lang='lat' dir='ltr'>gni,</span> <span class='ocrx_word' id='word_1_121' title='bbox 385 1820 502 1861; x_wconf 90' lang='lat' dir='ltr'>esse</span> <span class='ocrx_word' id='word_1_122' title='bbox 541 1803 842 1878; x_wconf 86' lang='lat' dir='ltr'>improbum</span> <span class='ocrx_word' id='word_1_123' title='bbox 863 1846 878 1870; x_wconf 93' lang='lat'><strong>,</strong></span> <span class='ocrx_word' id='word_1_124' title='bbox 918 1806 1010 1878; x_wconf 89' lang='lat' dir='ltr'>qui</span> <span class='ocrx_word' id='word_1_125' title='bbox 1051 1809 1260 1860; x_wconf 87' lang='lat' dir='ltr'>mutata</span> <span class='ocrx_word' id='word_1_126' title='bbox 1287 1808 1436 1859; x_wconf 82' lang='lat' dir='ltr'>veste</span> <span class='ocrx_word' id='word_1_127' title='bbox 1467 1818 1573 1859; x_wconf 81' lang='lat' dir='ltr'>non</span> <span class='ocrx_word' id='word_1_128' title='bbox 1605 1801 1787 1868; x_wconf 57' lang='lat' dir='ltr'>esset?</span> <span class='ocrx_word' id='word_1_129' title='bbox 1840 1813 1845 1815; x_wconf 61' lang='lat'><strong><em>‘</em></strong></span> 
     </span>
    </p>
   </div>
   <div class='ocr_carea' id='block_1_3' title="bbox 207 2001 2138 3586">
    <p class='ocr_par' dir='ltr' id='par_1_3' title="bbox 207 2001 2138 3586">
     <span class='ocr_line' id='line_1_17' title="bbox 213 2001 2047 2069; baseline -0.001 -8"><span class='ocrx_word' id='word_1_130' title='bbox 213 2047 218 2051; x_wconf 80' lang='grc'><em>.</em></span> <span class='ocrx_word' id='word_1_131' title='bbox 295 2004 508 2061; x_wconf 88' lang='lat' dir='ltr'>XXVII.</span> <span class='ocrx_word' id='word_1_132' title='bbox 587 2008 675 2061; x_wconf 82' lang='lat'>67.</span> <span class='ocrx_word' id='word_1_133' title='bbox 719 2005 830 2061; x_wconf 89' lang='lat' dir='ltr'>Hac</span> <span class='ocrx_word' id='word_1_134' title='bbox 869 2006 1167 2061; x_wconf 83' lang='lat' dir='ltr'>mutatione</span> <span class='ocrx_word' id='word_1_135' title='bbox 1190 2005 1357 2061; x_wconf 88' lang='lat' dir='ltr'>vestis</span> <span class='ocrx_word' id='word_1_136' title='bbox 1388 2003 1573 2069; x_wconf 65' lang='lat' dir='ltr'>tacta,</span> <span class='ocrx_word' id='word_1_137' title='bbox 1614 2008 1762 2058; x_wconf 83' lang='lat' dir='ltr'>tanto</span> <span class='ocrx_word' id='word_1_138' title='bbox 1800 2003 1857 2058; x_wconf 88' lang='lat' dir='ltr'>in</span> <span class='ocrx_word' id='word_1_139' title='bbox 1892 2001 2047 2059; x_wconf 87' lang='lat' dir='ltr'>luctu</span> 
     </span>
     <span class='ocr_line' id='line_1_18' title="bbox 220 2099 2045 2177; baseline -0.002 -17"><span class='ocrx_word' id='word_1_140' title='bbox 220 2105 486 2170; x_wconf 78' lang='lat' dir='ltr'>civitatiS,</span> <span class='ocrx_word' id='word_1_141' title='bbox 526 2106 745 2170; x_wconf 88' lang='lat' dir='ltr'>omitto,</span> <span class='ocrx_word' id='word_1_142' title='bbox 798 2105 928 2177; x_wconf 83' lang='lat' dir='ltr'>quid</span> <span class='ocrx_word' id='word_1_143' title='bbox 963 2104 1056 2160; x_wconf 81' lang='lat' dir='ltr'>ille</span> <span class='ocrx_word' id='word_1_144' title='bbox 1093 2103 1384 2169; x_wconf 65' lang='lat' dir='ltr'>tribuum,</span> <span class='ocrx_word' id='word_1_145' title='bbox 1419 2103 1665 2159; x_wconf 82' lang='lat' dir='ltr'>onmium</span> <span class='ocrx_word' id='word_1_146' title='bbox 1694 2116 1881 2156; x_wconf 73' lang='lat' dir='ltr'>rerum</span> <span class='ocrx_word' id='word_1_147' title='bbox 1913 2099 2045 2157; x_wconf 78' lang='lat' dir='ltr'>divi-</span> 
     </span>
     <span class='ocr_line' id='line_1_19' title="bbox 217 2201 2046 2279; baseline -0.003 -18"><span class='ocrx_word' id='word_1_148' title='bbox 217 2222 411 2262; x_wconf 88' lang='lat' dir='ltr'>narum</span> <span class='ocrx_word' id='word_1_149' title='bbox 451 2205 919 2279; x_wconf 87' lang='lat' dir='ltr'>humanarumque</span> <span class='ocrx_word' id='word_1_150' title='bbox 956 2204 1153 2278; x_wconf 90' lang='lat' dir='ltr'>praedo</span> <span class='ocrx_word' id='word_1_151' title='bbox 1173 2247 1188 2271; x_wconf 92' lang='lat'><strong>,</strong></span> <span class='ocrx_word' id='word_1_152' title='bbox 1219 2203 1442 2260; x_wconf 72' lang='lat' dir='ltr'>fecerit:</span> <span class='ocrx_word' id='word_1_153' title='bbox 1483 2204 1578 2276; x_wconf 90' lang='lat' dir='ltr'>qui</span> <span class='ocrx_word' id='word_1_154' title='bbox 1617 2202 1802 2258; x_wconf 89' lang='lat' dir='ltr'>adesse</span> <span class='ocrx_word' id='word_1_155' title='bbox 1833 2201 2046 2257; x_wconf 89' lang='lat' dir='ltr'>nobilis-</span> 
     </span>
     <span class='ocr_line' id='line_1_20' title="bbox 217 2301 2042 2378; baseline -0.002 -16"><span class='ocrx_word' id='word_1_156' title='bbox 217 2307 384 2363; x_wconf 88' lang='lat' dir='ltr'>simos</span> <span class='ocrx_word' id='word_1_157' title='bbox 420 2306 808 2372; x_wconf 87' lang='lat' dir='ltr'>adolescentes,</span> <span class='ocrx_word' id='word_1_158' title='bbox 849 2306 1254 2362; x_wconf 83' lang='lat' dir='ltr'>honestissimos</span> <span class='ocrx_word' id='word_1_159' title='bbox 1291 2305 1501 2378; x_wconf 84' lang='lat' dir='ltr'>equites</span> <span class='ocrx_word' id='word_1_160' title='bbox 1519 2303 1820 2368; x_wconf 81' lang='lat' dir='ltr'>Romanos,</span> <span class='ocrx_word' id='word_1_161' title='bbox 1860 2301 2042 2375; x_wconf 83' lang='lat' dir='ltr'>dep&#39;re-</span> 
     </span>
     <span class='ocr_line' id='line_1_21' title="bbox 217 2406 2046 2479; baseline 0 -17"><span class='ocrx_word' id='word_1_162' title='bbox 217 2414 426 2462; x_wconf 85' lang='lat' dir='ltr'>catores</span> <span class='ocrx_word' id='word_1_163' title='bbox 471 2407 666 2462; x_wconf 88' lang='lat' dir='ltr'>salutis</span> <span class='ocrx_word' id='word_1_164' title='bbox 712 2421 890 2472; x_wconf 88' lang='lat' dir='ltr'>meae,</span> <span class='ocrx_word' id='word_1_165' title='bbox 943 2406 1192 2472; x_wconf 85' lang='lat' dir='ltr'>iusseri-t,</span> <span class='ocrx_word' id='word_1_166' title='bbox 1244 2421 1444 2479; x_wconf 82' lang='lat' dir='ltr'>eosque</span> <span class='ocrx_word' id='word_1_167' title='bbox 1481 2420 1767 2478; x_wconf 86' lang='lat' dir='ltr'>operarum</span> <span class='ocrx_word' id='word_1_168' title='bbox 1816 2418 2046 2462; x_wconf 79' lang='lat' dir='ltr'>suarum</span> 
     </span>
     <span class='ocr_line' id='line_1_22' title="bbox 207 2504 2044 2580; baseline 0.001 -19"><span class='ocrx_word' id='word_1_169' title='bbox 207 2506 418 2580; x_wconf 79' lang='lat' dir='ltr'>-gzladiis</span> <span class='ocrx_word' id='word_1_170' title='bbox 454 2514 510 2563; x_wconf 87' lang='lat' dir='ltr'>et</span> <span class='ocrx_word' id='word_1_171' title='bbox 553 2505 821 2580; x_wconf 84' lang='lat' dir='ltr'>lapidibus</span> <span class='ocrx_word' id='word_1_172' title='bbox 860 2504 1143 2562; x_wconf 82' lang='lat' dir='ltr'>obiecerit:</span> <span class='ocrx_word' id='word_1_173' title='bbox 1203 2505 1270 2562; x_wconf 89' lang='lat' dir='ltr'>de</span> <span class='ocrx_word' id='word_1_174' title='bbox 1303 2505 1615 2562; x_wconf 88' lang='lat' dir='ltr'>consulibus</span> <span class='ocrx_word' id='word_1_175' title='bbox 1656 2505 1844 2578; x_wconf 80' lang='lat' dir='ltr'>loquor</span> <span class='ocrx_word' id='word_1_176' title='bbox 1863 2546 1879 2570; x_wconf 89' lang='lat'><em>‚</em></span> <span class='ocrx_word' id='word_1_177' title='bbox 1917 2521 2044 2578; x_wconf 86' lang='lat' dir='ltr'>quo·</span> 
     </span>
     <span class='ocr_line' id='line_1_23' title="bbox 219 2605 2044 2681; baseline -0.001 -17"><span class='ocrx_word' id='word_1_178' title='bbox 219 2624 345 2664; x_wconf 89' lang='lat' dir='ltr'>rum</span> <span class='ocrx_word' id='word_1_179' title='bbox 375 2607 482 2663; x_wconf 85' lang='lat' dir='ltr'>fide</span> <span class='ocrx_word' id='word_1_180' title='bbox 515 2607 818 2681; x_wconf 88' lang='lat' dir='ltr'>respublica</span> <span class='ocrx_word' id='word_1_181' title='bbox 857 2607 958 2662; x_wconf 87' lang='lat' dir='ltr'>niti</span> <span class='ocrx_word' id='word_1_182' title='bbox 997 2606 1201 2662; x_wconf 83' lang='lat' dir='ltr'>debuit.</span> <span class='ocrx_word' id='word_1_183' title='bbox 1275 2607 1634 2662; x_wconf 87' lang='lat' dir='ltr'>Exanimatus</span> <span class='ocrx_word' id='word_1_184' title='bbox 1659 2605 1837 2662; x_wconf 76' lang='lat' dir='ltr'>evolat</span> <span class='ocrx_word' id='word_1_185' title='bbox 1867 2622 1933 2662; x_wconf 85' lang='lat' dir='ltr'>ex</span> <span class='ocrx_word' id='word_1_186' title='bbox 1966 2622 2044 2663; x_wconf 85' lang='lat' dir='ltr'>se·</span> 
     </span>
     <span class='ocr_line' id='line_1_24' title="bbox 215 2704 2042 2780; baseline 0.001 -17"><span class='ocrx_word' id='word_1_187' title='bbox 215 2714 353 2763; x_wconf 81' lang='lat' dir='ltr'>natu</span> <span class='ocrx_word' id='word_1_188' title='bbox 384 2707 642 2764; x_wconf 85' lang='lat' dir='ltr'>Gabinius</span> <span class='ocrx_word' id='word_1_189' title='bbox 662 2749 678 2772; x_wconf 93' lang='lat'>,</span> <span class='ocrx_word' id='word_1_190' title='bbox 718 2723 824 2762; x_wconf 87' lang='lat' dir='ltr'>non</span> <span class='ocrx_word' id='word_1_191' title='bbox 863 2707 1046 2763; x_wconf 88' lang='lat' dir='ltr'>minus</span> <span class='ocrx_word' id='word_1_192' title='bbox 1078 2705 1390 2780; x_wconf 81' lang='lat' dir='ltr'>perturbato</span> <span class='ocrx_word' id='word_1_193' title='bbox 1434 2707 1614 2763; x_wconf 89' lang='lat' dir='ltr'>animo</span> <span class='ocrx_word' id='word_1_194' title='bbox 1652 2713 1815 2779; x_wconf 88' lang='lat' dir='ltr'>atque</span> <span class='ocrx_word' id='word_1_195' title='bbox 1853 2704 2042 2771; x_wconf 82' lang='lat' dir='ltr'>vultu,</span> 
     </span>
     <span class='ocr_line' id='line_1_25' title="bbox 219 2806 2043 2882; baseline -0.001 -18"><span class='ocrx_word' id='word_1_196' title='bbox 219 2823 384 2882; x_wconf 88' lang='lat' dir='ltr'>quam</span> <span class='ocrx_word' id='word_1_197' title='bbox 426 2809 475 2864; x_wconf 84' lang='lat' dir='ltr'>si</span> <span class='ocrx_word' id='word_1_198' title='bbox 515 2809 702 2881; x_wconf 83' lang='lat' dir='ltr'>paucis</span> <span class='ocrx_word' id='word_1_199' title='bbox 734 2814 859 2863; x_wconf 88' lang='lat' dir='ltr'>ante</span> <span class='ocrx_word' id='word_1_200' title='bbox 897 2807 1053 2863; x_wconf 77' lang='lat' dir='ltr'>armis</span> <span class='ocrx_word' id='word_1_201' title='bbox 1084 2809 1142 2863; x_wconf 87' lang='lat' dir='ltr'>in</span> <span class='ocrx_word' id='word_1_202' title='bbox 1175 2807 1504 2865; x_wconf 79' lang='lat' dir='ltr'>creditorum</span> <span class='ocrx_word' id='word_1_203' title='bbox 1551 2813 1874 2863; x_wconf 83' lang='lat' dir='ltr'>conventum</span> <span class='ocrx_word' id='word_1_204' title='bbox 1913 2806 2043 2863; x_wconf 85' lang='lat' dir='ltr'>inci·</span> 
     </span>
     <span class='ocr_line' id='line_1_26' title="bbox 213 2906 2120 2997; baseline -0.001 -33"><span class='ocrx_word' id='word_1_205' title='bbox 213 2909 402 2966; x_wconf 89' lang='lat' dir='ltr'>disset.</span> <span class='ocrx_word' id='word_1_206' title='bbox 481 2908 719 2965; x_wconf 84' lang='lat' dir='ltr'>Advocat</span> <span class='ocrx_word' id='word_1_207' title='bbox 768 2909 1114 2964; x_wconf 89' lang='lat' dir='ltr'>concionem:</span> <span class='ocrx_word' id='word_1_208' title='bbox 1168 2907 1328 2964; x_wconf 86' lang='lat' dir='ltr'>habet</span> <span class='ocrx_word' id='word_1_209' title='bbox 1365 2908 1661 2964; x_wconf 88' lang='lat' dir='ltr'>orationem</span> <span class='ocrx_word' id='word_1_210' title='bbox 1711 2906 1874 2962; x_wconf 87' lang='lat' dir='ltr'>talem</span> <span class='ocrx_word' id='word_1_211' title='bbox 1921 2923 2043 2962; x_wconf 86' lang='lat' dir='ltr'>con·</span> <span class='ocrx_word' id='word_1_212' title='bbox 2098 2977 2120 2997; x_wconf 36' lang='lat'><em>⁶</em></span> 
     </span>
     <span class='ocr_line' id='line_1_27' title="bbox 215 3005 2138 3083; baseline -0.002 -17"><span class='ocrx_word' id='word_1_213' title='bbox 215 3011 338 3077; x_wconf 88' lang='lat' dir='ltr'>sul,</span> <span class='ocrx_word' id='word_1_214' title='bbox 391 3005 602 3083; x_wconf 84' lang='lat' dir='ltr'>qualem</span> <span class='ocrx_word' id='word_1_215' title='bbox 642 3024 938 3083; x_wconf 86' lang='lat' dir='ltr'>numquam</span> <span class='ocrx_word' id='word_1_216' title='bbox 978 3008 1206 3065; x_wconf 87' lang='lat' dir='ltr'>Catilina</span> <span class='ocrx_word' id='word_1_217' title='bbox 1257 3009 1430 3065; x_wconf 81' lang='lat' dir='ltr'>victor</span> <span class='ocrx_word' id='word_1_218' title='bbox 1480 3009 1782 3065; x_wconf 85' lang='lat' dir='ltr'>habuisset:</span> <span class='ocrx_word' id='word_1_219' title='bbox 1841 3007 2044 3064; x_wconf 84' lang='lat' dir='ltr'>Errare</span> <span class='ocrx_word' id='word_1_220' title='bbox 2135 3042 2138 3047; x_wconf 34' lang='grc' dir='ltr'><strong><em>ι</em></strong></span> 
     </span>
     <span class='ocr_line' id='line_1_28' title="bbox 222 3110 2044 3184; baseline -0.001 -19"><span class='ocrx_word' id='word_1_221' title='bbox 222 3111 481 3176; x_wconf 72' lang='grc' dir='ltr'><strong><em>Ιιωηίπεε,</em></strong></span> <span class='ocrx_word' id='word_1_222' title='bbox 529 3111 576 3165; x_wconf 77' lang='lat' dir='ltr'>si</span> <span class='ocrx_word' id='word_1_223' title='bbox 614 3112 772 3166; x_wconf 80' lang='lat' dir='ltr'>etiam</span> <span class='ocrx_word' id='word_1_224' title='bbox 803 3118 920 3165; x_wconf 66' lang='lat' dir='ltr'>tum</span> <span class='ocrx_word' id='word_1_225' title='bbox 970 3118 1204 3165; x_wconf 80' lang='lat' dir='ltr'>senatum</span> <span class='ocrx_word' id='word_1_226' title='bbox 1244 3110 1446 3184; x_wconf 77' lang='lat' dir='ltr'>aliquid</span> <span class='ocrx_word' id='word_1_227' title='bbox 1482 3111 1538 3165; x_wconf 65' lang='lat' dir='ltr'>iu</span> <span class='ocrx_word' id='word_1_228' title='bbox 1586 3110 1852 3182; x_wconf 77' lang='lat' dir='ltr'>republica</span> <span class='ocrx_word' id='word_1_229' title='bbox 1890 3126 2044 3181; x_wconf 76' lang='lat' dir='ltr'>posse</span> 
     </span>
     <span class='ocr_line' id='line_1_29' title="bbox 215 3210 2039 3285; baseline -0.002 -18"><span class='ocrx_word' id='word_1_230' title='bbox 215 3214 595 3268; x_wconf 76' lang='lat' dir='ltr'>arbitrarentur</span> <span class='ocrx_word' id='word_1_231' title='bbox 613 3233 630 3266; x_wconf 89' lang='lat'>.·</span> <span class='ocrx_word' id='word_1_232' title='bbox 670 3212 864 3285; x_wconf 78' lang='lat' dir='ltr'>equites</span> <span class='ocrx_word' id='word_1_233' title='bbox 901 3227 1018 3267; x_wconf 84' lang='lat' dir='ltr'>vero</span> <span class='ocrx_word' id='word_1_234' title='bbox 1059 3212 1314 3268; x_wconf 75' lang='lat' dir='ltr'>Romanos</span> <span class='ocrx_word' id='word_1_235' title='bbox 1352 3214 1562 3268; x_wconf 76' lang='lat' dir='ltr'>daturos</span> <span class='ocrx_word' id='word_1_236' title='bbox 1599 3210 1747 3265; x_wconf 78' lang='lat' dir='ltr'>illius</span> <span class='ocrx_word' id='word_1_237' title='bbox 1778 3210 1882 3265; x_wconf 71' lang='lat' dir='ltr'>diei</span> <span class='ocrx_word' id='word_1_238' title='bbox 1918 3227 2039 3282; x_wconf 81' lang='lat' dir='ltr'>poe·</span> 
     </span>
     <span class='ocr_line' id='line_1_30' title="bbox 220 3311 2035 3386; baseline -0.001 -19"><span class='ocrx_word' id='word_1_239' title='bbox 220 3331 315 3367; x_wconf 71' lang='lat' dir='ltr'>nas</span> <span class='ocrx_word' id='word_1_240' title='bbox 336 3356 349 3378; x_wconf 93' lang='lat'><strong><em>,</em></strong></span> <span class='ocrx_word' id='word_1_241' title='bbox 390 3331 512 3386; x_wconf 84' lang='lat' dir='ltr'>que,</span> <span class='ocrx_word' id='word_1_242' title='bbox 552 3331 634 3368; x_wconf 82' lang='lat' dir='ltr'>me</span> <span class='ocrx_word' id='word_1_243' title='bbox 672 3313 904 3378; x_wconf 76' lang='lat' dir='ltr'>consule,</span> <span class='ocrx_word' id='word_1_244' title='bbox 954 3330 1069 3367; x_wconf 84' lang='lat' dir='ltr'>eum</span> <span class='ocrx_word' id='word_1_245' title='bbox 1100 3314 1292 3386; x_wconf 73' lang='lat' dir='ltr'>qladiis</span> <span class='ocrx_word' id='word_1_246' title='bbox 1326 3315 1381 3367; x_wconf 78' lang='lat' dir='ltr'>in</span> <span class='ocrx_word' id='word_1_247' title='bbox 1421 3313 1550 3368; x_wconf 81' lang='lat' dir='ltr'>clivo</span> <span class='ocrx_word' id='word_1_248' title='bbox 1585 3311 1868 3384; x_wconf 78' lang='lat' dir='ltr'>Capitolino</span> <span class='ocrx_word' id='word_1_249' title='bbox 1907 3311 2035 3384; x_wconf 77' lang='lat' dir='ltr'>fuis-</span> 
     </span>
     <span class='ocr_line' id='line_1_31' title="bbox 219 3413 2035 3487; baseline 0 -20"><span class='ocrx_word' id='word_1_250' title='bbox 219 3421 363 3468; x_wconf 71' lang='lat' dir='ltr'>sent:</span> <span class='ocrx_word' id='word_1_251' title='bbox 424 3416 620 3468; x_wconf 76' lang='lat' dir='ltr'>venisse</span> <span class='ocrx_word' id='word_1_252' title='bbox 667 3423 865 3485; x_wconf 77' lang='lat' dir='ltr'>tempus</span> <span class='ocrx_word' id='word_1_253' title='bbox 903 3415 996 3478; x_wconf 74' lang='lat' dir='ltr'>z&#39;iS,</span> <span class='ocrx_word' id='word_1_254' title='bbox 1051 3416 1139 3485; x_wconf 66' lang='lat' dir='ltr'>qui</span> <span class='ocrx_word' id='word_1_255' title='bbox 1180 3416 1233 3467; x_wconf 70' lang='lat' dir='ltr'>in</span> <span class='ocrx_word' id='word_1_256' title='bbox 1273 3416 1454 3470; x_wconf 64' lang='lat' dir='ltr'>emtore</span> <span class='ocrx_word' id='word_1_257' title='bbox 1485 3416 1728 3487; x_wconf 75' lang='lat' dir='ltr'>fuissent,</span> <span class='ocrx_word' id='word_1_258' title='bbox 1773 3413 2035 3486; x_wconf 82' lang='lat' dir='ltr'>(coniura-</span> 
     </span>
     <span class='ocr_line' id='line_1_32' title="bbox 220 3513 2032 3586; baseline -0.002 -17"><span class='ocrx_word' id='word_1_259' title='bbox 220 3521 303 3570; x_wconf 87' lang='lat' dir='ltr'>tos</span> <span class='ocrx_word' id='word_1_260' title='bbox 344 3514 590 3571; x_wconf 84' lang='lat' dir='ltr'>videlicet</span> <span class='ocrx_word' id='word_1_261' title='bbox 640 3514 868 3586; x_wconf 83' lang='lat' dir='ltr'>dicebat)</span> <span class='ocrx_word' id='word_1_262' title='bbox 932 3515 1208 3571; x_wconf 62' lang='lat' dir='ltr'>ulciscendi</span> <span class='ocrx_word' id='word_1_263' title='bbox 1263 3536 1327 3570; x_wconf 77' lang='lat' dir='ltr'>se.</span> <span class='ocrx_word' id='word_1_264' title='bbox 1425 3517 1479 3571; x_wconf 88' lang='lat' dir='ltr'>Si</span> <span class='ocrx_word' id='word_1_265' title='bbox 1533 3516 1753 3572; x_wconf 87' lang='lat' dir='ltr'>dixisset</span> <span class='ocrx_word' id='word_1_266' title='bbox 1811 3513 1909 3569; x_wconf 87' lang='lat' dir='ltr'>hoe</span> <span class='ocrx_word' id='word_1_267' title='bbox 1958 3531 2032 3566; x_wconf 90' lang='lat' dir='ltr'>so-</span> 
     </span>
    </p>
   </div>
  </div>
 </body>
</html>
