2150 3990
491 222 546 276 ι..
570 221 656 277 1v.
699 219 904 275 cxlv.
949 219 1080 292 §54
1122 249 1197 259 --
1235 236 1281 272 ο.
1307 219 1416 274 xv.
1460 219 1612 292 356.
1870 222 1966 272 171

149 388 253 429 non
285 370 536 444 fugienda
567 371 857 430 videretur.
941 373 1029 425 55.
1071 367 1464 425 Posterioribus
1481 375 1497 405 ¹
1533 370 1677 425 enim
1705 372 1980 429 mensibus

152 475 328 532 omnis
358 473 526 534 Clodii
566 473 712 530 actio
745 470 919 531 fuerat
938 512 954 537 ,
993 471 1173 527 omnia
1194 512 1209 535 ,
1248 487 1386 542 quae
1424 470 1482 525 C.
1520 470 1715 526 Caesar
1745 472 1979 543 egisset,

152 574 294 649 quod
336 580 526 631 ,contra
585 573 825 647 auspicia
873 578 1053 629 essent
1104 577 1226 628 acta
1245 612 1261 637 ,
1313 588 1410 645 per
1459 578 1707 628 senatum
1746 573 1980 629 rescindi

153 680 430 748 oportere:
491 674 633 747 quod
691 676 738 730 si
778 673 950 731 vtieret
969 715 985 739 ‚
1035 671 1282 737 dicebat,
1340 688 1398 728 sc
1449 672 1563 727 suis
1603 671 1846 728 humeris
1895 690 1982 730 me

148 773 428 831 custodem
502 774 661 832 Urbis
713 776 770 831 in
823 773 1021 832 Urbem
1073 771 1392 829 relaturum.
1491 771 1680 828 Videte
1748 772 1984 830 bominis

147 876 442 934 amentiam
459 916 480 941 ,
517 875 609 932 ubi
640 892 739 949 per
778 891 942 934 suum
979 873 1319 933 tribunatum
1355 873 1598 930 Caesaris
1636 874 1776 930 actis
1812 874 1981 948 illiga·

148 982 240 1034 tus
273 982 571 1035 teneretur.
651 977 792 1034 Hora
851 975 1078 1034 fortasse
1122 982 1274 1032 sexta
1324 974 1433 1031 diei
1470 981 1696 1049 questus
1751 991 1873 1032 sum
1927 978 1981 1032 in

146 1076 377 1145 iudicio,
416 1094 588 1151 quum
617 1078 677 1135 C.
714 1079 1087 1136 Antonium
1109 1119 1129 1144 „
1181 1076 1441 1150 collegam
1479 1092 1698 1143 meum,
1736 1076 1982 1135 defende·

150 1195 298 1244 rem,
332 1179 600 1252 quaedam
639 1179 709 1235 de
744 1179 1050 1251 republica,
1087 1195 1227 1251 quae
1257 1178 1394 1235 mihi
1427 1179 1544 1234 visa
1574 1185 1704 1234 sunt
1741 1179 1809 1236 ad
1838 1179 1984 1237 illius

147 1277 335 1336 miseri
365 1294 615 1334 caussam
641 1279 931 1351 pertinere.
1010 1278 1152 1333 Haec
1185 1277 1431 1332 homines
1463 1277 1692 1349 improbi
1715 1278 1793 1333 'ad
1825 1296 1980 1352 quos-

143 1379 270 1437 dam
307 1377 452 1436 viros
482 1376 648 1435 fortes
676 1377 836 1450 longe
866 1377 1054 1442 aliter,
1093 1383 1258 1450 atque
1287 1393 1319 1432 a
1357 1393 1447 1433 me
1477 1377 1625 1433 dicta
1661 1385 1818 1433 eraut
1838 1418 1854 1443 ,
1892 1379 1980 1437 de-

140 1477 402 1536 tulerunt.
481 1478 623 1536 Hora
677 1494 816 1535 nona
867 1477 959 1535 illo
999 1478 1115 1551 ipso
1152 1477 1242 1534 ‹lie
1290 1476 1507 1534 Clodius
1544 1485 1628 1536 est
1677 1478 1980 1553 adoptatus,

141 1579 362 1638 Scilicet
381 1585 404 1622 ²
449 1568 798 1639 accusaverat
849 1580 1145 1636 Antonium
1191 1579 1260 1635 Μ.
1311 1579 1556 1642 Caelius:
1613 1581 1708 1653 qui
1728 1586 1752 1620 ⁸
1802 1588 1982 1637 vetere

141 1681 392 1740 instituto
423 1681 604 1739 :voluit
624 1723 640 1747 ,
697 1697 888 1739 eorum
926 1679 1350 1741 adolescentium
1387 1680 1634 1754 exemplo
1652 1723 1668 1747 ‚
1724 1682 1822 1755 qui
1859 1688 1980 1755 post

139 1782 456 1842 incivitate
481 1783 713 1840 summi
746 1782 853 1839 viri
888 1786 954 1838 et.
977 1780 1268 1838 clarissimi
1309 1780 1456 1836 cives
1494 1782 1859 1848 exstiterunt,
1898 1785 1977 1839 iu·

27 1874 44 1881 ”
138 1881 407 1942 dustrinm
444 1890 605 1942 suam
638 1899 674 1941 a
709 1882 904 1958 populo
936 1882 1177 1940 Romano
1207 1897 1275 1938 ex
1307 1880 1490 1955 aliqua
1527 1881 1726 1938 illustri
1759 1900 1976 1941 accusa·

136 1982 287 2043 tione
320 1984 591 2056 cognosci.
669 1984 903 2043 Antonio
923 1988 950 2025 ⁴·
996 1981 1261 2058 praeclari
1302 1982 1357 2037 iu
1401 1982 1791 2056 rempublicam
1822 1984 1975 2041 bene·

139 2081 251 2141 ficii
286 2084 548 2146 memoria
578 2083 716 2142 nibil
748 2083 954 2157 profuit
971 2125 988 2149 ‚
1027 2084 1213 2139 nocuit
1244 2083 1425 2155 opinio
1462 2083 1719 2140 maleficii
1733 2084 1976 2157 cogitati.

138 2183 280 2243 Est.⁸
303 2163 485 2246 neuim
523 2200 828 2259 oppressus.
919 2184 1080 2240 Esto:
1136 2181 1327 2239 babuit
1365 2183 1654 2256 quamdam
1695 2184 1785 2241 ille
1843 2184 1976 2243 insa·

135 2285 302 2344 mium
346 2301 520 2344 suam.

225 2483 340 2545 XV.
415 2485 506 2542 56.
563 2482 669 2541 Nos
687 2487 712 2524 ⁰
770 2490 957 2541 autem
1010 2483 1068 2539 in
1126 2482 1406 2556 republica
1462 2483 1679 2541 infirma
1699 2527 1715 2551 ‚
1775 2489 1973 2544 misera
2031 2494 2040 2502 '

129 2575 610 2659 commutabilique
652 2583 1027 2642 versabamur.
1112 2583 1246 2652 Quis
1291 2585 1438 2641 enim
1477 2602 1582 2642 non
1627 2586 1837 2643 audivit
1882 2606 1973 2644 no·
2062 2563 2065 2577 ¹

126 2692 273 2768 strue
304 2686 522 2762 equites
551 2695 721 2759 paene
765 2701 798 2742 a
828 2691 1024 2743 senatu
1061 2701 1180 2742 esse
1210 2684 1555 2743 disiunctos?
1595 2690 1692 2762 qui
1730 2690 1969 2763 primum

55 2768 58 2775 ¹
107 2786 268 2850 ‚illud
297 2785 455 2845 valde
484 2787 726 2860 gravit&
755 2786 1029 2854 tulerunt,
1065 2786 1468 2861 promulgatum
1513 2804 1578 2844 ex
1625 2797 1971 2847 senatuscon-

131 2887 272 2946 sulto
304 2886 472 2946 fuisse
492 2929 508 2953 ‚
547 2893 616 2943 ut.
647 2887 715 2946 de
754 2889 821 2945 iis
841 2930 856 2954 ,
908 2888 1003 2962 qui
1043 2886 1110 2945 ob
1149 2888 1501 2945 iudicandum
1552 2892 1837 2961 pecuniam
1885 2908 1968 2947 ac·

129 2989 432 3062 cepissent,
471 2993 848 3060 quaereretur..
923 2989 1041 3057 Qua
1086 2990 1144 3045 in
1181 3005 1241 3046 re
1285 2988 1623 3046 decernenda
1660 3007 1830 3063 quum
1868 3007 1968 3064 ego

126 3106 261 3149 casu
306 3107 411 3147 nou
459 3087 736 3147 affuissem
790 3091 1187 3163 sensissemque
1245 3091 1301 3146 id
1359 3098 1667 3163 equestrem
1718 3091 1965 3150 ordinem

191 3366 227 3423 ι)
257 3379 332 3426 pro
358 3367 492 3410 Domo
523 3382 600 3411 sua
632 3382 668 3411 c.
696 3371 764 3411 15.
796 3369 910 3427 §m
947 3394 1003 3402 ·—
1040 3372 1076 3427 2)
1109 3384 1182 3429 pro
1201 3366 1340 3412 Caelio
1366 3383 1401 3413 c.
1427 3372 1499 3413 31.
1527 3370 1552 3425 §
1582 3371 1654 3413 74.
1688 3393 1745 3402 —
1780 3370 1817 3427 ³)
1851 3366 1962 3413 lh‘d.

125 3459 162 3488 c.
196 3445 268 3487 30.
301 3445 327 3502 §
356 3445 429 3492 73.
463 3469 521 3477 —
556 3444 596 3503 4)
628 3442 733 3489 lbid.
760 3462 795 3490 c.
831 3450 904 3491 31.
948 3447 1064 3503 574,
1107 3471 1158 3481 -
1191 3447 1232 3504 5)
1264 3460 1339 3506 pro
1381 3442 1530 3490 Flacco
1561 3461 1597 3493 c.
1632 3447 1703 3492 38.
1737 3448 1763 3503 ᾗ
1793 3448 1866 3492 95.
1900 3471 1957 3481 -

121 3523 162 3579 6)
193 3521 244 3568 aa
275 3525 371 3568 Au..
405 3525 440 3569 1.
474 3525 549 3570 17.
585 3524 668 3581 §e
