2210 3970
218 203 325 253 500
852 215 1062 252 cisano
1101 215 1170 252 on
1215 214 1347 251 v1rA
1390 215 1520 252 ΒΗΑ,

218 350 442 404 bantur:
472 351 707 422 primum
737 349 908 405 otium
942 349 1284 411 Parthicum,
1324 347 1447 402 dein
1477 345 1759 402 confectae
1777 348 2047 421 pactiones

219 448 657 523 publicanorum,
709 455 976 522 postremo
1016 447 1208 502 seditio
1244 445 1484 501 militum
1522 444 1706 500 sedata
1743 445 1810 500 ab
1848 446 2045 516 Appio,

219 548 655 621 stipendiumque
697 550 775 604 eis
816 566 987 621 usque
1031 547 1098 603 ad
1139 547 1267 602 Idus
1301 546 1483 615 Quint.
1524 545 1875 619 persolutum.
1918 577 1923 588 ι
1957 549 2048 618 20.

220 648 349 704 Inde
370 656 387 688 ¹
422 650 631 722 oppidis
651 650 748 714 iis,
775 665 891 722 qua
903 650 1101 712 ieram,
1126 645 1712 722 mirabiliter-accepti,
1732 644 2051 706 Laodiceam

219 749 394 822 pridie
425 750 540 806 Kal.
577 749 738 805 Sext..
757 750 1032 804 venimus:
1068 754 1130 803 ut
1150 753 1171 786 2
1197 748 1373 802 omnis
1393 764 1489 802 nos
1508 747 1635 805 Asia
1653 747 1862 818 accepit
1881 745 2048 801 admi-

218 849 476 905 rabiliter.
556 847 832 902 Adventus
864 854 1046 902 noster
1084 847 1290 901 nemini
1329 862 1397 903 ne
1428 847 1656 902 minimo
1687 846 1904 919 quidem
1946 845 2049 902 fuit

217 949 475 1019 sumptui.
519 946 811 1019 Sperabam
839 963 986 1001 meos
1006 945 1424 1003 omnesservire
1450 945 1598 1003 laudi
1624 962 1791 1001 meae.
1847 946 2053 1001 Tamen

217 1063 413 1119 magno
465 1047 660 1101 timore
709 1062 893 1105 eram:
947 1045 1042 1100 sed
1080 1045 1215 1101 bene
1253 1043 1617 1117 sperabamus,
1705 1043 1904 1100 Omnes
1937 1046 2055 1100 'iam

217 1147 387 1202 nostri
416 1152 630 1218 praeter
663 1145 900 1201 Tullium
929 1152 1205 1202 venerant.
1283 1145 1417 1200 Erat
1448 1143 1584 1199 mihi
1611 1144 1670 1199 in
1697 1145 1878 1199 animo
1904 1151 2053 1201 recta

217 1248 485 1322 proficisci
525 1246 593 1302 ad
631 1247 932 1303 exercitum
946 1288 962 1313 ,
1003 1247 1233 1302 aestivos
1272 1263 1484 1302 menses
1522 1244 1757 1318 reliquos
1795 1246 1875 1300 rei
1913 1245 2052 1304 mili-

220 1349 326 1404 tari
378 1348 504 1404 dare
519 1391 534 1413 ,
592 1347 844 1403 hibernos
883 1347 1262 1402 iurisdictioni.
1362 1349 1451 1400 21.
1491 1345 1773 1400 Cicerones
1792 1351 1824 1386 ἃ
1871 1351 2055 1402 autem

217 1450 424 1504 interea
472 1456 683 1504 nostros
721 1449 1007 1504 Deiotarus
1047 1447 1219 1512 filius,
1270 1446 1366 1518 qui
1403 1462 1499 1500 rex
1539 1444 1606 1500 ah
1644 1452 1838 1500 senatu
1876 1446 2052 1518 appel·
2125 1505 2140 1528 ι

218 1549 361 1605 latus
394 1555 504 1612 est,
545 1565 732 1604 secum
759 1548 815 1602 in
847 1564 1094 1618 regnum.
1176 1546 1317 1601 Dum
1338 1546 1396 1599 in
1415 1546 1635 1600 aestivis
1660 1562 1757 1600 nos
1789 1561 2054 1612 essemuS,

217 1649 370 1704 illum
422 1650 604 1721 pueris
655 1648 834 1703 locum
873 1664 990 1702 esse
1040 1645 1397 1702 bellissimum
1435 1645 1712 1701 duximus:
1766 1645 1909 1701 unde
1929 1651 1968 1712 ⁴,
2007 1647 2055 1702 si

215 1765 351 1823 opus
390 1755 559 1814 esset,
599 1747 997 1804 deducerentur
1035 1745 1301 1802 Rhodum.
1381 1744 1541 1800 Pueri
1559 1750 1584 1784 ⁵
1621 1744 1875 1807 amabant
1914 1746 2057 1803 inter

217 1867 275 1906 se
296 1892 311 1915 ,
350 1848 666 1914 discebant,
702 1847 1121 1910 exercebantur;
1159 1846 1255 1902 sed
1287 1845 1452 1910 alter,
1493 1843 1575 1901 uti
1614 1845 1752 1902 dixit
1792 1847 2055 1903 Isocrates

219 1951 280 2007 in,
313 1947 527 2022 Ephoro
565 1954 620 2003 et
660 1947 999 2020 Theopompo
1019 1989 1033 2011 ,
1081 1945 1249 2002 frenis
1288 1945 1513 2018 egebat,
1560 1945 1698 2002 alter
1733 1945 2056 2002 calcaribuS.

217 2048 530 2122 Dionysiu5‚
545 2047 805 2118 magister
818 2050 840 2084 θ
860 2047 1204 2111 Ciceronum,
1226 2045 1362 2101 mihi
1379 2052 1402 2084 ⁷
1421 2045 1640 2120 quidem
1665 2053 1780 2102 tum
1801 2045 1977 2102 adhuc
1999 2048 2054 2102 in

219 2148 493 2204 amoribus
531 2154 675 2227 erat:
717 2147 872 2220 pueri
912 2153 1096 2207 autem
1134 2145 1376 2211 aiebant,
1426 2162 1552 2201 eum
1591 2144 1836 2202 furenter
1874 2148 2061 2202 irasci.>

221 2247 326 2306 Sed
359 2247 517 2303 homo
556 2264 662 2307 non
695 2246 904 2302 doctior
923 2290 938 2312 ,
978 2263 1078 2302 nec
1110 2247 1350 2302 sanctior
1382 2246 1499 2302 fieri
1532 2253 1771 2320 poterat,
1812 2264 1909 2303 nec
1948 2249 2058 2304 mei

220 2350 523 2406 amantior:
574 2365 735 2422 quem
756 2353 778 2386 ⁸
836 2348 1058 2421 quidem
1109 2348 1334 2421 cognovi
1385 2364 1555 2421 quum
1613 2347 1862 2414 doctum,
1914 2349 2056 2422 quod

219 2449 356 2507 mihi
395 2450 503 2503 iam
542 2455 669 2502 ante
707 2454 826 2504 erat
863 2455 1052 2504 notum
1073 2489 1088 2514 ,
1129 2455 1267 2513 tum,
1287 2465 1417 2504 sane
1453 2448 1674 2530 plenum
1714 2449 1905 2515 officii,
1945 2456 2055 2506 stu·

220 2549 434 2610 diosum
474 2549 640 2607 etiam
677 2563 828 2602 meae
865 2545 1042 2608 laudis
1060 2589 1077 2612 ,
1129 2545 1275 2619 frugi
1313 2546 1586 2605 hominem
1607 2588 1622 2615 ,
1662 2567 1754 2615 ac,
1794 2567 1861 2606 ne
1901 2549 2058 2606 liber-

220 2652 410 2730 tinum*
430 2647 651 2704 laudare
682 2645 902 2713 videar,
941 2647 1097 2720 plane
1134 2647 1315 2703 virum
1346 2647 1564 2704 bonum.

297 2852 386 2909 lx.
469 2855 558 2906 22.
599 2850 873 2906 Maxima⁰
925 2850 1096 2924 igitur
1142 2850 1541 2924 exspectatione
1592 2852 1647 2906 in
1687 2851 1951 2924 perditam
2006 2860 2060 2908 et

225 2953 380 3026 plane
425 2968 668 3008 eversam
715 2952 771 3007 in
817 2958 1137 3025 perpetuum
1197 2951 1529 3024 provinciam
1580 2952 1828 3008 venimus
1885 2953 2058 3026 pridie

227 3054 342 3111 Kal.
403 3053 649 3113 Sextiles,
747 3052 1037 3109 Laodiceae
1058 3059 1101 3093 ¹0
1153 3054 1347 3109 morati
1406 3051 1630 3109 biduum
1652 3095 1667 3118 ‚
1725 3054 2059 3126 perillustres

287 3258 393 3320 =)a‹1
428 3265 520 3306 Att.
547 3264 595 3307 ν.
621 3262 695 3307 20.
729 3263 821 3320 §1.
855 3286 912 3295 -
943 3264 987 3320 2)
1016 3260 1127 3306 lbid.
1159 3264 1208 3307 v.
1235 3266 1305 3308 14.
1337 3264 1424 3320 52.
1457 3285 1516 3295 -
1543 3262 1583 3320 ³)
1610 3260 1721 3306 lhid.
1757 3265 1804 3307 ν.
1831 3265 1905 3309 17.
1930 3266 1973 3309 3.
1999 3290 2055 3300 -

226 3340 270 3397 4)
307 3337 417 3383 thid.
453 3341 500 3384 v.
535 3342 607 3384 18.
640 3341 666 3398 5
701 3343 741 3385 4.
777 3366 835 3375 -
867 3341 908 3398 ⁵)
943 3337 1054 3384 lbid.
1090 3341 1160 3383 νι.
1193 3343 1233 3384 1.
1268 3341 1390 3398 512.
1425 3365 1484 3374 --
1517 3341 1557 3399 ⁵)
1596 3338 1706 3385 ibid.
1739 3342 1857 3386 vn1.
1892 3343 1964 3387 1o.
1997 3369 2056 3376 —

231 3417 271 3475 7)
303 3414 417 3461 lbid.
451 3419 520 3462 νι.
553 3419 594 3464 1.
622 3418 647 3475 5
675 3420 746 3462 12.
781 3445 838 3452 -
872 3419 911 3476 ὃ)
944 3415 1052 3463 lhid.
1081 3420 1173 3463 vn.
1208 3421 1248 3463 4.
1281 3420 1305 3476 5
1333 3421 1373 3464 1.
1407 3445 1468 3456 -
1502 3416 1679 3477 9)1bid.
1711 3420 1857 3466 v.1c.
1886 3421 1968 3478 52.
1999 3446 2056 3455 -

231 3495 288 3553 ιο)
320 3493 428 3539 lbid.
463 3497 508 3538 ν.
543 3498 612 3539 20.
649 3499 734 3553 51.
