2210 3970
251 206 356 261 482
854 222 1064 260 emano
1112 222 1182 259 na
1232 220 1370 259 virs
1418 221 1525 260 sus

251 356 417 420 ratic,
458 353 550 411 sed
582 356 744 411 unius
771 357 964 412 aetatis
997 355 1421 412 clarissimorum
1460 371 1522 410 ac
1561 355 2082 427 sapientissimorum

251 463 465 513 nostrae
522 454 759 511 civitatis
816 457 1059 513 virorum
1117 455 1409 528 disputatio
1471 453 1760 527 repetenda
1823 457 2085 513 memoria

252 556 385 622 fuit,
424 573 561 628 quae
599 556 735 612 mihi
774 556 1044 631 quondam
1085 555 1479 612 adolescentulo
1511 572 1544 613 a
1587 556 1646 611 P.
1681 555 1884 612 Rutilio
1917 555 2085 622 Rufo,

252 656 518 730 Zmyrnae
553 673 721 729 quum
754 674 927 712 essem
966 656 1269 728 complures
1308 655 1455 720 dieS,
1495 655 1735 728 exposita
1773 661 1872 712 est.
1950 655 2086 713 Nam

253 773 422 827 quum
444 757 501 812 P.
532 756 818 813 Africanus
832 799 847 822 ,
868 757 1040 812 Paulli
1062 756 1204 813 filius
1218 798 1234 822 ,
1281 755 1432 813 feriis
1452 756 1659 812 Latinis
1680 755 1951 812 Tuditano
1975 773 2084 814 008.

253 862 307 911 et
346 856 580 927 Aquillio
611 857 982 911 constituisset
1014 857 1070 911 in
1104 856 1276 912 hortis
1308 873 1460 922 esse,
1500 857 1690 928 quasi¹
1729 858 2088 929 praesagiret,

254 956 539 1027 perpaucis
577 962 703 1010 ante
737 962 967 1011 mortem
1008 955 1227 1021 diebuS,
1266 972 1436 1028 quum
1456 963 1511 1012 et
1537 956 1725 1014 Philus
1755 963 1810 1013 et
1837 957 2089 1014 Manilius

253 1057 503 1112 adessent
531 1074 658 1112 cum
686 1056 917 1122 Rutilio,
947 1063 1001 1111 et
1022 1056 1113 1112 alii
1143 1057 1325 1129 plures
1345 1099 1361 1123 ,
1399 1062 1454 1112 et
1488 1056 1742 1114 Scaevola
1771 1057 1937 1114 etiam
1963 1073 2090 1115 cum

253 1157 432 1212 Laelio
470 1158 737 1222 venisset,
790 1156 1035 1211 triduum
1075 1156 1332 1212 disseruit
1371 1156 1437 1212 de
1475 1156 1767 1230 republica.
1849 1157 1947 1213 Ῑιι2
1985 1175 2091 1231 qua

255 1255 618 1328 disputatione
657 1255 794 1313 nihil
825 1255 967 1321 sere,
1004 1256 1147 1329 quod
1181 1273 1377 1329 magno
1408 1273 1567 1330 opere
1603 1257 1672 1314 ad
1703 1259 1941 1315 rationes
1978 1274 2089 1314 om-

256 1357 410 1413 nium
442 1373 627 1414 rerum
667 1356 999 1429 pertineret,
1049 1358 1493 1429 praetermissum
1525 1365 1671 1431 puto.
1752 1363 1842 1415 55.
1881 1356 2052 1415 Cuius
2071 1365 2094 1399 ³

257 1456 639 1530 disputationis
678 1456 782 1514 suit
813 1463 1118 1515 extremum
1151 1457 1263 1514 fere
1301 1457 1375 1515 de
1420 1458 1935 1517 immortalitate
1965 1460 2095 1516 ani-

259 1573 544 1613 morum:
586 1575 725 1630 quae
763 1574 823 1615 se
859 1559 915 1614 in
945 1559 1127 1630 quiete
1158 1576 1256 1631 per
1292 1560 1475 1615 visum
1504 1575 1572 1616 ex
1589 1558 1843 1616 Africano
1880 1559 2097 1618 audisse

207 1662 211 1667 ’
259 1657 470 1713 dicebat
498 1658 707 1731 Scipi0,
747 1676 915 1731 quum
930 1664 958 1736 ⁴·
984 1660 1040 1715 in
1074 1658 1312 1715 Africam
1351 1659 1586 1717 venisset
1621 1659 1691 1716 Μ’
1717 1659 1934 1718 Manilio
1968 1676 2095 1718 con-

264 1758 369 1813 suli
403 1757 470 1814 ad
494 1764 745 1830 quartam
777 1758 1042 1831 legionem
1069 1759 1326 1815 tribunus
1361 1759 1631 1825 militum,
1668 1766 1724 1829 et
1759 1760 2098 1819 Masinissam

262 1861 635 1926 convenisset,
675 1877 857 1932 regem
891 1860 1127 1916 familiae
1165 1877 1294 1917 suae
1326 1862 1486 1917 iustis
1513 1861 1580 1917 de
1609 1863 1816 1919 caussis
1839 1863 2102 1919 amicissi-

263 1977 435 2016 mum.
512 1960 736 2033 Neque⁵
794 1962 939 2016 enim
979 1962 1048 2016 iis
1098 1962 1496 2018 assentiebatur
1551 1962 1765 2035 Scipio,
1825 1963 1920 2035 qui
1970 1963 2102 2020 haec

263 2078 436 2134 nuper
474 2061 738 2118 disserere
789 2069 1111 2135 coeperant,
1163 2080 1290 2118 cum
1330 2063 1644 2136 corporibus
1682 2063 1846 2120 simul
1896 2064 2106 2120 animos

265 2162 488 2218 interire
535 2170 697 2235 atque
749 2164 929 2218 omnia
967 2169 1140 2219 morte
1179 2162 1362 2219 deleri.
1443 2162 1573 2221 Plus
1603 2163 1747 2236 apud
1791 2180 1917 2220 eum
1967 2163 2106 2220 anti·

270 2280 501 2336 quorum
554 2266 849 2320 auctoritas
899 2264 1145 2330 valebat,
1192 2296 1268 2307 --
1324 2264 1410 2321 vel
1459 2271 1769 2322 nostrorum
1802 2265 2070 2323 maiorum
2089 2306 2108 2331 ‚

270 2366 364 2436 qui
404 2367 636 2421 mortuis
673 2373 787 2422 tam
826 2366 1076 2437 religiosa
1116 2368 1236 2422 iura
1258 2365 1601 2423 tribuerunt:
1641 2366 1784 2439 quod
1815 2383 1924 2423 non
1955 2364 2110 2422 fecis·
2204 2353 2207 2357 Δ

272 2472 392 2520 sent
432 2465 698 2537 profecto,
757 2467 804 2520 si
850 2466 985 2520 nihil
1024 2466 1091 2521 ad
1132 2483 1221 2521 eos
1257 2468 1528 2539 pertinere
1567 2466 1998 2530 arbitrarentur;
2036 2497 2114 2507 —

271 2566 356 2621 vel
394 2583 582 2622 eorum
603 2608 619 2632 ,
676 2568 770 2639 qui
815 2567 870 2620 in
911 2566 1011 2621 hac
1057 2573 1204 2621 terra
1261 2566 1484 2622 fuerunt
1540 2583 1903 2640 magnamque
1951 2567 2110 2624 Grae·
2195 2606 2198 2610 Δ

274 2668 444 2733 ciam,
496 2683 633 2739 quae
674 2684 818 2723 nunc
863 2665 1081 2739 quidem
1115 2665 1289 2722 deleta
1321 2673 1433 2732 est,
1492 2674 1623 2723 tunc
1661 2666 1909 2733 florebat,
1958 2669 2110 2724 insti-

274 2770 411 2823 tutis
443 2775 498 2824 et
529 2769 830 2841 praeceptis
866 2770 980 2823 suis
1018 2767 1362 2830 erudierunt;
1399 2800 1476 2809 -—
1512 2762 1597 2824 vel
1638 2770 1756 2824 eius
1776 2808 1791 2833 ,
1831 2769 1924 2840 qui
1959 2767 2114 2842 Apol-

275 2871 403 2926 linis
453 2870 670 2926 oraculo
727 2869 1160 2943 sapientissimus
1204 2876 1287 2925 est
1344 2869 1615 2925 iudicatus
1635 2911 1651 2935 ,
1708 2870 1803 2942 qui
1843 2886 1948 2925 non
1994 2875 2113 2926 tum

275 2972 377 3028 hoc
396 3012 413 3037 ,
451 2978 574 3027 tum
612 2970 746 3027 illud
766 3013 781 3037 ,
834 2977 897 3026 ut
936 2970 1208 3043 plerique,
1262 2970 1356 3026 sed
1407 2970 1552 3027 idem
1607 2969 1821 3026 dicebat
1865 2986 2114 3044 semper,

278 3073 493 3128 Animos
540 3071 807 3127 hominum
853 3088 964 3127 esse
1003 3071 1233 3135 divinae,
1271 3071 1443 3143 iisque
1461 3112 1477 3135 ,
1517 3088 1679 3143 quaem
1710 3088 1738 3126 e
1775 3083 1984 3144 corpore
2021 3088 2111 3127 ex-

276 3175 546 3230 cessissent
563 3215 580 3239 ,
616 3174 844 3228 reditum
883 3174 939 3226 in
970 3173 1171 3227 caelum
1195 3179 1378 3245 patere
1415 3173 1705 3244 optimoque
1742 3179 1791 3227 et
1828 3172 2112 3229 iustissimo
2185 3241 2190 3244 Ι

209 3280 211 3284 ’
279 3275 459 3346 cuique
492 3274 954 3346 expeditissimum.
1035 3272 1186 3340 Quod
1216 3273 1346 3327 item
1388 3271 1624 3344 Scipioni
1656 3270 1958 3328 videbatur.

339 3431 379 3487 ι)
411 3428 463 3474 de
491 3429 627 3473 Amic.
658 3442 692 3472 c.
720 3430 760 3471 4.
795 3429 820 3486 §
854 3430 926 3472 14.
959 3453 1018 3461 —
1051 3431 1090 3487 ⁹)
1124 3427 1178 3472 de
1204 3430 1306 3488 Rep.
1344 3431 1374 3471 1.
1408 3441 1442 3471 c.
1472 3428 1513 3469 8.
1547 3426 1572 3482 §
1609 3426 1680 3468 13.
1715 3446 1775 3456 -
1806 3425 1847 3482 3)
1878 3422 1932 3468 de
1963 3424 2101 3470 Amic.

276 3525 312 3554 c,
346 3511 386 3552 4.
428 3509 542 3565 §14
581 3533 635 3542 —-
667 3507 708 3563 4)
741 3505 967 3551 Somnium
996 3505 1204 3566 Scipionis
1228 3521 1261 3549 c.
1283 3509 1322 3549 1.
1353 3505 1439 3560 §L
1475 3529 1533 3537 -
1566 3504 1607 3561 5)
1630 3499 1684 3545 de
1703 3501 1839 3545 Amic.
1869 3516 1904 3545 c.
1925 3504 1966 3546 4.
1985 3501 2010 3560 §
2030 3504 2100 3546 13.
