2210 3970
707 198 739 239 A
758 198 788 239 n
808 198 840 239 Ν
859 199 891 239 u
911 199 937 239 s
987 197 1035 239 υ.
1085 197 1130 238 c.
1186 184 1501 238 667—668.
1917 186 2023 241 1558

229 298 335 405 =(²)
378 330 444 384 Μ.
484 330 683 385 Marius
722 330 1095 396 GratidianuS,
1147 330 1478 403 propinquus
1516 295 1822 393 CicerbniS‚
1863 347 2019 402 prae-

194 429 280 487 ῑοί·
322 447 542 502 magnos
576 437 753 486 motus
787 431 982 487 Romae
1014 431 1230 488 excitat.
1271 449 1306 485 1.
1347 448 1393 486 c.
1422 434 1507 484 12.
1530 435 1641 486 ·50.

256 529 339 575 cio.
372 530 425 576 de
456 529 542 575 Off.
574 543 645 575 111.
678 546 714 576 c,
733 534 804 577 20.
836 535 908 576 80.
957 533 1018 576 Ne
1041 538 1189 575 noster
1218 529 1395 591 quidem
1426 529 1718 575 Gratidianus
1740 529 1890 590 officio
1921 530 2023 574 boni

191 609 282 653 viri
298 606 498 668 furaectus
530 615 597 652 est
627 616 747 663 tum,
781 625 916 669 quum
935 615 1116 669 praetor
1137 614 1278 663 esset,
1311 606 1631 668 collegiumque
1649 614 1908 669 praetorum
1940 607 2023 652 tri·

191 686 301 731 buni
324 684 471 748 plebis
497 682 834 743 adhibuissent,
876 696 927 733 ut
958 704 1030 733 res
1057 685 1309 732 nummaria
1339 684 1392 729 de
1422 686 1640 730 communi
1665 685 1891 729 ¹sententia
1923 700 2023 730 con-

191 763 484 808 stitueretur:
524 763 778 810 iactabatur
819 767 934 811 enim
973 762 1240 825 temporibus
1278 761 1378 807 illis
1414 778 1642 818 nummus,
1684 763 1750 807 sic
1768 795 1782 817 ‚
1814 770 1866 807 ut
1899 779 2024 807 nemo

184 847 340 901 posset
367 841 512 896 scire,
561 841 675 902 quid
713 842 900 890 haberet.
975 841 1336 902 Conscripserunt
1371 840 1660 884 communiter
1701 840 1892 885 edictam
1925 859 2025 885 cum

185 934 331 980 poena
371 925 506 979 atque
544 918 711 965 iudicio
750 921 1184 981 constitueruntque,
1223 925 1276 963 ut
1311 932 1458 962 omnes
1489 917 1630 963 simul
1662 918 1709 963 in
1747 927 1893 964 rostra
1917 928 2025 982 post

191 995 419 1042 meridiem
445 997 734 1043 escenderent.
798 999 861 1042 Et
879 997 1014 1043 ceteri
1030 995 1206 1059 quidem
1227 995 1349 1041 alius
1374 994 1466 1040 alio
1481 1016 1499 1050 ‚·
1528 996 1700 1040 Marius
1716 996 1771 1040 ab
1795 996 2026 1042 subselliis

189 1074 238 1120 in
254 1082 401 1120 rostra
417 1083 557 1131 recta,
582 1074 739 1137 idque,
763 1076 883 1138 quod
901 1057 1188 1121 communiter
1209 1074 1497 1135 compositum
1504 1072 1689 1133 fuerat,
1718 1073 1843 1118 solus
1867 1074 2025 1120 edixit.

191 1151 258 1196 Et
289 1167 341 1196 ea
370 1167 472 1209 res,
503 1153 547 1198 si
576 1154 781 1214 quaeris,
814 1154 857 1198 ei
884 1168 1041 1215 magno
1074 1152 1229 1196 honori
1243 1151 1366 1211 suit.
1436 1151 1648 1197 Omnibus
1675 1152 1789 1196 eicis
1820 1160 2029 1207 statuae,-

191 1228 253 1274 ad
280 1245 356 1274 eas
388 1230 518 1287 thus,
551 1231 677 1276 cerei.
746 1230 870 1290 Quid
898 1230 1086 1275 nevitta?
1117 1245 1240 1273 nemo
1266 1246 1476 1290 umquam
1511 1228 1798 1273 multitudini
1814 1229 1921 1287 suit
1956 1247 2027 1273 ca·

190 1307 297 1353 rior.
330 1332 391 1342 —
419 1307 563 1352 Mario
581 1308 839 1369 praeripere
865 1306 1048 1368 collegis
1075 1312 1118 1350 et
1141 1306 1335 1351 tribunis
1357 1306 1505 1368 plebis
1534 1305 1795 1367 popularem
1825 1306 2025 1367 gratiam

190 1399 278 1433 non
308 1385 378 1430 ita
400 1391 560 1447 turpe,
592 1384 814 1430 consulem
845 1383 898 1429 ob
928 1400 1024 1429 eam
1054 1399 1148 1429 rem
1161 1383 1299 1444 fieri,
1330 1383 1452 1445 quod
1479 1383 1569 1427 sibi
1591 1390 1686 1427 tum
1705 1392 2029 1444 proposuerat,

189 1461 319 1508 valde
342 1462 456 1509 utile
473 1462 723 1509 videbatur.
788 1462 955 1508 Plinius
982 1464 1095 1508 Η.Ν.
1114 1474 1282 1507 xxxm.
1309 1477 1345 1507 e.
1364 1463 1405 1505 9.
1432 1464 1504 1505 46.
1538 1460 1782 1505 Miscentur
1805 1478 1910 1505 aera
1927 1462 2029 1520 sal·

176 1554 268 1587 sae
304 1550 517 1588 monetae.
589 1540 687 1587 Alii
717 1556 741 1586 e
767 1540 961 1603 pondere
991 1539 1292 1595 subtrahunt,
1324 1555 1461 1600 quum
1501 1539 1566 1583 sit
1597 1539 1770 1583 iustum
1802 1550 1971 1584 Lxxxtv
2006 1558 2029 1584 e

191 1618 321 1687 libris
351 1619 537 1682 signari.
607 1619 761 1682 Igitur
790 1634 867 1663 ars
906 1617 1035 1673 facta
1077 1617 1281 1664 denarios
1309 1618 1528 1680 probare,
1568 1625 1662 1663 tam
1698 1617 1894 1663 iracunda
1935 1617 2029 1680 lege

181 1694 336 1758 plebi,
368 1703 422 1742 ut
452 1695 601 1741 Mario
630 1695 893 1741 Gratidiano
927 1696 1109 1741 vicatim
1142 1703 1261 1741 totas
1291 1703 1470 1742 statuas
1502 1695 1730 1742 dicaverit.
1796 1699 1953 1766 §cneco
1975 1696 2030 1740 de

193 1773 259 1819 'ra
287 1784 359 1819 111.
391 1781 432 1819 e.
456 1774 528 1819 18.
558 1774 599 1818 1.
647 1774 704 1818 M.
738 1774 904 1830 Mario,
935 1774 1011 1819 eui
1041 1774 1223 1819 vicatim
1246 1771 1447 1835 populus
1477 1781 1657 1819 statuas
1679 1782 1921 1836 posuerat,
1953 1775 2029 1819 cui

188 1849 395 1909 tlsureet
431 1851 533 1897 vino
569 1849 882 1913 supplicabat,
927 1852 982 1901 t..
1013 1851 1146 1898 Sulla
1187 1854 1248 1911 [a.
1279 1854 1325 1898 U.
1350 1855 1393 1898 C.
1423 1854 1551 1912 672]
1586 1852 1822 1914 perfrinqi
1864 1868 2027 1906 crura,

186 1929 287 1976 mi
313 1928 464 1976 oculos
480 1961 496 1988 ,
527 1928 757 1991 amputari
788 1945 948 1975 manus
979 1930 1118 1975 iussit
1134 1951 1153 1986 ‚-
1184 1938 1227 1975 et
1253 1931 1387 1992 quasi
1416 1930 1551 1976 toties
1580 1930 1820 1987 occideret,
1853 1932 2028 1993 quoties

186 2005 478 2064 vulnerabat,
515 2007 764 2070 paullatim
808 2015 852 2053 et
898 2024 984 2068 per
1025 2006 1230 2069 singulos
1280 2016 1411 2054 artus
1459 2007 1684 2055 laceravit.
1769 2010 1884 2069 Quis
1929 2018 2026 2054 erat

189 2083 326 2130 huius
362 2084 542 2147 imperii
580 2086 820 2132 minister?
861 2086 995 2146 quis,
1037 2086 1131 2130 nisi
1173 2086 1401 2142 Catilina,
1448 2085 1542 2129 iam
1586 2086 1634 2130 in
1676 2104 1801 2133 omne
1836 2088 2029 2148 facinus

187 2177 347 2208 manus
374 2164 624 2208 exercens?
713 2161 774 2209 Cf.
816 2162 966 2208 Florus
1001 2176 1072 2208 ιιι.
1111 2178 1147 2208 c.
1181 2166 1260 2208 21.
1292 2166 1365 2208 26.
1414 2162 1554 2209 valer.
1597 2167 1701 2209 Max.
1736 2176 1799 2210 ιι.
1841 2181 1878 2211 c.
1905 2170 1947 2211 2.
1984 2171 2024 2212 1.

186 2243 340 2286 Ascon.
364 2240 419 2288 ad
444 2242 565 2287 Orat.
595 2241 640 2287 in
670 2249 769 2303 toga
791 2240 916 2286 caud.
950 2257 992 2302 p.
1014 2244 1087 2287 84.
1134 2244 1186 2300 Q.
1214 2240 1362 2286 Cicero
1391 2239 1445 2286 de
1472 2242 1598 2303 petit.
1623 2242 1790 2288 consul.
1820 2259 1856 2287 c.
1875 2247 1920 2288 3.
1953 2248 2025 2290 10.

266 2367 328 2445 (⁸)
372 2368 480 2424 Hoc
513 2375 752 2443 tempore
780 2363 963 2426 Cicero
991 2370 1208 2442 scripsit
1236 2367 1401 2424 libros
1426 2368 1752 2437 rhetoricos,
1794 2390 2023 2444 quorum

186 2467 293 2525 duo
344 2469 408 2525 de
441 2468 741 2525 Inventione
788 2476 915 2524 sunt
956 2470 1297 2542 superstitem
1349 2486 1484 2542 quos
1526 2487 1592 2525 ne
1640 2472 1754 2544 ipse
1806 2473 2022 2545 quidem

185 2568 504 2641 provectiori
542 2575 717 2626 aetate
754 2569 1012 2642 probavit.
1055 2587 1089 2624 ι.
1133 2569 1183 2625 c.
1204 2574 1292 2625 53.
1330 2574 1455 2626 105.

247 2667 436 2729 Quintil.
471 2681 518 2714 11.
551 2685 586 2714 c.
606 2673 677 2715 15.
707 2674 748 2715 5.
802 2671 949 2714 Cicero
976 2669 1190 2731 pluribus
1218 2669 1328 2715 locis
1351 2672 1566 2732 scripsit,
1599 2674 1793 2718 oratoris
1824 2675 2024 2737 officium

185 2760 305 2804 esse,
338 2747 483 2793 dicere
512 2748 715 2809 apposite
740 2744 803 2791 ad
820 2743 1194 2808 persuadendum.
1258 2749 1313 2793 In
1330 2747 1566 2794 rhetoricis
1590 2751 1754 2807 etiam,
1785 2768 1897 2813 quos
1927 2754 2024 2798 sine

187 2823 319 2870 dubio
351 2826 447 2887 ipse
481 2841 566 2870 non
589 2825 782 2886 probat,
807 2825 951 2886 finem
974 2824 1103 2884 facit
1126 2823 1411 2887 persuadere.
1478 2839 1551 2875 1¹1.
1581 2843 1618 2873 c.
1645 2833 1687 2873 1.
1720 2832 1794 2875 20.
1842 2830 2022 2875 Praeci-

174 2918 324 2964 puum
357 2919 458 2948 vero
490 2903 636 2948 lumen
665 2903 785 2948 sicut
818 2903 1118 2964 eloquentiae,
1161 2903 1230 2946 ita
1255 2903 1512 2963 praeceptis
1542 2919 1716 2966 quoque
1745 2908 1864 2964 eius,
1898 2908 2023 2954 dedit

185 2981 366 3026 unicum
390 2980 515 3043 apud
540 2981 867 3041 nos-'specimen
890 2981 1078 3038 orandi,
1110 2980 1378 3041 docendique
1403 2981 1625 3026 oratorias
1654 2991 1797 3041 artes,
1829 2987 1889 3030 M.
1918 2986 2020 3030 Tul„

188 3058 302 3104 lius:
339 3067 449 3121 post
487 3075 615 3121 quem
648 3057 790 3103 tacere
831 3059 1203 3105 modestissimum
1224 3058 1355 3119 foret
1371 3092 1385 3114 ,
1425 3058 1518 3102 nisi
1551 3066 1596 3104 et
1630 3060 1875 3106 rhetoricos
1912 3079 2019 3109 suos

185 3137 283 3200 iPse
312 3136 582 3182 adolescenti
613 3135 703 3180 sibi
733 3135 908 3198 elapsos
938 3138 1115 3185 diceret.
1191 3152 1262 3184 111.
1295 3154 1332 3185 c.
1362 3141 1403 3182 6.
1437 3138 1510 3182 58.
1553 3138 1639 3182 Nec
1674 3156 1742 3183 me
1763 3139 1938 3198 fallit,
1969 3142 2019 3188 in

178 3217 327 3277 primo
363 3217 584 3261 Ciceronis
615 3216 831 3260 rhetorico
873 3215 1011 3261 aliam
1051 3233 1146 3262 esse
1181 3216 1267 3261 loci
1312 3214 1551 3277 negotialis
1587 3215 2017 3278 interpretationem,

184 3311 324 3356 quum
356 3295 425 3339 ita
453 3295 670 3355 scriptum
697 3294 760 3337 sit
786 3295 844 3352 [c.
874 3298 946 3340 11.
981 3298 1079 3354 14.]
1112 3293 1395 3355 »Negotialis
1422 3301 1492 3338 est
1506 3294 1553 3349 ,’'
1582 3300 1665 3339 cet.
1698 3321 1758 3329 —
1790 3297 1884 3341 Sed
1901 3300 2023 3359 quod

187 3373 336 3434 ipsius
356 3373 418 3418 de
454 3373 525 3418 luis
557 3372 686 3417 libris
712 3371 930 3418 iudicium
951 3373 1106 3433 suerit
1120 3407 1136 3431 ,
1168 3387 1306 3433 supra
1333 3369 1449 3417 dixi.
1511 3372 1629 3416 Sunt
1654 3374 1772 3418 enim
1801 3375 1924 3420 velut
1953 3395 2019 3422 re·

182 3459 335 3509 gestae
363 3451 411 3497 in
445 3451 523 3496 laos
556 3451 914 3509 commentarios,
946 3469 1058 3512 quos
1088 3451 1341 3498 adolescens
1367 3448 1636 3508 deduz-erat,
1667 3451 1879 3498 scholaee·
1902 3463 1946 3500 et
1977 3458 2018 3499 si

1571 3526 1675 3576 38*
